5378 7098
629 663 670 724 30
1295 633 1458 704 oonnx
1497 631 1729 704 cluensis
1867 727 1870 736 Ι

584 892 685 964 derat
699 889 830 958 maioni
846 883 999 954 castaldo
1015 879 1187 965 congnato
1202 878 1236 945 et
1252 878 1404 944 barbano
1426 893 1497 952 sue,
1517 878 1555 942 ut
1578 877 1655 960 post
1677 875 1834 942 hobitum
1858 877 1967 962 ipsius
1989 878 2124 948 dauferi
2140 879 2352 950 distribuere
2375 903 2435 970 pro

451 1098 460 1112 ,
585 1046 661 1114 eius
675 1042 793 1111 anima
806 1042 879 1107 tres
894 1035 1057 1113 caballos,
1076 1033 1111 1100 et
1126 1030 1195 1098 due
1210 1030 1376 1104 tumente,
1395 1029 1430 1094 et
1446 1029 1522 1094 octo
1537 1025 1664 1095 solidos
1679 1027 1893 1096 costantinus
1908 1037 1943 1098 et
1959 1037 2031 1099 una
2046 1048 2204 1102 corcoma
2217 1033 2264 1121 ⁴);
2282 1053 2385 1121 quam
2406 1041 2437 1105 θῖ

586 1197 663 1283 pest
679 1196 752 1265 eius
767 1193 923 1261 hobitum
940 1193 1017 1276 ipsa
1033 1191 1152 1257 aloara
1167 1202 1258 1252 uror
1273 1183 1382 1269 ipsius
1398 1183 1554 1250 monceio
1568 1181 1673 1249 iudici
1690 1185 1725 1250 et
1747 1181 1901 1252 imelaita
1923 1203 2031 1256 uxore
2053 1186 2202 1268 talarici,
2221 1193 2281 1274 qui
2303 1189 2438 1260 fuerunt

585 1367 722 1419 sorores
737 1346 846 1433 ipsius
860 1340 1006 1419 dauferi,
1024 1338 1110 1407 dare
1133 1335 1242 1421 ipsius
1265 1333 1395 1402 maioni
1418 1333 1672 1419 quinquaginta
1695 1333 1822 1402 solidos
1845 1337 2067 1418 costantinus,
2086 1340 2123 1406 ut
2145 1358 2209 1426 pro
2233 1341 2306 1410 eius
2330 1345 2440 1411 anima

584 1502 656 1570 illis
672 1499 891 1574 distribuere,
910 1493 1038 1579 etpost
1054 1489 1181 1558 obitum
1198 1486 1309 1572 ipsius
1324 1485 1539 1570 radelgrime
1554 1485 1599 1553 ad
1613 1486 1687 1571 ipse
1702 1504 1840 1557 sorores
1856 1489 2040 1575 pervenire
2063 1493 2235 1575 potestate
2257 1495 2371 1562 omnis
2392 1513 2442 1563 re-

589 1656 652 1722 bus
667 1654 817 1729 illorum,
832 1649 1013 1734 sceptuata
1027 1641 1179 1721 mobilia,
1193 1643 1227 1708 et
1238 1659 1356 1709 omnes
1371 1641 1489 1708 serbos
1504 1641 1538 1708 ct
1552 1639 1698 1709 ancillas
1714 1639 1868 1725 ipsorum
1884 1644 1989 1712 matri
2004 1647 2038 1712 et
2052 1644 2136 1724 filie,
2154 1647 2443 1734 qualitercumque

586 1805 724 1874 illorum
741 1799 955 1888 pertinentes
969 1796 1119 1872 fuerunt,
1138 1791 1239 1860 liberi
1261 1789 1409 1858 absoluti
1432 1793 1680 1875 permanerent
1696 1792 1824 1876 absque
1839 1793 1933 1860 omni
1949 1793 2310 1876 conclusionemque
2324 1799 2444 1868 mobile

587 1974 692 2043 quam
707 1945 911 2040 reliquerint
927 1949 1001 2036 ipse
1016 1949 1108 2016 maio
1124 1947 1177 2013 vel
1194 1945 1254 2013 ille
1269 1945 1384 2022 home,
1403 1945 1487 2028 aput
1509 1961 1611 2029 quem
1627 1942 1691 2012 iste
1706 1943 1874 2030 scriptum
1898 1948 2066 2030 paruerit,
2081 1967 2145 2034 pro
2168 1950 2307 2018 illorum
2330 1951 2444 2020 salutis

587 2107 704 2176 anime
718 2103 937 2180 distribuere,
957 2103 992 2168 et
1006 2097 1152 2184 qualiter
1164 2096 1207 2166 de
1218 2098 1332 2163 cumta
1343 2114 1408 2182 que
1425 2093 1661 2180 prodisserant
1672 2113 1736 2181 per
1748 2095 1818 2164 illis
1832 2095 1950 2164 datum
1967 2100 2136 2182 paruerit,
2151 2099 2252 2169 firme
2266 2101 2301 2168 et
2312 2101 2443 2168 stabilis

591 2261 824 2346 permaneret,
842 2257 877 2324 et
892 2255 978 2322 aliut
1000 2251 1197 2321 continebat
1211 2250 1249 2317 in
1266 2249 1341 2334 ipso
1365 2248 1564 2317 iudicatum.
1583 2249 1686 2315 etiam
1709 2251 1744 2356 et
1767 2249 1984 2334 obligaberat
2005 2251 2148 2320 heredes
2169 2270 2260 2332 suas,
2278 2256 2317 2319 ut
2339 2251 2370 2320 si
2391 2269 2444 2321 eos

589 2413 768 2482 remoberc
785 2406 984 2493 quesierint,
1003 2419 1209 2488 componere
1225 2400 1289 2479 illi,
1307 2398 1473 2468 adbersus
1489 2417 1588 2485 quem
1604 2398 1685 2467 inde
1708 2401 1867 2469 contrare
1883 2402 2079 2488 quesierint,
2097 2406 2234 2470 centum
2249 2403 2375 2474 solidos
2396 2423 2447 2472 ce-

590 2565 764 2635 stautinos
778 2564 812 2633 et
827 2561 902 2630 eius
918 2556 1051 2645 questio
1068 2555 1174 2624 tacita
1187 2556 1221 2623 et
1236 2571 1346 2622 vacua
1363 2552 1440 2622 inde
1455 2556 1719 2638 permanerent:
1738 2555 1869 2640 scripto
1885 2555 2073 2624 iudicatum
2090 2557 2202 2642 ipsum
2225 2575 2288 2642 per
2314 2558 2447 2626 theode-

593 2721 688 2788 ricus
704 2717 862 2788 notarius
877 2687 1320 2782 roboratum'sufficientcr.
1340 2726 1417 2774 cum
1436 2679 1504 2794 quo
1519 2707 1710 2777 iudicatum
1725 2709 1837 2794 ipsum
1857 2711 2020 2779 relectum
2044 2714 2106 2790 θεῖ,
2125 2711 2270 2780 dicebad
2293 2713 2369 2798 ipse
2392 2731 2448 2797 pe-

590 2873 676 2950 trus,
695 2873 732 2938 ut
746 2869 823 2955 ipsa
838 2866 1054 2952 radelgrima
1070 2863 1170 2931 modo
1187 2862 1333 2931 defunta
1349 2861 1466 2940 fuisse,
1481 2863 1517 2930 et
1532 2861 1670 2946 quando
1686 2863 1723 2929 in
1738 2864 1816 2948 ipsa
1832 2861 2035 2930 infirmitate
2051 2861 2193 2931 iacebad
2207 2861 2298 2932 unde
2309 2863 2447 2931 defunta

592 3022 709 3102 fuisse,
727 3023 761 3089 et
775 3019 911 3106 quando
927 3018 964 3086 in
975 3017 1053 3103 ipsa
1068 3017 1272 3084 infirmitate
1288 3015 1430 3082 iacebad
1449 3014 1540 3081 unde
1555 3014 1697 3082 defunto
1712 3015 1775 3092 est,
1795 3013 1957 3082 iudicabit
1973 3018 2008 3082 et
2024 3016 2071 3083 im
2088 3033 2227 3085 manum
2251 3017 2338 3084 milri
2362 3035 2448 3083 com-

593 3173 701 3253 misit,
719 3176 759 3240 ut
773 3189 914 3240 causam
930 3170 1005 3238 eius
1020 3169 1144 3236 tollere
1160 3170 1194 3234 ct
1210 3183 1275 3250 pro
1291 3165 1367 3232 eius
1384 3165 1501 3230 anima
1518 3163 1601 3231 illud
1618 3163 1703 3232 dare
1720 3164 1756 3230 in
1771 3163 1915 3233 ecclesia
1930 3164 2042 3233 sancti
2058 3166 2221 3246 massimi,
2241 3165 2301 3234 ubi
2317 3167 2449 3252 perillo

591 3346 653 3411 per
671 3293 838 3409 scriptum
853 3323 972 3390 datum
988 3321 1060 3388 est:
1080 3319 1223 3401 insuper
1240 3318 1275 3384 et
1291 3314 1427 3383 dicebat
1443 3315 1551 3400 ipsius
1568 3317 1734 3394 monceio,
1755 3317 1792 3382 ut
1807 3317 1890 3400 aput
1906 3335 1942 3384 se
1963 3318 2065 3386 abere
2088 3317 2131 3385 dc
2146 3335 2248 3388 causa
2257 3317 2375 3403 ipsius
2397 3334 2450 3384 ra·

595 3478 779 3564 delgrime‚
798 3493 932 3552 aurum,
950 3473 1147 3556 argentum,
1167 3486 1313 3554 pannos,
1332 3470 1367 3536 et
1379 3467 1542 3535 animalia
1557 3471 1591 3536 et
1606 3469 1702 3537 balla
1725 3468 1878 3548 mobilia,
1897 3471 2097 3554 querebant,
2112 3473 2151 3537 ut
2166 3471 2245 3538 illut
2260 3473 2383 3540 tollere
2404 3475 2446 3542 et.

595 3629 684 3697 sicut
700 3626 828 3695 dictum
845 3627 907 3702 est,
922 3640 987 3708 pro
1003 3623 1075 3691 eius
1090 3619 1208 3688 anima
1219 3619 1297 3687 illut
1312 3617 1349 3686 iu
1361 3619 1435 3704 ipsa
1446 3619 1591 3687 ecclesia
1602 3619 1737 3687 darent.
1754 3619 1829 3705 ipse
1844 3622 2003 3688 moncola
2013 3619 2128 3700 dicsit,
2143 3626 2181 3688 ut
2193 3621 2235 3691 de
2247 3639 2368 3690 omnes
2383 3640 2449 3688 mo-

505 3873 509 3880 ·
597 3777 673 3856 bili,
688 3777 855 3862 quantum
871 3775 946 3860 ipso
960 3771 1147 3840 iudicatum
1160 3769 1313 3838 continet
1325 3771 1360 3837 ct
1372 3773 1538 3855 quantum
1555 3770 1621 3838 fuit
1633 3771 1786 3854 ipsorum
1799 3769 1932 3839 dauferi
1943 3773 1979 3839 et
1990 3771 2215 3858 radelgrime,
2229 3774 2363 3841 nullam
2374 3774 2449 3842 inde

596 3931 817 4014 contrarent;
831 3929 865 3994 et
881 3924 1114 3994 manifestabit
1129 3917 1178 4002 se,
1191 3926 1230 3992 ut
1241 3925 1335 3992 nollo
1350 3922 1489 3990 modum
1505 3923 1631 3991 exinde
1647 3941 1789 3993 causare
1804 3927 1865 3993 aut
1876 3924 2083 3996 contendere
2097 3943 2168 3995 non
2183 3929 2357 4012 potarent:
2377 3944 2450 4013 pre

596 4086 650 4150 ter
666 4081 798 4148 dicebat
812 4083 915 4147 abere
939 4077 1019 4145 inde
1042 4095 1148 4144 unum
1173 4075 1355 4153 caballum,
1382 4073 1471 4160 qued
1496 4075 1574 4160 ipsa
1596 4075 1812 4159 radelgrima
1834 4076 1866 4144 ei
1889 4076 2036 4146 donasse
2058 4079 2093 4145 et
2108 4077 2151 4146 de
2166 4077 2241 4163 ipso
2264 4079 2450 4184 iudicatum

596 4234 790 4312 contrabat,
810 4234 849 4298 ut
864 4231 932 4315 ipsi
947 4230 1037 4299 serbi
1052 4227 1161 4314 ipsius
1176 4227 1278 4296 uxori
1295 4245 1356 4295 sue
1372 4246 1456 4294 exse
1472 4227 1686 4312 pertinentes
1703 4247 1767 4312 pro
1781 4231 1907 4313 quarta
1923 4229 2122 4308 imelsende‚
2142 4230 2234 4299 etde
2250 4231 2330 4316 ipsa
2352 4234 2452 4298 rebus

596 4387 717 4454 stabile
732 4385 866 4454 dicebat
881 4383 993 4452 eidem
1009 4381 1112 4449 uxori
1129 4400 1190 4449 sue
1206 4382 1393 4465 pertinere.
1414 4382 1504 4449 uude
1520 4381 1750 4450 iudicabimus
1765 4384 1800 4448 et
1814 4400 1878 4467 per
1894 4384 2012 4467 partes
2027 4383 2097 4451 illis
2111 4381 2281 4468 guadiare
2297 4383 2450 4460 fecimus,

599 4541 638 4603 ut
655 4537 729 4622 ipse
745 4537 904 4603 moncola
919 4534 960 4604 de
977 4535 1053 4620 ipso
1068 4534 1239 4602 caballum
1255 4531 1372 4599 iurare
1387 4531 1573 4600 secundum
1589 4533 1716 4619 legem,
1735 4535 1769 4601 et
1785 4533 1827 4600 de
1843 4533 1910 4620 ipsi
1927 4533 2019 4601 serbi
2035 4536 2070 4601 et
2086 4533 2224 4601 ancillis
2246 4533 2341 4602 etde
2356 4537 2454 4601 rebus

601 4689 726 4756 stabile
741 4688 913 4773 plicarent
928 4705 968 4755 se
989 4705 1066 4753 cum
1090 4685 1162 4753 suis
1185 4683 1379 4754 rationibus
1393 4687 1428 4754 et
1443 4685 1533 4754 iusta
1556 4687 1670 4770 legem
1693 4685 1783 4756 inter
1806 4704 1844 4754 se
1865 4685 1947 4753 inde
1964 4685 2069 4754 finem
2086 4686 2248 4754 facerent.
2267 4685 2360 4756 unde
2382 4686 2455 4771 ipse

603 4842 762 4909 moncola
779 4841 892 4926 posuit
910 4839 1134 4908 mediatorem
1149 4838 1379 4924 truppoaldus
1392 4839 1487 4908 filius
1503 4839 1665 4920 moraldi,
1683 4842 1718 4908 et
1740 4841 1815 4926 ipse
1832 4842 1953 4925 petrus
1968 4839 2084 4926 posuit
2104 4839 2136 4908 ai
2161 4838 2397 4908 mediatorem.
2422 4841 2454 4906 et

602 4992 716 5061 taliter
729 4991 882 5062 scribere
897 4991 1040 5060 fecimus
1056 4993 1090 5058 te
1105 4989 1295 5059 madelmus
1310 4990 1477 5069 notarius,
1497 4990 1555 5076 qui
1573 4989 1774 5058 interfuisti.

660 5123 790 5232 †nco
808 5130 862 5215 iis
885 5146 1053 5216 paraus
1078 5149 1209 5216 ruonx

660 5271 688 5384 †
704 5317 771 5384 ego
787 5298 846 5384 qui
862 5317 969 5383 supra
985 5297 1091 5383 gaido
1107 5297 1224 5366 iudex.

662 5591 685 5660 1)
702 5588 891 5644 corcordare!
907 5604 1049 5657 curemur,
1067 5587 1140 5644 idest
1155 5587 1321 5660 capistrum.
