5378 7098
413 2465 531 2557 Orsis
578 2465 767 2554 Codicern
813 2461 1039 2550 Caucaseae
1074 2464 1197 2551 edere
1240 2463 1280 2548 id
1321 2463 1504 2579 primum
1546 2466 1668 2553 nobis
1710 2465 1932 2553 consilium
1973 2465 2079 2564 snit,
2121 2465 2183 2551 uti

327 2661 478 2736 cuncta
514 2647 860 2763 perantiquarum
903 2644 1143 2731 chartarum
1185 2644 1313 2732 series
1349 2646 1427 2732 hoe
1465 2645 1594 2732 altero
1623 2646 1840 2734 volumine
1880 2647 2180 2734 contineretur:
2307 2651 2311 2660 '

251 2905 259 2912 .
329 2843 386 2930 at,
427 2830 541 2945 quod
582 2842 672 2916 erat
712 2829 754 2915 in
797 2829 918 2928 votis,
964 2827 1138 2913 minime
1175 2829 1393 2916 absolvere
1435 2827 1566 2915 licuit.
1607 2830 1777 2932 Etenim
1805 2829 2020 2917 Tabularii
2051 2831 2183 2919 nostri

328 2993 483 3097 scrinia
524 3024 585 3097 tot
625 3010 779 3098 decimi
827 3009 985 3096 saeculi
1023 3009 1288 3096 documentis
1330 2965 1596 3108 redundant,
1622 3014 1698 3112 uti,
1743 3039 1796 3098 ne
1833 3012 2062 3126 praesentis
2092 3041 2181 3098 mo·

328 3196 389 3282 les
428 3195 522 3310 plus
564 3221 701 3307 aequo
742 3204 993 3291 succrescat,
1035 3191 1273 3305 insequenti
1315 3193 1549 3293 volumini,
1585 3221 1695 3306 quae
1741 3193 1877 3280 adhuc
1920 3207 2181 3308 supersunt,

329 3376 588 3462 committere
630 3402 848 3490 cogamur.
893 3377 1092 3461 Attamen
1135 3402 1184 3460 ea
1229 3375 1320 3488 ipsa
1352 3389 1515 3462 vetusta
1546 3360 1814 3473 documenta,
1840 3376 2043 3462 hactenus
2077 3376 2184 3489 typis

330 3556 541 3670 evulgata,
581 3569 644 3643 sat
684 3557 856 3644 luminis
894 3556 1164 3672 portendunt,
1197 3585 1281 3670 quo
1321 3557 1487 3656 eruditi,
1516 3557 1761 3672 antiquioris
1782 3534 2074 3646 Aevi-occulta
2095 3570 2184 3644 ten-

330 3747 479 3836 tantes
509 3735 767 3824 salebrosum
790 3737 868 3822 iter
899 3735 1114 3823 irradient.
1140 3737 1305 3852 Quippe
1338 3765 1446 3852 quae
1479 3737 1729 3824 documenta
1750 3736 1858 3824 binis
1895 3737 2184 3824 voluminibus

333 3914 376 4048 in
413 3915 553 4004 lucem
575 3918 824 4032 produntur,
860 3917 1017 4005 allatim
1039 3919 1239 4004 materiae
1272 3918 1481 4006 derebus
1508 3909 1716 4006 unive'rsis
1743 3920 2045 4035 praeseferunt,
2078 3947 2187 4034 quae

328 4097 485 4210 publici
519 4097 643 4196 Iuris,
689 4099 974 4187 Oeconomiae
1019 4099 1200 4198 socialis,
1240 4112 1279 4186 et
1321 4101 1687 4188 Consuetudinum
1719 4115 1914 4187 naturam
1955 4101 2179 4213 attingunt.

330 4279 486 4391 Atque,
512 4279 693 4402 etiamsi,
719 4281 762 4365 in
796 4291 909 4366 tanta
942 4281 1180 4367 chartarum
1213 4271 1422 4397 congerie,
1447 4307 1697 4395 numquam,
1723 4281 1789 4366 vel
1811 4306 1905 4366 raro
1938 4279 2183 4376 admodum,

335 4460 522 4573 speciosa
552 4461 733 4548 formula
765 4475 981 4562 occurrat;
1017 4490 1087 4548 eas
1118 4477 1259 4550 tamen
1292 4465 1456 4550 naviter
1486 4461 1815 4562 consulentibus
1841 4487 1948 4575 quae
1980 4460 2031 4547 de
2060 4461 2189 4547 maio-

336 4667 430 4724 rum
473 4640 621 4728 usibus
662 4641 949 4730 Historiarum
978 4645 1201 4758 scriptores
1231 4645 1464 4758 inquirunt,
1489 4645 1598 4730 ultro
1631 4641 1873 4729 obvenient.
1899 4643 1971 4737 At,
2002 4639 2081 4724 nisi
2105 4639 2190 4727 No·
2252 4691 2264 4702 ·

335 4819 538 4906 tariorum
580 4821 857 4911 instrumenta
899 4823 1093 4940 religiose
1133 4826 1353 4941 explanata
1389 4825 1638 4924 ederentur,
1683 4822 1955 4939 permulta,
1997 4848 2105 4934 quae
2147 4819 2191 4904 in

298 4997 300 5007 ‘
335 4999 462 5088 rebus
505 5005 845 5104 commodandis,
887 5007 1064 5122 negotiis
1103 5008 1390 5124 peragendis,
1435 5007 1736 5121 promissisque
1778 5003 1995 5090 servandis
2032 5001 2192 5087 institui

336 5181 540 5282 solebant,
586 5185 752 5298 penitus
780 5185 973 5284 laterent,
1018 5215 1153 5302 eoque
1194 5187 1408 5274 Historiae
1449 5185 1655 5274 firmiores
1697 5185 1854 5272 indices
1896 5183 2099 5270 delerent.
2141 5183 2195 5268 Et

338 5362 556 5471 quoniam,
601 5363 823 5451 historicae
864 5367 1028 5453 veritati
1072 5367 1361 5469 inservientes,
1401 5395 1491 5454 rem
1528 5367 1612 5455 iam
1651 5364 1940 5481 magnitudine
1972 5390 2049 5448 sua
2080 5360 2195 5448 labo·

337 5553 502 5626 rentem
535 5545 813 5658 suscepimus,
854 5547 967 5633 haud
999 5548 1140 5634 hercle
1170 5548 1427 5649 mirandum,
1467 5549 1502 5634 si
1531 5561 1590 5634 tot
1618 5547 1887 5642 documenta,
1912 5541 2105 5656 quamvis
2129 5567 2196 5627 ea·

296 5765 297 5768 ¹
338 5719 433 5807 dem
475 5723 656 5811 formula
697 5755 908 5843 expressa,
953 5757 1030 5816 nos
1071 5731 1180 5846 typis
1222 5730 1388 5817 tradere
1430 5745 1646 5844 tantopere
1689 5727 1878 5814 delectet.
