5286 7098
973 591 1345 697 urruousrrous
1979 607 2038 668 nv

225 849 279 913 ius
302 849 435 914 honore
459 846 572 913 altare
594 841 789 910 dedicatum
817 839 870 905 est
891 837 928 904 in
952 835 1071 903 eadem
1095 833 1252 912 ecclesia,
1273 834 1316 902 de
1339 836 1417 918 ipsa
1433 836 1533 902 rebus
1549 838 1669 904 nostra
1684 836 1727 904 de
1743 836 1864 904 eadem
1881 835 2006 904 tinibus
2022 855 2085 902 nu·
2117 921 2123 930 υ

224 1000 315 1068 cerie
330 1002 450 1082 supter
473 999 585 1064 locum
607 995 668 1081 qui
690 992 817 1060 dicitur
841 993 965 1064 casole,
987 1005 1058 1056 non
1081 991 1226 1055 multum
1250 1006 1272 1054 a
1295 1003 1403 1072 supra
1421 989 1532 1055 locum
1551 989 1773 1065 barbaciano,
1791 1008 1855 1075 per
1871 1008 1910 1057 as
1926 989 2023 1057 fines:
2041 988 2084 1056 de

228 1149 341 1236 capite
363 1149 434 1216 fine
458 1147 501 1214 de
524 1143 670 1214 heredes
695 1143 781 1220 sadi,
807 1147 843 1210 et
864 1141 907 1208 de
927 1140 1060 1208 duobus
1075 1136 1232 1224 partibus
1255 1140 1325 1206 flue
1346 1137 1404 1206 bia
1426 1137 1587 1222 publica:
1613 1139 1744 1207 dealia
1763 1141 1947 1226 parietina
1969 1141 2085 1227 predi-

228 1304 282 1368 cte
297 1297 464 1385 ecclesie3
482 1299 552 1364 alia
568 1298 668 1382 pecia
683 1297 763 1364 abet
789 1294 894 1361 finis:
920 1292 963 1360 de
985 1310 1056 1359 una
1078 1294 1178 1376 parte
1201 1291 1268 1359 fine
1291 1290 1367 1375 ipsa
1390 1290 1448 1357 bia
1472 1241 1633 1374 publica:
1660 1290 1703 1358 de
1725 1293 1797 1360 alia
1819 1294 1920 1376 parte
1942 1292 2085 1378 116616-

223 1455 293 1522 sius
315 1453 456 1521 ecclesie
473 1453 509 1518 et
523 1452 694 1535 pertange
709 1447 752 1514 ad
766 1447 835 1514 fine
850 1446 891 1515 de
906 1445 1050 1514 heredes
1067 1445 1221 1514 maurusi
1236 1464 1244 1508 ε
1264 1444 1305 1512 16
1320 1445 1390 1512 alia
1405 1445 1504 1529 parte
1520 1443 1589 1514 line
1604 1443 1647 1512 de
1664 1443 1808 1513 heredes
1831 1445 1973 1530 giraldi,
1992 1447 2079 1532 quod

223 1605 255 1671 ei
272 1622 294 1670 a
310 1602 441 1688 palatio
458 1617 656 1669 concessum
672 1597 758 1665 fuit:
784 1597 827 1664 de
851 1597 921 1664 alia
937 1598 1037 1680 parte
1054 1595 1124 1663 fine
1140 1597 1282 1663 bassalli
1304 1597 1339 1662 et
1355 1596 1424 1664 fine
1449 1595 1537 1679 petri
1555 1594 1647 1662 lilius
1666 1595 1835 1662 ademari.
1854 1595 1897 1663 de
1913 1597 1978 1663 heo
2000 1613 2083 1705 vero

227 1770 282 1818 res
313 1751 409 1817 intra
430 1725 668 1834 suprascripte
690 1748 770 1816 linis
793 1747 912 1814 inclita
937 1748 1056 1814 nostra
1078 1747 1242 1823 sortione,
1268 1745 1357 1830 quod
1380 1747 1432 1811 est
1454 1747 1615 1830 quartam
1638 1749 1796 1831 partem,
1821 1749 1858 1812 in
1880 1746 1997 1816 eadem
2030 1765 2097 1815 66-Ὶ

226 1899 331 1966 alesia
353 1901 390 1967 in
416 1897 536 1966 eodem
559 1899 670 1966 altare
696 1896 807 1964 sancti
832 1893 1062 1962 bartholomei
1085 1895 1286 1962 offeruimus
1309 1894 1352 1962 ad
1377 1895 1546 1962 securiter
1569 1903 1604 1962 et
1623 1895 1770 1962 firmiter
1794 1894 1917 1963 amodo
1940 1897 1975 1963 et
1996 1880 2084 1964 sem-

224 2068 286 2132 per
320 2049 468 2118 domnus
501 2049 674 2116 martinus
697 2005 802 2114 abbas
824 2046 933 2130 ipsius
959 2045 1104 2113 ecclesie
1134 2047 1274 2130 eiusque
1296 2047 1552 2114 successoribus
1579 2047 1656 2113 illut
1685 2046 1877 2120 abendam.
1905 2046 2081 2131 possiden-

230 2201 324 2278 dum,
349 2201 612 2278 dominandum,
637 2199 756 2266 omnia
780 2197 907 2264 exinde
929 2195 1123 2264 faciendum
1151 2196 1240 2281 quod
1260 2198 1428 2282 voluerit3
1456 2201 1490 2266 et
1512 2197 1743 2282 obligavimus
1765 2217 1829 2266 666
1851 2199 1962 2265 mater
1986 2199 2084 2264 6111-

226 2357 273 2422 116
293 2361 328 2424 61
350 2357 478 2424 nostris
500 2357 686 2425 heredibus
710 2355 832 2422 amodo
853 2359 888 2424 61
910 2373 1045 2440 semper
1068 2355 1305 2423 antistandum
1330 2360 1365 2424 61
1388 2356 1634 2424 16166666166(
1662 2357 1700 2424 16
1721 2355 1841 2423 eadem
1870 2355 2011 2423 ecclesia
2046 2359 2081 2424 61

222 2509 266 2575 61
290 2510 365 2576 6166
387 2513 541 2578 rectores
564 2509 683 2578 inolita
707 2509 906 2594 supradicta
930 2515 1052 2576 nostra
1078 2510 1259 2576 offertione
1282 2509 1328 2575 da
1351 2509 1463 2577 omnis
1487 2510 1644 2576 homines
1670 2507 1830 2592 omnique
1852 2507 2019 2592 partibus.
2037 2501 2081 2592 ³1⁴)

225 2657 386 2743 Sequitur
415 2617 574 2728 cousvvcta
597 2649 778 2742 samua:
805 2663 899 2730 Etsi
924 2660 1040 2728 taliter
1075 2676 1146 2728 666
1175 2659 1468 2728 defensaverimus
1484 2662 1548 2728 etc.
1577 2658 1736 2730 1161666
1759 2661 1863 2742 pactu
1877 2675 1944 2724 pou
1959 2627 2079 2738 select,
2123 2709 2124 2712 ,

220 2812 390 2880 multatur
405 2815 540 2880 centum
557 2814 674 2881 aurcis
689 2813 805 2880 solidis
819 2813 1132 2899 couduutiutupis).
1150 2816 1194 2880 Et
1208 2814 1324 2880 taliter
1339 2811 1488 2882 scribere
1502 2813 1704 2897 rogavimus
1718 2815 1751 2882 te
1775 2815 1894 2898 petrus
1911 2813 2077 2887 notarius.

184 3054 2171 3456 &nummatampapmff

281 3464 311 3578 †
328 3508 395 3578 ego
411 3497 543 3579 petrus.

1059 3871 1259 3951 ceux.

1017 4085 1071 4160 A.
1111 4084 1162 4162 n.
1200 4083 1304 4200 666.
1395 4125 1399 4132 -

287 4278 374 4414 †ln
390 4327 531 4394 nomine
552 4299 683 4393 domini
707 4327 883 4394 tricesimo
905 4329 1004 4394 sexto
1028 4345 1122 4394 anno
1145 4311 1359 4413 principatus
1382 4328 1500 4395 domni
1525 4329 1635 4396 nostri
1659 4329 1800 4413 paldolli
1816 4331 1961 4414 gloriosi
1988 4332 2092 4417 priu-¹

221 4480 313 4565 cipis
329 4483 364 4547 et
378 4480 493 4565 primo
509 4497 601 4546 anno
616 4479 835 4564 principatus
850 4479 922 4546 eius
938 4479 1079 4552 salerni,
1091 4481 1126 4546 et
1141 4481 1261 4564 quinto
1278 4499 1370 4548 anno
1387 4481 1603 4566 principatus
1619 4480 1734 4547 domni
1750 4481 2080 4566 6611611616611116,

222 4647 343 4699 mense
365 4631 560 4698 februarius
582 4631 730 4716 septima
752 4630 954 4698 indictione.
973 4633 1255 4699 memoratorium
1279 4635 1371 4699 lactu
1394 4651 1415 4699 a
1438 4651 1493 4699 me
1516 4651 1617 4701 ursus
1639 4631 1837 4701 atrianense
1860 4635 1954 4702 filius
1977 4653 2085 4721 quon-

221 4783 307 4850 dam
330 4784 456 4850 marini
476 4783 594 4862 iudici,
612 4773 858 4867 6666616616
874 4785 1060 4870 subscripti
1077 4787 1181 4853 166166
1196 4785 1337 4855 retdidit
1354 4785 1464 4871 adque
1482 4785 1663 4853 adremisit
1678 4785 1721 4852 ad
1738 4788 1942 4871 potestatem
1956 4788 2028 4856 ursi
2044 4789 2085 4856 ll-

220 4893 1103 5020 111661616611666161161666666116,6161661616
1126 4939 1332 5005 consobrino
1356 4939 1447 5005 frate
1473 4956 1533 5006 suo
1556 4938 1628 5006 filio
1655 4938 1798 5006 iohanni
1821 4941 1945 5007 nobem
1969 4944 2083 5007 cartu-

204 5051 530 5155 ’16666611666166
554 5085 597 5153 de
619 5088 732 5152 locum
756 5087 858 5165 vetri,
885 5088 974 5172 quod
997 5091 1077 5155 ante
1101 5105 1139 5156 cs
1163 5068 1237 5156 1166
1261 5089 1348 5156 mihi
1372 5051 1566 5156 monimina
1588 5089 1667 5174 ipsa
1689 5087 1756 5173 ipsi
1780 5089 1920 5174 genitor
1943 5089 2081 5156 illorum

225 5254 292 5321 pro
322 5238 532 5306 causandum
556 5238 672 5305 datam
697 5239 792 5304 abuit
814 5239 857 5305 de
880 5239 1033 5324 predicta
1050 5241 1153 5308 rebus
1175 5239 1217 5308 de
1241 5243 1353 5308 locum
1377 5240 1511 5327 veteri;
1537 5239 1637 5306 modo
1658 5239 1814 5324 quidem,
1840 5243 1878 5306 ut
1900 5229 2073 5318 dissitum,

280 5459 303 5528 'l
318 5457 397 5514 Satis
411 5474 556 5532 superque
570 5460 624 5516 erit
638 5461 696 5516 buc
709 5476 802 5534 usque
818 5461 995 5518 documenta
1008 5464 1039 5516 in
1053 5461 1200 5534 integrum
1215 5462 1384 5535 protulisse,
1400 5462 1526 5535 ideoque
1547 5477 1585 5516 66
1608 5476 1728 5532 operam
1749 5460 1905 5534 perdamus
1928 5470 1958 5520 61
1979 5464 2081 5536 proelu

221 5564 597 5639 1(661(6161166616(,6666
611 5567 722 5623 centies
735 5567 926 5640 repetivimus
940 5567 1140 5625 conclusionis
1155 5543 1415 5626 instrumentorum
1430 5568 1584 5639 formulas,
1597 5567 1775 5624 omittendas
1788 5568 1910 5625 omnino
1929 5569 2081 5636 duximus,

225 5689 261 5728 ac
275 5680 401 5730 61616166
415 5680 529 5728 tantuna
543 5673 791 5746 compensationis
806 5676 915 5731 multas
931 5674 1101 5734 innuamus.
1870 5668 1873 5674 ’

268 5778 290 5856 'l
314 5775 378 5860 ἐγὼ
400 5777 612 5860 τησηλόἓημος
634 5775 718 5856 ὅσιος
750 5781 885 5866 μοναχὸς
918 5782 1031 5864 papae
1053 5781 1214 5866 ὑπέγραψα

307 5911 365 5968 ego
403 5894 594 5952 teselodimus
628 5897 694 5970 pius
727 5899 890 5956 monachus
928 5897 1010 5956 testis
1044 5899 1214 5972 subscripsi.
