5286 7098
503 683 505 688 Ι
600 591 642 651 m
841 681 843 686 ‚
1001 638 1008 652 .
1267 581 1707 665 coonxctvnusrs

553 825 590 892 in
605 825 718 910 ipsum
737 826 875 892 brebem
891 845 899 889 ε
917 826 993 892 erat
1008 828 1175 912 scriptum
1194 827 1230 894 in
1247 843 1341 895 anno
1356 826 1581 912 nonodecimo
1597 827 1816 913 principatus
1831 827 1951 896 domni
1967 829 2108 915 paldoltl
2124 833 2300 916 gloriosus
2315 837 2408 920 prin·

555 983 649 1064 ceps,
665 980 700 1045 et
715 979 827 1062 primo
844 997 938 1046 anno
953 979 1173 1064 principatus
1187 978 1309 1050 domni=
1322 979 1465 1048 landolfi
1478 978 1599 1048 eximii
1615 979 1766 1065 principi
1784 979 1827 1048 de
1843 999 1959 1049 mense
1976 981 2157 1050 ianuarius
2168 985 2291 1069 quinta
2303 985 2408 1054 indic-

558 1129 652 1197 tione
667 1150 674 1195 :
692 1131 862 1216 scriptum
880 1133 957 1200 erat
972 1149 1035 1218 per
1050 1151 1190 1200 manum
1207 1131 1363 1217 gaideris
1385 1132 1588 1200 subdiaconi
1611 1135 1646 1200 et
1668 1132 1810 1212 notarii,
1829 1137 1864 1202 et
1887 1132 2013 1202 ibidem
2037 1137 2114 1203 erat
2136 1138 2304 1222 scriptum
2328 1139 2407 1208 ilde

558 1283 726 1370 prandus,
744 1303 763 1352 e
784 1285 1025 1371 potelgardus,
1042 1287 1077 1353 et
1092 1283 1254 1370 gualteri,
1273 1288 1307 1352 et
1323 1284 1545 1382 gualdelteri.
1564 1287 1680 1354 Alium
1697 1284 1800 1354 brebe
1815 1286 1858 1354 de
1873 1287 1948 1373 ipsa
1962 1286 2149 1356 dibisiones
2173 1291 2250 1358 abet
2272 1309 2311 1358 ec
2335 1291 2409 1360 finis

380 1455 383 1462 ⁴
433 1507 439 1516 ,
556 1435 807 1504 etmensurie:
826 1435 1570 1523 desuprauocapitednemediatrasenda,
1588 1436 1645 1522 qui
1669 1439 1721 1504 est
1747 1437 1838 1506 inter
1865 1439 1943 1524 ipsa
1970 1456 2051 1508 casa
2077 1457 2152 1508 mea
2179 1442 2214 1509 et
2239 1442 2314 1527 ipse
2339 1461 2411 1514 case

557 1603 691 1665 eorum,
718 1585 807 1671 quod
825 1587 862 1653 in
877 1590 970 1656 sorte
984 1607 1102 1658 eorum
1119 1589 1275 1668 tradidit,
1294 1607 1338 1656 ex
1356 1607 1396 1657 eo
1412 1590 1522 1658 latere
1537 1589 1617 1657 sunt
1631 1589 1736 1674 pedes
1752 1589 1878 1674 biginti
1902 1589 2035 1657 tribus:
2053 1589 2096 1658 de
2119 1609 2188 1659 uno
2211 1593 2327 1677 capite
2349 1593 2413 1661 fine

555 1740 668 1808 medio
683 1742 828 1826 pariete,
847 1745 906 1829 qui
921 1745 973 1812 est
988 1744 1079 1811 inter
1095 1701 1173 1828 ipsa
1188 1762 1268 1811 casa
1284 1761 1360 1810 mea
1375 1745 1410 1810 et
1433 1743 1547 1828 ipsum
1573 1744 1782 1828 applectum,
1802 1742 1892 1827 quod
1919 1743 2025 1810 michi
2054 1745 2221 1812 concessit
2247 1745 2411 1814 radoaldu

557 1892 651 1960 filius
667 1892 865 1972 uerenardi,
883 1913 920 1961 es
935 1891 961 1982 ¹)
978 1913 1019 1962 eo
1035 1895 1147 1979 capite
1163 1896 1245 1962 sunt
1261 1894 1365 1979 pedes
1381 1893 1499 1962 decem
1514 1895 1549 1964 et
1563 1897 1684 1961 nobem
1700 1916 1708 1958 ε
1726 1896 1874 1962 subtano
1898 1893 2009 1980 capite
2030 1895 2099 1962 fine
2123 1897 2200 1980 ipsa
2222 1898 2363 1984 platea;
2380 1915 2413 1965 es

556 2003 598 2114 eo
613 2047 725 2128 latere
740 2048 820 2114 sunt
834 2047 937 2132 pedes
953 2041 1081 2133 biginti'
1094 2048 1207 2115 tribus
1223 2069 1230 2112 :
1249 2047 1292 2114 de
1308 2046 1378 2115 alio
1394 2065 1542 2132 namque
1557 2051 1670 2134 capite
1686 2047 1754 2140 fine
1770 2049 1846 2131 ipsa
1862 2049 1987 2132 platea,
2006 2050 2088 2116 sunt
2110 2047 2216 2132 pedes
2239 2048 2358 2116 decem
2379 2051 2411 2117 et

559 2201 650 2279 octo,
665 2203 701 2267 et
717 2199 789 2284 ipse
803 2200 909 2285 pedes
924 2204 977 2268 est
991 2203 1192 2269 mensurato
1207 2201 1250 2267 ad
1267 2219 1390 2269 manus
1403 2199 1565 2280 hominis,
1580 2205 1614 2268 et
1631 2199 1711 2270 talis
1723 2203 1776 2269 est
1786 2202 1861 2286 ipse
1873 2200 1989 2286 pedes,
2004 2201 2174 2286 quantum
2186 2200 2300 2285 ipsum
2313 2201 2410 2267 brebe

557 2352 595 2417 in
612 2351 727 2436 capite
744 2354 823 2418 abet
837 2351 1070 2432 latitudinem,
1090 2355 1125 2419 et
1137 2355 1214 2420 erat
1229 2353 1396 2436 scriptum
1414 2352 1451 2418 in
1468 2370 1560 2418 anno
1575 2351 1737 2419 vicesimo
1753 2351 1871 2418 domni
1888 2349 2030 2436 paldoltt
2045 2347 2219 2434 gloriosus
2236 2350 2405 2436 princeps,

560 2505 596 2570 et
611 2471 760 2571 secundo
777 2521 870 2570 anno
886 2503 1102 2588 principatus
1116 2501 1235 2570 domni
1251 2504 1393 2571 landolfi
1416 2502 1534 2572 eximii
1557 2503 1728 2589 principis
1751 2503 1794 2571 de
1816 2519 1935 2572 mense
1958 2506 2163 2588 september,
2181 2505 2281 2570 sexta
2304 2501 2407 2569 indic-

558 2656 664 2734 tione,
683 2659 718 2724 et
733 2658 902 2741 scriptum
918 2659 993 2724 erat
1008 2675 1070 2741 per
1086 2675 1227 2723 manum
1245 2655 1411 2741 gaiderisi
1428 2654 1625 2724 subdiaconi
1641 2659 1675 2724 et
1692 2655 1817 2723 notarii
1841 2658 1877 2724 et
1898 2674 1918 2722 a
1941 2655 2085 2723 testibus
2110 2657 2193 2723 bene
2216 2657 2294 2723 erat
2316 2656 2409 2722 robe-

562 2809 660 2878 ratus
677 2809 865 2876 imetancus
882 2808 984 2876 iudex
1000 2810 1034 2876 ot
1050 2808 1199 2893 geldone
1215 2763 1397 2894 presbiter.
1417 2813 1504 2876 Nam
1523 2807 1604 2874 bero
1631 2807 1723 2874 infra
1748 2808 1822 2892 ipse
1849 2805 1929 2874 finis
1956 2805 2100 2872 donabit
2126 2804 2232 2870 michi
2260 2803 2409 2889 predicto

556 2961 686 3030 andree
701 2962 743 3030 de
759 2963 845 3046 ipsis
862 2964 966 3030 rebus
983 2963 1017 3029 et
1032 2961 1122 3030 casis
1138 2964 1212 3046 ipse
1228 2963 1477 3040 castelmanno,
1492 2960 1549 3046 qui
1564 2961 1600 3027 et
1615 2961 1728 3027 cicere
1743 2961 1900 3038 becchet,
1918 2957 2076 3026 inclitam
2088 2959 2248 3042 quartam
2265 2959 2405 3041 partem.

557 3115 735 3201 sicutipse
752 3118 882 3184 cartule
898 3134 972 3182 ruee
988 3118 1068 3184 sunt
1084 3115 1298 3182 continentes
1312 3136 1321 3201 3
1339 3114 1506 3199 simulque
1521 3112 1662 3180 donabit
1677 3112 1784 3179 michi
1802 3113 1875 3197 ipse
1898 3113 2067 3180 iohannes
2091 3109 2262 3196 presbiter
2284 3108 2325 3177 de
2346 3109 2409 3193 ipsi

555 3271 657 3336 rebus
672 3271 706 3335 et
722 3268 823 3344 casis,
839 3269 929 3335 sicut
944 3269 1024 3352 ipse
1035 3269 1165 3334 cartule
1183 3285 1257 3334 mee
1273 3267 1467 3333 continunt.
1483 3265 1583 3332 Modo
1599 3265 1736 3350 quidem
1748 3266 1823 3350 ipse
1836 3266 1968 3332 cartule
1981 3267 2014 3330 et
2027 3264 2095 3348 ipsi
2111 3263 2207 3329 brebi
2218 3261 2405 3338 dibisionis,

556 3425 645 3510 quod
668 3443 775 3510 supra
790 3423 1053 3500 declarabimus,
1072 3427 1106 3489 et
1120 3422 1196 3507 ipsa
1209 3423 1297 3488 alias
1314 3421 1535 3498 moniminas,
1555 3439 1618 3504 que
1635 3419 1778 3504 deipsis
1794 3420 1896 3488 rebus
1924 3420 1960 3486 et
1986 3417 2074 3486 casis
2100 3419 2179 3484 sunt
2204 3415 2410 3501 pertinentes

556 3583 591 3645 et
606 3581 820 3650 continentes
835 3579 923 3664 quod
950 3596 1095 3644 comune
1119 3579 1272 3652 abemus,
1289 3575 1537 3644 recomendabo
1561 3575 1624 3641 tibi
1648 3573 1802 3658 predicto
1825 3574 1897 3640 ursi
1921 3573 1993 3640 filie
2016 3569 2126 3639 ceceri
2144 3591 2154 3657 ;
2173 3570 2263 3637 unde
2286 3567 2410 3653 guadia

559 3729 665 3796 michi
684 3729 813 3798 andree
829 3729 904 3814 ipse
919 3729 1098 3814 predictus
1115 3747 1217 3808 ursus
1233 3720 1260 3816 ²)
1274 3731 1308 3795 et
1324 3727 1551 3795 mediatorem
1567 3725 1676 3792 michi
1692 3725 1807 3810 posuit
1822 3726 1911 3791 soleo
1926 3721 1997 3790 filio
2014 3719 2169 3788 radoaldi
2181 3739 2220 3785 oc
2237 3719 2410 3795 linerent

558 3881 814 3968 qualiscumque
831 3885 986 3967 tempore
1001 3899 1137 3950 necesse
1152 3881 1250 3947 nobis
1266 3880 1371 3948 tuerit
1386 3879 1429 3946 ad
1447 3877 1659 3945 causandum
1677 3877 1770 3961 ipsas
1787 3875 1976 3941 monimina
1990 3893 2067 3940 cnm
2080 3873 2154 3958 ipse
2166 3871 2312 3949 cartule,
2326 3867 2408 3953 qnod

556 4057 666 4124 supra
678 4038 945 4116 declarabimus
964 4055 1028 4105 nos
1044 4040 1078 4106 et
1094 3989 1223 4104 nostris
1240 4033 1426 4103 heredibus
1442 4033 1518 4117 ipse
1533 4034 1568 4100 et
1583 4049 1663 4099 snos
1679 4031 1823 4100 heredes
1838 4033 1934 4098 salbe
1948 4030 2034 4114 aput
2047 4045 2111 4096 nos
2127 4025 2279 4102 remitte,
2294 4027 2409 4089 utnon

554 4189 617 4279 fiat
635 4191 852 4273 capsateaut
867 4189 1001 4267 salsate,
1020 4191 1058 4254 ut
1074 4186 1150 4256 illas
1166 4188 1209 4254 ad
1236 4161 1350 4272 legem
1379 4185 1560 4252 ostendere
1586 4201 1775 4269 possamus,
1794 4185 1828 4253 et
1854 4183 1932 4267 pest
1958 4181 2062 4249 finem
2089 4180 2182 4246 tacta
2208 4179 2304 4246 salbe
2330 4179 2410 4260 aput

528 4297 533 4304 ι
554 4341 625 4428 ipsi
639 4287 871 4410 remittamus.
887 4341 984 4411 etsie
999 4341 1179 4422 ecomnia,
1195 4339 1366 4426 quomodo
1379 4339 1539 4424 superius
1550 4339 1692 4423 legitur,
1708 4339 1806 4405 nobis
1823 4337 2017 4420 nostrisque
2032 4332 2215 4400 heredibus
2230 4329 2306 4415 ipse
2317 4347 2410 4416 qnam

553 4498 587 4564 et
604 4511 682 4562 suos
700 4493 887 4562 heredibus
903 4511 971 4560 non
989 4461 1242 4580 adimplebant,
1257 4495 1393 4562 centum
1410 4489 1538 4559 solides
1553 4491 1787 4559 constantines
1800 4491 1899 4558 nobis
1910 4489 1996 4555 etad
2011 4486 2138 4554 nostris
2150 4483 2345 4560 heredibus,
2358 4479 2408 4545 uel

553 4645 610 4713 cui
627 4648 733 4714 istum
750 4648 888 4716 brebem
906 4648 942 4714 in
959 4666 1100 4714 manum
1115 4647 1286 4732 paruerit,
1305 4663 1501 4731 conponere
1523 4643 1715 4729 placitabit,
1735 4646 1770 4711 et
1792 4643 2009 4727 cunctaque
2032 4639 2240 4725 prelegitur,
2259 4636 2409 4721 conptirc

553 4800 653 4868 nobis
669 4818 734 4885 per
749 4797 870 4866 inbitis
885 4819 948 4885 per
964 4799 1167 4886 supradicta
1182 4798 1313 4884 gnadia
1329 4801 1365 4866 et
1380 4797 1579 4866 tamdictum
1597 4797 1818 4865 mediatorem
1835 4799 1868 4862 et
1883 4813 1973 4882 pena
1996 4791 2161 4878 obligata.
2182 4793 2225 4858 Et
2248 4809 2290 4856 oc
2314 4788 2408 4856 brebe

553 4951 695 5038 scripsit
708 4953 777 5038 ego
792 4951 965 5038 iaquintus
980 4953 1210 5022 subdiaconus
1226 4955 1260 5020 et
1276 4952 1432 5021 notarius
1447 4953 1481 5020 et
1497 4950 1655 5018 intertui..

610 5079 723 5194 †eg0
739 5107 974 5193 potelgardus.

609 5231 640 5346 †
655 5279 723 5346 ego
739 5261 828 5328 mari

607 5383 637 5496 †
656 5431 723 5496 ego
740 5414 832 5480 maio

608 5532 638 5646 †
655 5579 721 5648 ego
737 5562 910 5646 garardus
926 5565 1083 5634 clericus.

608 5779 630 5852 ⁴)
646 5781 691 5851 Er,
707 5773 758 5854 p'rc
774 5798 816 5836 ce.

605 5887 629 5962 ²)
647 5889 728 5945 Ursus
742 5885 837 5945 dedit?
