5252 7102
981 586 1351 662 oiououumuus
1415 567 1419 576 “
1770 659 1784 668 ,
1959 560 2040 672 'eoa

224 837 469 905 abellaniolum
487 836 559 903 suis
575 835 789 921 temporibus
806 851 864 902 eos
889 832 1055 918 colligere
1072 834 1107 899 et
1122 833 1172 900 eis
1189 832 1329 912 siccare,
1349 836 1384 900 et
1400 836 1521 904 inclita
1544 839 1682 904 tertiam
1707 841 1840 924 partem
1864 841 1963 910 nobis
1986 839 2082 920 dare,

225 996 260 1060 et
276 993 347 1060 illis
362 991 443 1059 inde
459 989 524 1057 due
539 990 644 1058 sortis
659 991 783 1056 tollere
798 990 831 1056 et
855 987 931 1073 ipsa
949 988 1018 1056 illis
1034 987 1133 1054 nobis
1156 985 1242 1055 dare
1264 987 1307 1054 ad
1332 989 1399 1073 ipsi
1423 991 1561 1074 parieti.
1580 992 1625 1060 ad
1648 994 1809 1078 completi
1833 993 1901 1078 ipsi
1926 993 2084 1061 tridecim

230 1143 314 1212 anni
330 1145 457 1211 abeant
473 1144 546 1210 tota
562 1143 641 1226 ipsa
656 1141 810 1210 clusurio
824 1141 946 1208 inclita
961 1141 1054 1206 infra
1070 1140 1144 1224 ipse
1159 1139 1240 1207 finis
1255 1143 1290 1206 et
1305 1141 1492 1209 mensuriis
1509 1146 1687 1211 arbustum
1699 1147 1734 1212 el
1745 1147 1989 1214 abellauiotum
2006 1164 2084 1214 sur-

228 1299 302 1364 tum
318 1299 353 1362 et
369 1297 561 1381 operatum,
581 1296 668 1362 sicut
684 1295 727 1363 de
741 1296 854 1362 tantos
871 1313 982 1362 annos
998 1293 1102 1360 suerit
1117 1297 1152 1360 et
1167 1293 1333 1361 meruerit
1348 1297 1444 1362 locus
1467 1296 1551 1381 ipse,
1571 1299 1606 1364 et
1628 1316 1690 1382 per
1714 1298 1862 1364 circuitu
1885 1299 1985 1366 abeat
2010 1298 2086 1383 ipsa

228 1450 381 1518 clusurio
397 1450 493 1517 clusa
509 1450 552 1517 ad
570 1467 661 1518 vona
677 1451 865 1526 olusamen,
885 1448 973 1516 sicut
988 1447 1162 1524 meruerit,
1184 1449 1219 1513 et
1236 1449 1360 1515 abeant
1376 1449 1579 1532 potestatem
1595 1449 1661 1534 ipsi
1687 1449 1882 1518 benedictus
1899 1454 1934 1517 et
1949 1451 2089 1517 vonizzo

228 1607 264 1670 et
280 1620 399 1677 eorum
417 1600 562 1670 heredes
578 1601 614 1669 in
632 1601 734 1669 rebus
749 1601 859 1687 ipsius
876 1601 1018 1669 ecclesie
1035 1600 1111 1686 ipsa
1126 1600 1305 1684 lignamen
1320 1595 1447 1683 facere3
1466 1604 1500 1668 et
1515 1601 1561 1667 da
1572 1601 1639 1687 ipsi
1654 1601 1811 1669 tridecim
1825 1601 1908 1669 anui
1921 1600 1957 1668 in
1971 1603 2086 1682 antea,

229 1756 313 1823 dum
331 1757 402 1824 illis
418 1759 453 1823 et
469 1774 589 1823 eorum
604 1755 750 1823 heredes
773 1755 849 1840 ipsa
868 1754 1019 1822 clusoria
1034 1771 1110 1820 eam
1129 1757 1245 1820 tenere
1261 1755 1418 1832 voluerit,
1438 1773 1539 1820 omne
1563 1772 1692 1821 annum
1716 1756 1786 1822 suis
1810 1755 2025 1840 temporibus
2047 1753 2091 1823 dc

228 1913 386 2010 superet
401 1911 444 1977 de
460 1911 578 1978 subter
595 1911 708 1994 ipsum
725 1909 903 1975 arbustum
921 1909 1080 1974 lavorare
1099 1907 1134 1972 et
1157 1908 1290 1973 cullare
1314 1925 1391 1972 cum
1416 1907 1528 1992 ipsum
1554 1909 1809 1986 abellanielum,
1828 1912 1863 1975 el
1883 1909 2003 1976 vinum
2025 1910 2084 1994 qui

228 2064 310 2132 inde
325 2065 464 2141 exierit,
483 2065 517 2131 et
533 2065 659 2149 quante
676 2063 832 2130 abellane
848 2059 889 2128 de
904 2060 1019 2144 ipsum
1035 2059 1256 2136 abellanitum
1280 2060 1492 2138 colliserint,
1511 2061 1563 2128 eis
1586 2060 1717 2129 siccare
1740 2067 1775 2128 et
1797 2063 1833 2128 in
1856 2061 2012 2146 predicta
2034 2081 2088 2129 ra-

228 2220 335 2288 tione.
354 2217 444 2284 sicut
460 2215 619 2300 superins
636 2214 778 2300 legitur,
798 2213 976 2280 uobiscum
994 2213 1050 2279 vel
1066 2230 1142 2278 cum
1160 2230 1244 2296 pars
1267 2212 1358 2278 dicte
1380 2214 1523 2281 ecclesie
1546 2231 1604 2280 eos
1627 2213 1794 2292 dividere,
1812 2215 1848 2280 et
1870 2214 1907 2280 in
1930 2212 2088 2298 predicta

229 2371 365 2438 ratione
379 2369 455 2454 ipso
471 2369 589 2437 vinum
613 2386 676 2452 per
691 2367 863 2435 vindemie
878 2368 1033 2450 tempore
1057 2383 1134 2430 cum
1160 2367 1233 2449 ipse
1256 2367 1411 2433 abelleno
1434 2365 1533 2432 nobis
1554 2364 1595 2431 ad
1621 2367 1688 2450 ipsi
1712 2365 1837 2450 parieti
1861 2365 2031 2434 adducere
2053 2367 2088 2433 et

227 2523 432 2608 adimplere,
450 2523 539 2589 sicut
554 2522 762 2606 prelegilur3
778 2521 814 2587 et
828 2519 905 2586 ideo
923 2519 1065 2586 missum
1083 2520 1252 2598 nostrum,
1270 2537 1336 2602 que
1353 2517 1478 2585 ividem
1497 2537 1559 2602 per
1581 2517 1751 2585 vindemie
1772 2521 1928 2603 tempore
1951 2519 2088 2588 direxe-

230 2677 352 2754 rimus
371 2676 442 2744 illis
458 2694 533 2743 eum
550 2675 686 2742 nutrire
701 2674 745 2742 ad
761 2693 822 2742 sua
839 2674 994 2753 biveuda,
1013 2672 1103 2742 sicut
1119 2674 1283 2742 meruerit
1297 2679 1332 2740 et
1347 2673 1513 2758 potuerit,
1531 2677 1565 2740 et
1584 2673 1657 2759 ipso
1679 2674 1880 2743 terraticum
1905 2693 1971 2760 que
1989 2693 2089 2744 omne

227 2846 360 2934 annum
377 2828 419 2894 de
434 2829 509 2913 ipsa
524 2829 676 2895 clusoria
691 2827 832 2907 exierit,
850 2827 888 2893 in
911 2828 1050 2896 tertiam
1068 2846 1149 2912 pars
1171 2827 1249 2894 illos
1273 2826 1480 2906 dividamus,
1499 2829 1589 2895 sicut
1612 2829 1772 2912 superius
1794 2827 1925 2911 legitur
1949 2828 1991 2895 de
2015 2828 2090 2914 ipso

222 2979 347 3044 -vinnm
362 2981 398 3046 et
412 2977 576 3046 abellane.
597 2977 689 3045 unde
704 2996 766 3062 per
782 2995 870 3045 vona
885 2976 1140 3044 combenientia
1158 2977 1287 3062 guadia
1303 2979 1370 3063 ipsi
1387 2977 1580 3062 supradicti
1606 2979 1804 3047 benedictus
1821 2983 1856 3048 et
1872 2981 2011 3046 vonizzo
2027 2998 2088 3047 no·

232 3131 284 3198 bis
300 3130 395 3198 dedit
412 3133 447 3198 et
465 3149 501 3198 se
515 3131 599 3216 ipsis
616 3130 803 3200 mediatori
818 3133 852 3198 ot
868 3129 1059 3198 madelmus
1076 3131 1169 3199 filius
1192 3133 1321 3200 leocari
1346 3131 1389 3199 de
1412 3134 1531 3199 sancto
1555 3133 1729 3198 martianu
1742 3127 1768 3219 ⁴)
1784 3135 1883 3201 nobis
1906 3134 2007 3219 posui
2022 3155 2032 3220 ;
2055 3137 2088 3204 el

231 3303 294 3369 per
316 3283 392 3369 ipsa
414 3283 542 3369 guadio
565 3285 810 3370 obligaberuut
834 3304 870 3353 se
893 3287 1015 3370 suique
1038 3271 1232 3364 heredibus,
1252 3291 1290 3352 ut
1313 3286 1342 3352 si
1368 3288 1443 3362 bec,
1462 3303 1528 3370 que
1552 3287 1757 3370 prelogitur,
1785 3303 1843 3354 eos
1872 3287 1971 3353 uobis
1994 3290 2028 3356 et
2052 3289 2088 3354 in

230 3455 313 3522 pars
335 3439 506 3523 prephato
527 3439 671 3506 ecclesie
694 3439 807 3506 sancti
831 3436 976 3504 maximi
999 3454 1058 3504 eos
1080 3454 1149 3503 non
1174 3437 1442 3522 adimpleborint
1466 3440 1501 3504 et
1525 3436 1647 3522 aliquit
1670 3438 1751 3505 inde
1774 3438 2088 3526 quomodocumque

171 3565 175 3576 ¹
230 3607 291 3676 per
314 3592 561 3675 qualecumque
586 3591 721 3658 ratione
744 3591 869 3676 aliquit
893 3589 973 3657 inde
996 3589 1287 3668 contradixerint,
1305 3608 1513 3674 componere
1537 3590 1780 3675 obligaberunt
1795 3610 1832 3660 se
1854 3593 1972 3678 suique
1989 3594 2088 3661 here

232 3739 333 3808 dibus
350 3743 450 3809 nobis
467 3745 501 3808 et
519 3740 564 3806 im
582 3761 665 3826 pars
683 3742 844 3811 iamdicta
860 3741 1004 3810 ecclesie
1021 3744 1131 3810 sancti
1148 3742 1291 3809 maximi
1308 3741 1438 3827 viginti
1450 3742 1576 3811 solidos
1595 3762 1720 3812 aureos
1737 3745 1958 3824 costantinos,
1974 3746 2088 3830 etque

230 3897 426 3980 prelegilur
451 3898 486 3964 in
510 3897 667 3982 predicta
683 3897 820 3966 ratione
837 3915 894 3964 eos
912 3897 954 3964 ad
973 3915 1057 3982 pars
1074 3899 1191 3964 nostra
1206 3900 1240 3963 et
1256 3896 1299 3964 ad
1317 3915 1399 3981 pars
1414 3895 1523 3982 ipsius
1539 3898 1679 3965 ecclesie
1703 3897 1908 3982 adimplere.
1927 3899 1957 3965 si
1973 3901 2088 3964 autern

231 4050 298 4135 ipsi
323 4051 493 4119 nominati
519 4053 718 4120 benedictus
743 4056 777 4120 ol
800 4052 940 4120 voniuzo
963 4051 1006 4119 de
1030 4069 1070 4118 ac
1094 4054 1191 4118 terra
1213 4051 1342 4120 exierit
1364 4070 1427 4137 per
1443 4051 1595 4136 qualibet
1610 4050 1904 4136 impedimentum,
1923 4051 2001 4135 ipsa
2016 4053 2088 4117 clu·
2182 4063 2187 4072 ·

235 4204 330 4270 suria
353 4203 395 4270 de
417 4206 514 4270 terra
537 4221 614 4271 cum
638 4207 781 4272 arbusto
806 4207 841 4272 ct
862 4207 1070 4274 abellauietu
1093 4203 1218 4272 redead
1242 4208 1279 4270 at
1303 4205 1470 4289 potestate
1485 4203 1613 4271 esdiote
1629 4203 1784 4288 ecclesie3
1802 4209 1837 4270 et
1861 4202 1891 4269 si
1916 4203 2008 4268 infra
2022 4201 2090 4267 duo

235 4358 270 4423 et
292 4358 361 4425 tres
385 4359 469 4424 anni
495 4357 639 4460 redierit
663 4360 699 4427 in
723 4377 764 4425 ac
787 4361 883 4426 terra
906 4363 940 4426 et
964 4360 1000 4425 in
1024 4357 1180 4443 predicta
1203 4359 1338 4426 ratione
1361 4357 1438 4443 ipsa
1461 4359 1562 4426 rebus
1584 4357 1656 4424 illis
1682 4359 1716 4423 et
1749 4339 1867 4423 eorum
1903 4354 2087 4422 heredibus

231 4511 351 4576 tenere
373 4511 533 4590 voluerit,
551 4528 615 4580 nos
638 4511 733 4580 illam
758 4513 795 4578 in
820 4512 977 4596 predicta
999 4511 1133 4578 ratione
1155 4528 1272 4579 eorum
1299 4511 1429 4580 demus.
1449 4460 1483 4578 et
1506 4513 1598 4578 hunc
1621 4511 1760 4580 brebem
1776 4509 1895 4579 scribsi
1912 4529 1979 4595 ego
2003 4509 2088 4578 ilde·

231 4659 326 4728 ricus
347 4661 576 4730 subdiaconus
598 4667 633 4731 et
656 4665 812 4732 notarius
838 4668 897 4750 qui
922 4664 1077 4732 interlui.
1907 4639 1909 4642 ’

288 4784 400 4898 †ego
422 4816 481 4901 qui
507 4835 613 4902 supra
635 4819 689 4884 leo

289 4942 319 5053 †
335 4986 401 5055 ego
423 4971 479 5037 aio

292 5093 405 5208 †ego
429 5129 550 5209 petrus
573 5125 751 5202 diaconus.

227 5339 671 5350 ——-—-........--—-———

292 5477 316 5550 ⁴)
332 5478 431 5536 Sancto
445 5482 596 5553 Martiano,
611 5482 698 5538 hodie
713 5481 770 5538 San
786 5481 930 5553 Mariano,
953 5483 1036 5539 vicus
1057 5482 1134 5539 intra
1154 5481 1294 5539 Nuceriae
1316 5491 1345 5538 et
1365 5481 1394 5538 S.
1411 5480 1542 5538 Severini
1564 5480 1649 5536 lineo.
