5286 7098
992 617 1359 693 olptolln‘llclls

1030 1073 1310 1155 CCXLIV.

1024 1319 1079 1394 A.
1117 1316 1167 1394 D.
1206 1313 1309 1394 966.

296 1576 386 1712 †ln
401 1629 541 1696 nomine
555 1628 687 1696 domini
703 1645 795 1696 anno
812 1628 986 1696 tricesimo
1001 1630 1125 1713 quarto
1138 1627 1354 1713 principatus
1370 1626 1489 1694 domni
1504 1628 1613 1694 nostri
1626 1627 1742 1712 gisolfi
1754 1628 1898 1713 gloriosi
1914 1629 2094 1714 principis,

239 1796 357 1848 meuse
373 1783 543 1865 augustus
558 1797 652 1848 nona
668 1779 869 1847 indictione.
890 1779 967 1846 ideo
982 1798 1048 1865 que
1062 1797 1129 1864 ego
1143 1779 1312 1846 iohannes
1328 1778 1497 1863 presbiter
1510 1778 1602 1846 lilius
1614 1752 1703 1846 leoni
1720 1779 1915 1849 atrianense
1927 1779 1986 1865 qui
1998 1798 2100 1849 voca-

239 1938 296 1997 tur
310 1933 464 2010 lucuzaa,
490 1931 578 2000 sicut
595 1931 682 2000 mihi
704 1949 898 2017 congruum
925 1935 977 2001 est
1000 1949 1062 2016 per
1085 1934 1176 2000 hanc
1199 1932 1373 2000 cartulam
1397 1931 1634 1998 vicariationis
1657 1931 1780 2001 ordine
1803 1931 1933 2000 tradidi
1955 1931 2017 1999 tibi
2040 1951 2099 2018 pe-

240 2083 286 2150 tri
302 2083 486 2170 presbiteri
502 2089 537 2153 et
551 2085 666 2152 abbati
682 2087 826 2156 ecclesie
849 2087 959 2154 sancti
982 2085 1128 2154 maximi
1150 2085 1193 2155 de
1208 2088 1303 2155 intus
1319 2090 1410 2155 hanc
1434 2088 1684 2155 salernitanam
1700 2087 1879 2155 cibitatem
1895 2105 1964 2155 una
1986 2090 2098 2157 tecum

238 2235 358 2305 adesse
374 2238 572 2308 romoaldus
594 2241 752 2308 notarius
766 2239 1009 2311 advocatorem
1032 2243 1198 2318 vestrum,
1217 2239 1349 2308 duobus
1366 2195 1552 2326 mancipiis
1570 2240 1668 2318 meis,
1695 2240 1837 2308 nomina
1860 2240 1999 2308 illorum
2023 2257 2095 2306 ma·

238 2389 294 2453 ria
321 2393 356 2454 et
377 2391 509 2472 petrus,
534 2387 594 2473 qui
618 2389 756 2459 luerunt
776 2407 821 2458 ex
845 2407 975 2474 genere
998 2391 1207 2467 francorum,
1234 2392 1305 2457 tote
1332 2392 1367 2456 et
1391 2389 1509 2459 inclite
1535 2389 1689 2474 ipsorum
1714 2389 1826 2458 marie
1846 2391 1880 2459 et
1902 2391 1991 2475 petri
2020 2408 2100 2474 per-

238 2541 334 2610 sonis
356 2541 419 2608 tibi
444 2539 599 2610 iamdicti
622 2542 736 2610 abbati
759 2544 794 2613 et
816 2561 885 2610 una
907 2543 998 2611 libra
1024 2543 1066 2612 de
1089 2545 1275 2628 argentum
1302 2542 1531 2630 tradidimus3
1555 2541 1647 2610 unde
1672 2543 1715 2610 de
1738 2543 1857 2610 inclito
1879 2543 2037 2628 personis
2058 2542 2101 2612 de

238 2693 406 2762 ambobus
429 2693 515 2778 ipsis
538 2694 726 2781 mancipiis
740 2699 775 2764 et
797 2695 840 2764 de
863 2695 942 2781 ipsa
964 2695 1055 2764 libra
1078 2693 1121 2764 do
1140 2698 1326 2781 argentum
1348 2697 1479 2764 nullam
1496 2695 1596 2764 nobis
1611 2697 1666 2764 vel
1682 2697 1808 2781 cuiqua
1824 2695 2024 2764 hominibus
2040 2698 2099 2763 aut

239 2845 275 2912 iu
302 2845 423 2929 quabis
445 2848 605 2932 partibus
627 2849 755 2918 exinde
779 2851 908 2918 restitit
930 2853 989 2918 aut
1015 2849 1164 2918 dicimus
1193 2868 1376 2918 remanere
1406 2850 1581 2936 sortione3
1607 2853 1680 2928 set,
1706 2850 1795 2917 siout
1821 2849 1980 2934 superius
2008 2847 2099 2916 dixi-

239 3016 327 3077 mus,
351 2999 474 3068 inclite
497 3001 636 3069 illorum
660 3003 819 3088 personis
842 3007 877 3071 et
898 3004 1094 3089 predictum
1119 3013 1305 3088 argentum
1333 3005 1430 3072 robis
1453 3003 1581 3071 tradidi
1609 3003 1652 3070 ad
1680 3002 1847 3072 securiter
1877 3020 1919 3070 ac
1952 3003 2100 3071 firmiter

235 3149 360 3218 amodo
385 3155 421 3220 et
446 3169 585 3236 semper
605 3167 666 3222 ros
689 3153 881 3240 vestrisque
904 3155 1159 3223 successoribus
1175 3156 1210 3221 et
1225 3155 1385 3239 partibus
1400 3153 1554 3239 predicte
1570 3153 1713 3223 ecclesie
1728 3153 1799 3221 illis
1820 3153 1966 3220 ancillas
1981 3156 2014 3220 et
2029 3171 2100 3221 ser-

238 3305 298 3368 bos
322 3304 516 3372 habendum
542 3307 576 3374 ct
599 3306 642 3374 de
665 3308 825 3391 personis
853 3308 992 3377 illorum
1017 3311 1052 3376 et
1073 3307 1117 3377 de
1138 3309 1222 3376 tiliis
1244 3308 1384 3376 filiabus
1406 3307 1496 3394 quod
1525 3307 1658 3385 iecerit,
1684 3306 1782 3373 etde
1805 3307 1882 3390 ipso
1909 3309 2096 3392 argentum

235 3451 429 3522 iaciendum
453 3457 572 3525 omnia
596 3456 684 3542 quod
703 3458 800 3525 vobis
812 3457 1003 3543 vestrisque
1025 3419 1281 3526 successoribus
1297 3466 1333 3526 et
1346 3476 1428 3543 pars
1444 3457 1606 3526 iamdicte
1627 3455 1769 3524 ecclesie
1784 3456 1954 3540 placuerit
1969 3458 2099 3542 absque

233 3607 325 3673 omni
357 3609 602 3678 contrarietate
629 3611 683 3677 vel
708 3609 932 3696 requisitione
959 3612 1078 3678 nostra
1102 3609 1202 3677 etde
1230 3608 1359 3677 nostris
1382 3607 1566 3678 heredibus
1588 3609 1641 3676 vel
1672 3608 1798 3693 cuiqua
1826 3605 2033 3678 hominibus.
2061 3610 2096 3676 et

231 3775 297 3840 pro
320 3759 591 3828 confirmandam
615 3765 650 3830 et
672 3761 952 3832 stabilisoendam
980 3764 1072 3830 hanc
1094 3765 1216 3830 nostra
1232 3761 1471 3841 vicariatione,
1490 3778 1582 3828 nunc
1605 3777 1628 3828 a
1650 3759 1820 3845 presentis
1842 3777 1905 3844 per
1929 3758 2001 3827 alia
2022 3777 2097 3827 car-

235 3913 321 3990 tula,
340 3930 407 3998 que
423 3913 554 3999 scripta
569 3919 654 4000 aput
667 3933 731 3985 nos
753 3916 956 3996 retinemus,
982 3917 1174 4003 recepimus
1197 3935 1219 3984 a
1242 3935 1305 3984 vos
1329 3919 1365 3984 et
1386 3914 1432 3983 da
1454 3915 1611 3983 dominos
1626 3915 1736 4000 ipsius
1751 3915 1895 3983 ecclesie
1911 3915 1980 3982 alia
1996 3932 2094 3983 man·

230 4061 327 4149 cipia
349 4064 458 4150 ipsius
481 4068 625 4136 ecclesie
649 4068 791 4137 nomine
812 4069 974 4154 riganda,
1003 4069 1062 4155 qui
1085 4072 1139 4138 est
1161 4069 1232 4136 tilia
1255 4071 1367 4136 marie
1390 4069 1571 4146 monache,
1601 4085 1667 4151 quc
1688 4066 1788 4133 nobis
1810 4083 2003 4150 congruum
2027 4066 2093 4134 fuit

228 4231 296 4298 pro
319 4219 383 4285 hec
406 4218 536 4286 vicaria
560 4221 725 4305 recipere:
751 4220 917 4306 finitoque
940 4221 1074 4288 vicaria
1088 4219 1167 4306 ipsa
1181 4222 1267 4305 aput
1288 4237 1352 4287 nos
1368 4236 1408 4286 ea
1422 4217 1559 4286 ratione
1574 4218 1691 4302 obligo
1706 4236 1760 4286 me
1774 4219 1832 4302 qui
1849 4235 1954 4302 supra
1970 4219 2092 4287 iohan-

227 4387 292 4438 nes
315 4372 484 4455 presbiter
507 4375 542 4440 et
562 4372 649 4442 meis
671 4372 857 4442 heredibus
880 4372 1003 4442 amodo
1024 4375 1060 4442 et
1081 4391 1217 4458 semper
1246 4369 1482 4440 antistandum
1505 4375 1541 4439 et
1566 4369 1809 4438 defensandum
1832 4369 1929 4437 vobis
1952 4371 2091 4440 vestris-

226 4544 296 4610 que
324 4527 577 4596 successoribus
600 4529 634 4594 et
658 4527 704 4595 im
730 4546 813 4613 pars
830 4527 1002 4620 iamdicto
1029 4527 1173 4598 ecclesie
1199 4526 1367 4612 predictis
1394 4525 1577 4610 mancipiis
1604 4525 1719 4593 maria
1750 4526 1784 4594 et
1806 4527 1925 4610 petrus
1948 4530 1984 4593 et
2009 4525 2091 4594 liliis

225 4675 368 4746 filiabus
390 4678 479 4763 quod
505 4677 638 4757 lecerit,
665 4682 700 4746 et
722 4678 798 4763 ipso
819 4683 1004 4766 argentum
1027 4679 1073 4748 da
1095 4696 1216 4748 omnes
1238 4678 1395 4747 homines
1418 4677 1579 4764 omnique
1605 4676 1773 4762 partibus.
1799 4677 1830 4745 si
1848 4677 1978 4770 autem,
2003 4677 2091 4744 sicut

226 4827 359 4897 dictum
390 4833 455 4910 est,
474 4829 591 4902 taliter
614 4851 673 4900 eos
697 4832 793 4900 vobis
814 4831 1006 4918 vestrisque
1027 4831 1284 4900 successoribus
1306 4833 1341 4897 et
1362 4831 1410 4898 im
1434 4849 1518 4917 pars
1543 4831 1652 4918 ipsius
1674 4829 1819 4898 ecclesie
1841 4847 1912 4896 non
1935 4827 2091 4897 defensa·

228 4983 403 5060 verimus,
429 4987 489 5052 aut
511 4987 541 5052 si
564 5003 629 5054 nos
651 4984 846 5071 nostrisque
869 4983 1052 5055 heredibus
1075 4983 1393 5069 quomodocumque
1417 4982 1487 5050 illis
1508 4984 1563 5050 vel
1585 4982 1667 5052 filiis
1689 4982 1827 5050 filiabus
1850 4979 1939 5066 quod
1956 4979 2087 5058 iecerit,

229 5137 327 5205 vobis
360 5139 416 5206 vel
443 5136 495 5204 ad·
513 5137 636 5206 vestris
667 5137 923 5206 successoribus
954 5139 1014 5204 aut
1042 5135 1084 5203 ad
1110 5155 1194 5222 pars
1221 5133 1383 5204 iamdicte
1408 5136 1552 5203 ecclesie
1579 5135 1700 5202 tollere
1729 5136 1791 5201 aut
1818 5135 1978 5200 contrare
2007 5150 2090 5218 que-

229 5291 413 5371 sierimus,
440 5293 499 5359 aut
521 5291 749 5360 vicariatione
772 5291 842 5360 ista
863 5307 1065 5368 removere,
1092 5307 1299 5374 componere
1323 5288 1440 5375 obligo
1463 5307 1518 5356 me
1541 5292 1575 5357 et
1597 5287 1683 5357 meis
1706 5284 1890 5355 heredibus
1912 5285 2009 5355 vobis
2032 5306 2090 5356 ve-

227 5443 378 5528 strisque
401 5443 656 5512 successoribus
678 5445 713 5510 et
735 5443 782 5510 im
807 5460 888 5528 pars
910 5440 1020 5527 ipsius
1042 5441 1183 5510 ecclesie
1197 5435 1292 5508 mille
1315 5439 1393 5507 auri
1417 5438 1545 5507 solidos
1570 5436 1793 5516 costantinos,
1817 5439 1853 5504 et
1875 5437 1990 5507 taliter
2006 5439 2091 5506 scri·

228 5597 309 5664 bere
331 5598 533 5681 rogavimus
556 5598 590 5664 te
613 5599 734 5682 petrus
757 5595 927 5664 notarius.
954 5598 1069 5664 actum
1093 5596 1241 5663 salernu.
1269 5595 1506 5662 verumtamen
1522 5607 1766 5671 memoramus,
1785 5591 1960 5676 quiaipsa
1982 5593 2092 5660 nomi-

227 5755 310 5818 nata
333 5749 485 5838 riganda
507 5753 612 5820 habet
634 5769 740 5820 unum
763 5748 872 5818 illium
895 5749 1124 5818 masculinum
1148 5747 1289 5816 numine
1312 5747 1493 5824 iohannes,
1520 5743 1610 5830 quod
1633 5743 1720 5812 mihi
1744 5760 1814 5811 non
1836 5743 2014 5824 dederunt,
2036 5748 2088 5814 set

230 5909 341 5991 ipsum
367 5905 532 5974 iohannes
555 5905 647 5974 tilius
672 5902 826 5989 predicte
853 5901 999 5988 rigando
1028 5881 1289 5970 reserbaverunt
1320 5899 1362 5966 ad
1390 5900 1559 5983 potestate
1586 5897 1695 5982 ipsius
1724 5895 1869 5965 ecclesie
1890 5894 2084 5964 iaciendum

408 6019 469 6064 Tou.
488 6017 518 6060 ll.
1935 6005 1949 6050 fl
