5216 7092
493 588 556 650 ms
837 559 840 562 ’
1136 557 1326 636 ,10111111
1370 555 1603 631 cnvnNsis

364 778 389 798 „
449 819 524 904 ipse
541 833 640 883 ursus
658 811 794 889 ostedit,
812 810 937 877 falsum
947 822 1029 874 esse
1045 805 1081 872 et
1095 805 1169 871 tota
1196 802 1272 888 ipsa
1297 803 1391 872 terra
1414 802 1449 869 et
1470 818 1550 867 casa
1571 817 1634 886 per
1658 798 1733 884 ipsa
1755 799 1835 869 finis
1857 801 1892 866 et
1915 800 2088 868 mensurio
2110 817 2211 886 quam
2237 800 2313 883 ipso

450 969 619 1054 scriptum
636 965 800 1042 continet,
819 979 885 1031 neo
910 959 1079 1028 tenuisset
1108 961 1168 1026 aut
1193 957 1411 1024 dominasset.
1431 953 1523 1056 unde
1550 952 1767 1038 interrogabi
1793 969 1860 1038 ego
1888 953 2047 1038 superius
2074 952 2186 1020 dictus
2209 953 2314 1020 iudex

451 1122 564 1207 ipsum
588 1139 691 1188 ursus
713 1117 1001 1204 supsosoriptum,
1019 1114 1108 1182 sicut
1131 1111 1295 1188 continet,
1314 1110 1405 1176 iusta
1428 1109 1540 1192 legem
1564 1105 1732 1174 adverare
1755 1107 1894 1190 potere:
1921 1105 1997 1190 ipse
2020 1123 2119 1171 ursus
2141 1104 2244 1184 dixit,
2269 1109 2308 1172 11

453 1277 490 1343 11
506 1273 675 1352 omnibus,
694 1272 783 1340 sicut
797 1269 963 1346 continet,
982 1285 1123 1335 veraces
1139 1283 1212 1334 esse
1229 1265 1263 1331 et
1279 1263 1375 1329 illum
1393 1261 1561 1328 adveraro
1577 1261 1708 1344 potere.
1727 1275 1791 1325 nos
1807 1258 1966 1344 superius
1981 1259 2181 1326 nominatus
2204 1257 2310 1325 iude'x

450 1415 543 1495 insta
560 1429 674 1511 legem
690 1424 842 1492 indicabi
858 1425 892 1491 et
907 1421 1064 1506 utrisque
1080 1419 1151 1487 illis
1168 1417 1338 1502 guadiare
1353 1415 1431 1493 faoi,
1451 1416 1490 1480 ut
1505 1413 1579 1498 ipse
1596 1413 1703 1499 ligori
1720 1429 1849 1497 parare
1872 1414 1990 1478 sancta
2013 1410 2069 1478 dei
2093 1411 2305 1496 exsanguia,

450 1582 487 1647 et
501 1581 576 1666 ipse
589 1571 692 1646 tirsus
707 1575 895 1646 secundum
913 1578 1028 1660 legem
1044 1575 1174 1650 iurare,
1190 1574 1228 1639 ut
1244 1573 1281 1638 in
1300 1571 1470 1648 omnibus,
1486 1568 1577 1636 sicut
1593 1566 1747 1633 continet
1763 1565 1839 1648 ipso
1855 1564 2034 1648 scriptum,
2050 1581 2207 1631 veracem
2219 1581 2306 1636 esse,

450 1734 484 1799 et
499 1733 575 1817 ipsa
592 1733 686 1798 terra
704 1734 739 1797 et
755 1747 838 1797 casa
853 1748 916 1814 per
933 1729 1006 1814 ipse
1020 1727 1101 1794 finis
1116 1727 1151 1794 et
1166 1725 1338 1794 mensurio
1351 1723 1521 1791 tenuisset
1536 1722 1571 1787 et
1586 1716 1815 1805 dominasset3
1832 1720 1867 1786 et
1882 1717 1940 1784 ubi
1955 1717 2070 1785 taliter
2088 1717 2181 1784 iusta
2195 1717 2309 1800 legem

451 1905 528 1952 cum
549 1885 622 1952 suis
637 1882 839 1968 parentibus
855 1880 983 1948 exinde
999 1878 1172 1946 iuraberit
1187 1878 1263 1961 ipse
1279 1894 1393 1954 ursus
1411 1877 1494 1940 tunc
1517 1874 1592 1959 ipse
1616 1892 1718 1941 ursus
1741 1876 1775 1938 et
1798 1871 1872 1938 eius
1895 1869 2015 1937 eredes
2038 1869 2131 1935 omni
2152 1869 2308 1952 tempore

449 2045 526 2108 tota
544 2041 579 2107 et
595 2039 717 2106 inclita
732 2038 810 2122 ipsa
825 2038 921 2104 terra
936 2038 971 2102 ot
985 2052 1066 2102 casa
1082 2052 1145 2118 per
1161 2033 1236 2118 ipse
1252 2032 1334 2100 finis
1349 2034 1383 2099 11
1398 2029 1584 2106 mensurio,
1603 2045 1670 2113 que
1686 2027 1759 2111 ipso
1775 2025 1942 2110 scriptum
1959 2023 2122 2101 continet,
2141 2021 2309 2088 securiter

451 2195 486 2262 11
501 2193 650 2260 firmiter
666 2194 769 2259 abere
784 2191 819 2257 et
835 2188 1020 2274 possidere,
1036 2191 1071 2254 et
1086 2189 1202 2256 facere
1218 2185 1346 2252 exinde
1362 2184 1478 2250 omnia
1493 2181 1581 2268 quod
1599 2179 1758 2260 voluerit,
1773 2180 1848 2246 sine
1864 2177 2109 2245 contrarietate.
2123 2176 2178 2242 vel
2194 2175 2311 2259 requi-

448 2347 575 2416 sitione
591 2345 702 2430 ipsius
719 2343 824 2428 ligori
842 2344 877 2410 et
892 2341 1023 2410 deeius
1039 2339 1194 2410 heredes.

1168 2833 1596 2919 CCCLXXVIII.

1234 3085 1290 3158 A.
1328 3083 1378 3159 D.
1415 3078 1519 3158 986.

327 3389 331 3396 ’
455 3383 457 3388 ’
508 3347 543 3484 ’1
559 3401 598 3464 11
616 3397 755 3463 nomine
771 3394 903 3462 domini
919 3393 1023 3461 tertio
1039 3410 1130 3460 anno
1148 3366 1498 3477 principatusdomni
1514 3385 1624 3454 nostri
1642 3383 1784 3451 iohanni
1798 3384 1832 3452 et
1847 3382 1966 3450 domni
1982 3381 2127 3466 guidoni
2142 3382 2217 3450 eius
2240 3380 2317 3447 filio

454 3545 599 3630 gloriosi
627 3543 854 3628 principibus,
886 3561 1001 3611 mense
1028 3540 1208 3608 ianuarius
1233 3537 1492 3624 quartadecima
1519 3535 1720 3602 indictione.
1739 3533 2021 3600 memoratorium
2049 3532 2142 3598 factu
2168 3549 2190 3598 a
2214 3531 2318 3599 nobis

455 3695 583 3764 mulier
599 3695 739 3761 nomino
755 3695 867 3760 blacta
882 3693 958 3759 filia
974 3691 1146 3776 quondam
1161 3688 1361 3774 rodelgardi
1380 3686 1495 3754 clerici
1512 3687 1636 3754 relicta
1652 3685 1725 3750 ursi
1741 3687 1775 3751 et
1790 3685 1899 3768 sergi,
1923 3685 1982 3770 qui
2006 3701 2124 3750 sumus
2146 3683 2257 3750 mater
2280 3687 2318 3750 et

456 3849 543 3926 filia,
558 3865 599 3914 eo
611 3846 698 3931 quod
714 3851 793 3914 ante
806 3845 990 3930 subscripti
1007 3847 1111 3912 testes
1122 3863 1185 3929 per
1201 3846 1292 3910 bona
1307 3840 1561 3909 combenientia
1572 3837 1778 3905 tradidimus
1789 3837 1832 3903 ad
1848 3835 2032 3904 tenendum
2045 3833 2078 3904 et
2089 3835 2314 3906 laborandum

456 4000 544 4068 sassi
560 4000 632 4068 11110
648 3999 812 4066 donoaldi
828 3998 871 4066 de
887 4001 999 4066 locum
1017 3997 1181 4082 pasciano
1198 3999 1271 4062 tota
1287 3997 1321 4062 et
1344 3995 1464 4061 inclita
1480 3992 1593 4060 omnis
1616 3995 1720 4060 rebus
1744 4010 1820 4061 moa
1842 4010 1909 4076 que
1920 3991 2070 4070 ‚mulieri
2093 3989 2136 4058 de
2159 3990 2317 4075 predicto

455 4155 567 4220 locum
585 4153 761 4238 pasciano
779 4171 880 4238 quem
905 4152 991 4220 mihi
1014 4151 1164 4236 pertinet
1188 4150 1231 4217 da
1247 4151 1360 4234 ipsum
1385 4147 1597 4231 rodelgardu
1614 4147 1751 4224 0111100,
1770 4145 1925 4231 quisunt
1947 4145 2053 4212 terris
2075 4163 2150 4210 cum
2175 4146 2318 4211 arbusta

456 4303 1128 4372 11111111111111111111111111101011
1158 4303 1216 4388 qni
1244 4305 1296 4372 est
1320 4303 1392 4368 tota
1420 4303 1522 4367 rebus
1549 4301 1624 4384 ipsa
1646 4317 1709 4384 per
1736 4316 1775 4364 ec
1801 4297 1882 4364 finis
1908 4296 1943 4363 e't
1969 4300 2205 4364 mensuria:a
2230 4313 2317 4381 pars

454 4455 599 4524 moridie
615 4457 683 4523 fine
699 4456 812 4524 medio
829 4457 977 4536 ballone,
996 4458 1032 4524 et
1047 4459 1128 4523 sunt
1144 4455 1237 4540 passi
1253 4456 1389 4520 centum
1407 4453 1621 4536 octuaginta:
1648 4452 1783 4536 aparte
1806 4449 1991 4517 occidentis
2006 4451 2075 4519 fine
2089 4453 2210 4518 nostra
2223 4454 2257 4520 et
2271 4451 2318 4521 de

454 4591 673 4676 consortibus
688 4609 828 4687 nostris,
847 4607 927 4674 inde
942 4607 1036 4692 passi
1053 4608 1191 4674 centum
1207 4604 1335 4689 biginti
1351 4603 1540 4690 quadtuor:
1561 4603 1654 4671 etde
1676 4603 1748 4671 alia
1771 4619 1856 4688 pars.
1875 4603 2036 4672 similitor
2052 4605 2121 4671 1111
2135 4607 2263 4683 nostra,
2280 4607 2317 4674 et

456 4760 536 4827 inde
551 4765 632 4827 sunt
647 4760 741 4844 passi
758 4762 893 4826 centum
911 4759 1059 4844 triginta
1074 4759 1142 4825 dno
1158 4762 1192 4828 11
1207 4757 1379 4843 gubitum:
1399 4775 1421 4824 a
1436 4775 1517 4842 pars
1540 4756 1683 4824 orientis
1706 4758 1775 4826 1111
1797 4758 1887 4825 sicut
1909 4758 2022 4826 limite
2037 4757 2213 4838 discernit,
2232 4757 2314 4826 inde

453 4915 536 4979 sunt
552 4908 645 4993 passi
662 4911 797 4976 centum
814 4909 1006 4996 quadtuor3
1023 4914 1057 4977 et
1072 4910 1118 4977 da
1133 4908 1214 4978 inde
1230 4911 1430 4977 rebolbente
1454 4907 1492 4974 in
1507 4927 1588 4992 pars
1605 4909 1749 4976 orientis
1765 4912 1896 4978 rectum
1920 4911 2012 4994 passi
2034 4910 2191 4995 triginta,
2210 4911 2244 4977 et
2266 4909 2314 4976 da

453 5061 534 5130 inde
548 5063 683 5130 abiente
700 5062 735 5128 11
749 5061 949 5128 rebolbonte
964 5062 1000 5127 in
1016 5079 1100 5146 pars
1116 5062 1262 5134 meridie
1285 5063 1375 5129 sicut
1399 5061 1511 5130 medio
1534 5062 1615 5146 poiu
1629 5061 1807 5141 discernit,
1826 5065 1861 5133 et
1876 5063 2108 5148 coniungente
2124 5064 2162 5130 in
2178 5065 2313 5130 ballone

459 5217 539 5282 sunt
553 5215 650 5301 passi
668 5215 859 5304 sexagipta
874 5215 954 5294 duo,
973 5217 1009 5282 et
1023 5233 1087 5300 per
1104 5215 1178 5300 ipso
1192 5216 1328 5284 ballone
1349 5215 1485 5284 abiente
1508 5217 1543 5282 et
1564 5217 1701 5286 exiente
1724 5219 1759 5285 11
1781 5217 2014 5302 coniungente
2037 5219 2075 5284 11
2097 5218 2172 5302 ipso
2195 5217 2312 5302 priore

455 5369 590 5435 ballone
607 5371 688 5438 sunt
703 5367 797 5452 passi
814 5367 1081 5452 quinquaginta,
1096 5369 1204 5434 totum
1218 5371 1454 5436 mensuratum
1467 5367 1511 5435 ad
1524 5369 1613 5436 iusto
1628 5387 1768 5453 passum
1780 5369 1899 5436 omini.
1918 5387 1959 5436 ea
1969 5387 2050 5439 vero
2061 5372 2133 5438 tota
2144 5373 2180 5438 11
2191 5371 2313 5438 inolita

454 5521 533 5606 ipsa
547 5522 650 5588 rebus
666 5538 729 5605 per
752 5521 827 5606 ipse
844 5520 925 5588 finis
940 5522 975 5588 et
1000 5520 1187 5598 mensuria,
1213 5523 1249 5588 11
1270 5521 1314 5589 de
1337 5525 1502 5607 quantum
1531 5525 1631 5589 extra
1660 5522 1738 5607 ipsa
1763 5523 1941 5590 mensurio
1967 5523 2083 5608 ibique
2110 5523 2311 5590 coniuntnm

453 5671 554 5741 nobis
569 5672 732 5758 pertinet,
751 5667 908 5740 inolitum
924 5671 1013 5751 illut,
1031 5672 1120 5739 sicut
1135 5670 1297 5751 diximus,
1317 5672 1380 5738 tibi
1399 5671 1617 5752 tradidimus,
1632 5675 1790 5758 utusque
1805 5674 1967 5760 completi
1982 5674 2105 5742 amodo
2128 5679 2204 5742 octo
2226 5673 2309 5743 anni

452 5823 495 5890 ad
515 5825 575 5889 tua
594 5826 629 5890 et
644 5820 685 5891 de
700 5821 770 5890 tuis
785 5820 970 5890 heredibus
985 5823 1089 5890 rebus
1106 5821 1181 5907 ipsa
1202 5823 1315 5893 vestre
1337 5821 1517 5907 potestatis
1539 5823 1697 5904 teneatis,
1715 5827 1752 5893 et
1773 5827 1885 5894 omnis
1908 5829 2025 5897 vestra
2047 5825 2196 5894 utilitate
2219 5826 2314 5893 iusta
