5252 7102
1032 564 1406 641 oruuoulrlcus
1485 515 1489 519 ⁴
1534 511 1538 518 ¹
2033 583 2092 646 ser

283 809 320 875 et
336 784 518 888 muricum,
537 826 601 894 per
616 811 680 878 bec
695 809 775 878 finis
791 812 826 878 et
841 811 1028 879 mensurio:
1047 811 1091 877 ab
1106 810 1241 880 oriente
1256 811 1346 879 sicut
1367 791 1535 882 discernit
1561 811 1675 884 medio
1691 814 1885 896 desusurto,
1905 817 1963 902 qni
1987 817 2023 884 in
2046 833 2147 884 muro

286 977 437 1046 suprano
454 959 555 1028 istius
572 961 726 1030 cibitatis
750 964 878 1031 factum
904 965 970 1042 est,
988 965 1024 1032 et
1038 959 1171 1032 rectum
1198 952 1425 1035 descendente
1452 967 1486 1036 et
1512 969 1746 1055 coniungente
1761 969 1799 1038 in
1815 970 1874 1037 via
1889 970 2041 1055 puplica,
2067 955 2152 1040 sunt'

284 1113 366 1183 iude
381 1114 484 1201 pedes
499 1117 648 1202 triginta
663 1137 784 1186 unum:
803 1137 825 1187 a
840 1118 987 1188 meridie
1009 1119 1080 1187 fine
1096 1120 1174 1206 ipsa
1189 1119 1258 1200 bia,
1276 1127 1311 1189 et
1325 1119 1408 1190 inde
1429 1120 1535 1208 pedes
1560 1121 1796 1209 quadraginta
1810 1126 1954 1192 nobem:
1972 1125 2041 1192 hab
2057 1123 2145 1191 occi-

269 1270 389 1338 'dente
404 1270 474 1339 fine
490 1271 599 1340 leonti
614 1273 758 1355 hebrey,
778 1271 908 1341 atinde
924 1271 1029 1358 pedes
1054 1271 1114 1340 alii
1136 1271 1287 1360 triginta
1304 1293 1422 1343 unum:
1442 1273 1606 1361 desuper
1630 1294 1652 1344 a
1674 1277 1970 1362 septemtrionalis
1986 1276 2056 1344 dne
2070 1276 2147 1362 ipso

289 1443 388 1492 muro
404 1443 572 1510 suprano,
590 1427 625 1496 et
640 1426 721 1495 inde
737 1427 842 1513 pedes
858 1427 919 1495 alii
936 1419 1172 1514 quadraginta
1186 1429 1324 1511 nobem,
1342 1433 1580 1500 mensuratum
1605 1431 1649 1499 ad
1673 1431 1908 1517 supradictum
1933 1430 2072 1518 pedem3
2097 1431 2148 1499 ita

289 1578 373 1644 utet
388 1577 454 1662 ipsi
470 1578 601 1660 hebrey
613 1577 752 1646 licentia
767 1579 901 1648 habead
918 1579 994 1665 ipse
1009 1579 1100 1649 casis
1115 1579 1275 1662 similiter
1291 1581 1371 1651 inde
1387 1584 1547 1669 exsigere
1562 1585 1596 1649 et
1611 1601 1673 1666 yre
1687 1601 1764 1650 cnm
1781 1601 1840 1651 eas
1850 1585 1884 1652 et
1899 1601 1976 1650 curn
1989 1584 2148 1652 omnibus

290 1729 361 1798 suis
378 1729 564 1797 mobilibus
579 1729 637 1796 nbi
653 1727 838 1814 voluerint;
857 1731 892 1798 et
906 1731 1119 1815 ante-ipsum
1136 1729 1246 1801 ,iudex
1263 1731 1298 1799 et
1312 1729 1525 1817 subscriptos
1551 1729 1706 1814 ydoneos
1728 1733 1835 1802 testes*
1847 1732 1884 1799 in
1899 1688 2059 1802 omnibus
2078 1752 2150 1803 me·

291 1881 421 1950 liorata
437 1882 635 1968 comparuit
653 1900 728 1951 esse
743 1880 948 1968 supradicta
964 1885 1059 1950 terra
1074 1885 1209 1962 nostra,
1230 1902 1296 1967 que
1311 1883 1522 1968 inpartibus
1538 1884 1649 1970 ipsius
1675 1885 1818 1952 ecclesie
1845 1882 2012 1964 dedimus,
2030 1884 2074 1952 de
2089 1887 2151 1954 illa

289 2052 355 2120 que
370 2034 440 2101 hab
456 2033 530 2101 ibso
547 2035 672 2101 abbate
687 2033 895 2119 recepimus.
914 2033 956 2104 de
972 2051 1039 2119 qua
1055 2052 1117 2120 per
1133 2050 1223 2102 vona
1238 2031 1494 2102 combenientia
1509 2034 1628 2120 obligo
1643 2053 1697 2102 me
1723 2035 1782 2120 qui
1809 2053 1917 2119 supra
1933 2035 2150 2120 guaimarius

289 2203 404 2254 comes
421 2187 456 2253 et
471 2203 564 2254 meos
578 2185 670 2253 filios
685 2187 721 2254 et
735 2175 881 2254 heredes
907 2185 1031 2252 amodo
1055 2168 1091 2254 et
1117 2203 1256 2271 semper
1282 2189 1487 2272 prephatam
1514 2189 1668 2256 nostram
1695 2186 1949 2268 mediationem,
1969 2191 2006 2256 nt
2020 2189 2148 2257 dictum

291 2339 355 2416 est,
373 2337 439 2403 tibi
454 2334 573 2420 tuique
589 2336 845 2404 successoribus
862 2335 948 2402 etin
965 2353 1049 2420 pars
1066 2335 1177 2424 ipsius
1193 2335 1337 2404 ecclesie
1353 2335 1556 2407 antistamus
1570 2339 1604 2406 ct
1616 2336 1835 2408 wdefensemus
1856 2337 1899 2405 ab
1915 2339 2074 2408 omnibus
2088 2341 2150 2408 ho·
2251 2307 2252 2310 Ἴ

288 2489 440 2556 minibus
453 2489 615 2575 omnique
626 2488 797 2576 partibus3
815 2491 849 2557 et
861 2489 974 2575 qualis
989 2490 1144 2574 tempore
1155 2507 1239 2575 pars
1252 2489 1360 2575 ipsius
1375 2492 1516 2559 ecclesie
1531 2489 1678 2558 uoluerit
1689 2510 1752 2577 per
1764 2511 1801 2559 se
1814 2489 1894 2560 inde
1909 2495 1999 2562 esset
2014 2496 2149 2564 autores

287 2643 363 2712 rice
378 2646 513 2722 nostra,
532 2645 739 2728 potestatem
756 2641 900 2721 habead,
919 2661 996 2710 cum
1014 2644 1116 2728 quale
1140 2644 1315 2712 monimen
1332 2644 1552 2712 strationem
1574 2643 1655 2711 inde
1670 2646 1797 2713 habere
1820 2641 2008 2730 potuerint,
2027 2647 2063 2714 in
2079 2663 2150 2713 orn·
2260 2727 2269 2733 ¹

291 2797 392 2864 uibus
409 2797 491 2864 inde
507 2814 649 2865 causare
665 2797 699 2866 et
714 2796 818 2866 linem
836 2797 952 2864 lacere
966 2797 1002 2862 et
1017 2813 1075 2863 eos
1091 2796 1156 2862 sivi
1172 2794 1374 2884 defensare3
1392 2815 1487 2877 nam,
1506 2797 1642 2882 quando
1657 2817 1721 2866 nos
1737 2798 1914 2884 nostrique
1936 2797 2026 2866 filios
2042 2801 2078 2867 et
2091 2801 2151 2869 he-

253 3021 256 3025 ,
290 2948 390 3016 redes
407 2947 602 3034 quesieritis
618 2948 698 3018 inde
714 2950 844 3019 babere
868 2952 1020 3029 autores,
1040 2967 1104 3015 nos
1122 2950 1238 3016 autem
1261 2948 1441 3034 nostrique
1467 2949 1557 3016 filios
1572 2949 1606 3018 et
1620 2948 1739 3018 credes
1763 2947 1978 3040 defensemus
1993 2953 2028 3017 et
2042 2949 2152 3017 adim-

289 3104 445 3188 pleamus
472 3105 569 3172 vobis
595 3101 788 3189 vestrisque
810 3102 1061 3172 successoribus
1076 3105 1110 3172 et
1126 3104 1163 3170 in
1190 3120 1274 3188 pars
1297 3101 1407 3188 ipsius
1431 3103 1573 3172 ecclesie
1596 3103 1722 3183 omnia,
1749 3104 1916 3189 quantum
1932 3104 1966 3172 et
1981 3101 2151 3188 quomodo

287 3257 447 3342 superius
461 3257 605 3352 legitur.
624 3257 654 3324 si
672 3260 799 3337 autem,
820 3258 911 3325 sicut
937 3255 1146 3334 dictumest,
1167 3255 1283 3322 taliter
1300 3257 1378 3354 illut
1393 3254 1489 3324 vobis
1515 3273 1586 3322 non
1614 3243 1925 3333 defensaverimus,
1944 3257 2006 3321 aut
2032 3254 2063 3321 si
2085 3271 2150 3321 nos

291 3411 470 3494 nostrique
486 3410 552 3477 filii
568 3413 602 3479 et
617 3411 735 3478 credes
752 3409 1067 3496 quomodocumque
1085 3427 1148 3494 per
1164 3410 1415 3494 qualecumque
1439 3409 1575 3478 ratione
1590 3407 1815 3494 quesierimus
1842 3408 1940 3475 illum
1956 3409 2011 3475 uel
2026 3405 2152 3475 exinde

285 3563 383 3630 vobis
399 3563 588 3648 vestrisque
610 3564 865 3632 successoribus
890 3565 1010 3630 tollere
1027 3565 1087 3628 aut
1103 3563 1276 3640 contrane,
1302 3579 1362 3629 seu
1378 3562 1567 3639 remobere,
1587 3577 1649 3645 per
1673 3577 1763 3626 vona
1778 3561 2033 3629 combenientia
2060 3580 2152 3628 com-

290 3731 421 3798 ponere
445 3714 562 3798 obligo
581 3730 641 3781 me
663 3715 798 3800 meique
812 3713 902 3782 filios
918 3715 953 3781 et
967 3712 1113 3781 heredes
1127 3711 1170 3779 ad
1188 3712 1462 3796 componendum
1479 3711 1542 3778 tibi
1559 3712 1678 3796 tuique
1694 3715 1951 3781 successoribus
1967 3719 2001 3780 et
2017 3713 2052 3780 in
2070 3731 2153 3799 pars

290 3866 400 3952 ipsius
416 3867 560 3935 ecclesie
576 3870 749 3935 trecentos
766 3868 844 3936 anri
872 3868 1000 3937 solidos
1026 3867 1249 3954 costantinos'.
1269 3869 1304 3936 et
1319 3867 1383 3934 tali
1411 3864 1533 3933 ordine
1547 3868 1582 3933 te
1597 3865 1795 3936 romoaldus
1821 3867 1980 3934 notarius
2002 3865 2154 3934 scribere

287 4017 503 4100 rogabimus.
525 4019 638 4084 actum
656 4019 806 4086 salerno.
826 4021 1065 4086 verumtamen
1092 4019 1157 4083 hoc
1184 4033 1430 4095 memoramus,
1449 4016 1614 4101 quoniam
1641 4015 1719 4101 ipsa
1745 4018 1849 4096 terra,
1868 4035 1972 4103 quarn
1989 4019 2149 4102 superius

288 4187 352 4236 nos
370 4170 435 4236 tibi
451 4169 615 4238 domnelli
632 4155 817 4255 presbiteri
834 4173 868 4237 et
883 4169 999 4237 abbati
1017 4167 1233 4246 tradidimus
1251 4169 1304 4235 est
1319 4186 1382 4252 per
1398 4165 1620 4250 longitudine
1635 4182 1731 4235 secus
1746 4167 1824 4252 ipsa
1839 4169 1898 4235 bia
1913 4169 2072 4236 carraria
2095 4188 2154 4254 pe-
2232 4223 2235 4236 ,

290 4321 351 4389 des
366 4319 604 4405 quadraginta
620 4340 727 4388 unum
743 4323 778 4388 et
791 4319 893 4388 uncie
908 4320 986 4398 due,
1004 4321 1039 4387 et
1053 4337 1153 4386 secus
1168 4317 1244 4403 ipse
1261 4335 1362 4386 muro
1377 4316 1539 4385 similiter
1555 4315 1618 4400 p'er
1634 4313 1855 4401 longitudine
1871 4316 1975 4402 pedes
1991 4317 2052 4384 alii
2069 4335 2153 4403 qna·

292 4475 459 4561 draginta
475 4495 595 4556 unum,
609 4477 644 4546 et
659 4475 726 4542 due
741 4474 853 4560 partis
868 4475 911 4543 de
926 4477 1040 4561 ipsum
1057 4473 1156 4561 pede3
1174 4476 1209 4540 et
1224 4473 1301 4558 ipsa
1316 4474 1411 4539 terra
1426 4490 1527 4556 quam
1546 4488 1639 4538 avos
1651 4470 1855 4556 recepimus,
1871 4474 1939 4539 hab
1951 4449 2083 4541 oriente
2098 4471 2150 4540 in-

291 4629 443 4714 cipiente
459 4646 482 4696 a
498 4631 654 4710 cantone,
670 4630 730 4715 qui
741 4633 793 4698 est
809 4647 832 4697 a
847 4631 950 4714 parte
965 4625 1155 4696 occidentis
1169 4625 1212 4694 de
1228 4625 1302 4711 ipso
1313 4625 1487 4694 delusurio
1502 4628 1536 4693 et
1547 4621 1696 4710 qualiter
1712 4615 1889 4695 descendit
1901 4629 2033 4693 rectum
2049 4643 2155 4712 usque

210 4845 212 4848 .
292 4781 328 4847 in
345 4781 420 4866 ipsa
435 4780 502 4860 bia,
520 4771 651 4850 et'sunt
673 4780 754 4849 inde
777 4781 882 4867 pedes
896 4745 1047 4868 triginta
1068 4780 1146 4848 dno:
1173 4777 1355 4848 ameridie
1381 4797 1480 4848 secus
1507 4779 1585 4864 ipsa
1611 4778 1668 4845 bia
1694 4745 1800 4846 habet
1826 4777 1908 4846 inde
1934 4777 2154 4864 longitudine

294 4931 360 5017 ipsi
376 4932 481 5020 pedes
497 4933 733 5021 quadraginta
748 4937 883 5015 nobem,
902 4937 937 5002 et
952 4935 1013 5003 alii
1029 4933 1265 5020 quadraginta
1287 4933 1411 5001 nobem
1430 4951 1494 5018 per
1517 4931 1741 5018 longitudine
1764 4949 1862 5001 secus
1886 4931 1961 5018 ipso
1983 4951 2083 5000 muro
2098 4950 2155 5000 su-

296 5106 420 5174 prano,
440 5092 550 5158 totum
568 5091 807 5159 mensuratum
823 5089 866 5156 ad
882 5088 1120 5175 supradictum
1137 5086 1266 5174 pedem
1277 5102 1339 5172 per
1353 5085 1552 5173 supradicta
1568 5083 1791 5171 obligatione.
1809 5088 1843 5152 et
1853 5083 1969 5153 taliter
1984 5083 2156 5152 subiunsit

291 5258 358 5326 ego
376 5242 597 5328 supradictus
611 5241 790 5311 romoaldo
806 5242 974 5311 notarius

348 5370 459 5484 †ego
472 5397 627 5486 desigius

350 5519 461 5634 †ego
476 5549 536 5634 qui
552 5567 658 5635 snpra
673 5550 792 5636 petrus
806 5547 912 5617 iudex

289 5671 292 5678 ¹
350 5669 459 5784 †ego
476 5703 594 5786 petrus

350 5821 379 5932 †
395 5870 461 5938 ego
477 5853 679 5938 guaiferius.

502 6070 564 6114 Tou.
578 6069 609 6114 ll.
