5286 7098
531 589 592 652 112
1195 517 1358 640 co'osx
1400 565 1632 639 cnvuusvs

485 820 671 888 clementia
685 817 801 903 presul
817 813 936 883 sancte
950 809 1041 880 sedis
1057 813 1211 896 pestene
1229 809 1392 894 quoniam
1408 807 1586 892 preteritis
1601 805 1680 874 dedi
1703 806 1748 874 ed
1771 825 1888 876 omnes
1911 808 2126 879 atrianenses
2141 829 2203 897 per
2217 827 2343 882 conve-

486 970 654 1042 nientiam
666 986 730 1054 per
745 969 879 1036 cartule
893 965 936 1034 de
950 983 1006 1034 res
1021 933 1064 1032 de
1080 961 1281 1032 luceniense
1292 961 1421 1029 finibus
1437 959 1483 1028 da
1498 961 1641 1038 vallone,
1655 959 1711 1026 ubi
1727 960 1869 1028 fontana
1883 963 1936 1028 est
1958 959 1996 1028 in
2018 979 2177 1040 arenosa,
2195 964 2231 1030 et
2244 968 2344 1048 parte

472 1193 479 1202 „
488 1120 633 1190 orientis
654 1139 761 1205 usque
775 1119 844 1186 duo
860 1118 1019 1196 flumine,
1036 1119 1071 1184 et
1086 1115 1242 1184 demere
1256 1115 1295 1182 in
1309 1131 1413 1199 supra
1428 1115 1465 1179 in
1481 1113 1575 1180 omni
1591 1115 1667 1180 loco
1689 1112 1841 1180 miliaria
1863 1112 1944 1181 due.
1963 1113 2064 1181 Modo
2080 1113 2218 1199 quidem
2239 1131 2344 1185 vene-

487 1274 571 1340 runt
585 1271 630 1340 ad
647 1290 702 1340 me
718 1260 877 1338 homines
893 1271 1109 1338 etrienenses
1124 1270 1194 1334 tem
1211 1283 1275 1352 pro
1299 1284 1347 1344 se,
1365 1284 1469 1350 quem
1493 1268 1528 1332 et
1542 1282 1606 1350 pro
1628 1265 1714 1333 alios
1729 1265 1953 1344 atrianenses,
1972 1255 2031 1351 qui
2052 1266 2095 1334 ad
2111 1268 2346 1336 navicandum

489 1429 581 1506 sunt,
600 1426 659 1512 qui
674 1425 840 1494 dixerunt
854 1425 974 1503 michi,
991 1427 1039 1502 ut,
1059 1425 1088 1491 si
1105 1423 1301 1536 dederimus
1316 1439 1436 1490 eorum
1452 1420 1495 1488 de
1512 1439 1568 1488 res
1585 1421 1700 1506 ibique
1714 1421 1908 1501 coniuncte,
1927 1421 2017 1490 idest
2032 1423 2078 1491 de
2092 1423 2171 1509 ipsa
2192 1423 2259 1492 duo
2281 1425 2347 1494 du·

488 1577 594 1656 mina,
613 1579 648 1644 et
663 1595 768 1662 usque
783 1577 896 1644 locum
920 1577 977 1660 qui
994 1574 1120 1642 dicitur
1144 1575 1320 1652 mamilia,
1338 1573 1433 1641 etde
1456 1573 1607 1640 marein
1624 1591 1729 1658 supra
1752 1573 1898 1642 latitudo
1919 1576 1958 1682 in
1980 1578 2075 1644 omni
2098 1579 2172 1644 loco
2198 1579 2349 1646 miliaria

490 1729 670 1815 quadtuor‚
689 1731 724 1796 et
739 1729 785 1796 da
801 1729 879 1813 ipsa
894 1727 961 1794 duo
977 1727 1119 1795 flumina
1134 1727 1171 1793 in
1186 1727 1286 1811 perte
1301 1725 1490 1792 occidentis
1505 1744 1612 1810 usque
1629 1743 1729 1810 equa,
1745 1745 1808 1811 que
1823 1727 1950 1797 dicitur
1964 1730 2147 1808 vellonicu,
2162 1733 2197 1797 et
2211 1729 2257 1797 de
2271 1731 2350 1814 ipse

491 1883 609 1967 priore
631 1881 700 1947 fine
723 1880 769 1947 da
791 1881 867 1964 ipso
894 1881 1040 1958 vallone,
1067 1881 1102 1946 et
1116 1877 1262 1945 fontana
1283 1876 1329 1943 da
1350 1878 1428 1962 ipse
1450 1894 1596 1944 arenosa
1621 1881 1789 1962 pergente
1811 1879 1849 1945 in
1875 1881 2011 1964 perlem
2035 1880 2222 1948 occidentis
2243 1900 2351 1966 usque

492 2052 589 2118 aqua,
616 2050 682 2117 que
708 2031 836 2099 dicitur
863 2031 1031 2109 silefone,
1056 2035 1089 2100 et
1115 2031 1158 2097 da
1186 2049 1283 2097 mere
1314 2033 1351 2097 in
1378 2049 1486 2114 supra
1515 2033 1681 2115 pergente
1708 2049 1770 2115 per
1796 2031 1872 2116 ipso
1898 2032 2069 2099 vellonicu
2099 2033 2279 2118 longitudo
2303 2033 2350 2100 de

494 2184 572 2267 ipso
594 2182 761 2248 villonicu
784 2182 818 2249 et
841 2199 947 2265 usque
970 2181 1008 2248 in
1030 2180 1105 2266 ipso
1127 2180 1263 2250 silisone
1286 2179 1332 2246 da
1362 2198 1459 2247 mare
1487 2182 1525 2247 in
1546 2199 1654 2264 supra
1677 2179 1711 2246 in
1735 2182 1829 2247 omni
1855 2183 1930 2249 loco
1952 2183 2106 2250 miliaria
2132 2185 2221 2262 tria,
2247 2190 2281 2252 et
2306 2184 2350 2250 da

494 2337 570 2419 ipso
597 2337 734 2402 vallone
757 2334 800 2402 de
826 2337 902 2420 ipse
924 2351 1083 2412 arenosa,
1112 2333 1202 2418 quod
1224 2337 1277 2400 est
1299 2333 1417 2418 priore
1439 2334 1519 2412 fine,
1545 2335 1581 2400 in
1604 2335 1697 2400 omni
1722 2337 1796 2402 loco
1818 2334 1865 2402 da
1888 2353 1986 2403 mare
2008 2336 2046 2402 in
2066 2355 2173 2421 supra
2200 2337 2351 2404 miliaria

495 2489 675 2575 quadtuor‚
694 2494 728 2558 et
744 2489 790 2556 da
806 2491 885 2574 ipsa
899 2491 969 2557 fine
984 2491 1112 2574 priore,
1128 2489 1171 2556 da
1187 2488 1277 2558 unde
1293 2489 1369 2574 ipsa
1383 2489 1501 2573 priore
1517 2493 1616 2556 certe
1631 2491 1797 2569 continet,
1817 2491 1853 2557 in
1870 2509 1977 2576 supra
1992 2491 2030 2558 in
2046 2492 2141 2560 omni
2156 2495 2231 2558 loeo
2246 2510 2352 2578 usque

497 2613 576 2726 ipse
591 2640 815 2709 dualiumine
830 2641 978 2708 latitudo
993 2641 1146 2709 miliaria
1167 2641 1247 2720 dua,
1274 2643 1326 2708 lta
1348 2643 1386 2706 ut
1412 2660 1488 2708 cum
1513 2641 1611 2720 illud,
1626 2641 1715 2726 quod
1737 2627 1812 2726 ips'e
1835 2643 1953 2727 priore
1975 2645 2108 2710 cartule
2130 2643 2291 2721 continet,
2305 2644 2351 2711 de

498 2793 574 2876 ipso
597 2793 736 2860 vallone
757 2791 801 2857 de
823 2791 900 2877 ipse
922 2809 1067 2858 arenosa
1088 2794 1123 2859 et
1145 2809 1253 2876 usque
1275 2791 1353 2876 ipse
1373 2791 1441 2858 dua
1463 2792 1619 2871 flumine,
1645 2797 1680 2859 et
1708 2792 1753 2858 de
1777 2811 1874 2861 mare
1896 2795 1933 2859 in
1963 2811 2070 2878 supra
2091 2813 2227 2879 semper
2249 2794 2295 2860 sit
2316 2795 2353 2860 in

498 2942 594 3008 omni
617 2943 692 3008 loco
715 2941 867 3008 miliaria
890 2941 1073 3026 quadtuor‚
1091 2945 1126 3009 et
1139 2943 1222 3009 dare
1238 2940 1364 3009 exinde
1379 2960 1400 3006 e
1414 2960 1496 3026 pers
1511 2943 1620 3010 nestri
1636 2941 1802 3027 episcopii
1818 2945 2004 3028 argentum
2019 2945 2123 3011 libres
2139 2944 2235 3012 mille
2255 2943 2354 3036 quin-

500 3093 682 3178 quaginta.
700 3095 783 3160 tunc
798 3094 952 3179 cepimus
968 3094 1095 3163 exinde
1111 3097 1237 3164 habere
1252 3097 1460 3181 colloquium
1476 3114 1554 3162 cum
1570 3096 1754 3164 richardus
1768 3097 1925 3164 noterius
1940 3096 2182 3165 advocatorem
2198 3099 2353 3166 nostrum

499 3247 534 3310 et
556 3262 634 3311 cum
658 3245 825 3314 iohannes
847 3248 1019 3331 presbiter
1042 3251 1077 3315 et
1100 3246 1323 3315 vicedomnus
1348 3249 1460 3314 nostri
1486 3248 1654 3333 episcopii
1681 3251 1816 3315 etcum
1843 3251 1954 3316 eleros
1980 3252 2128 3317 nostros.
2158 3250 2247 3318 Inito
2277 3267 2357 3317 con·

498 3395 587 3476 sili0,
619 3400 817 3482 comparuit
840 3399 1043 3469 nobis'dere
1066 3401 1143 3485 ipsa
1166 3419 1244 3477 res,
1269 3401 1304 3468 et
1326 3399 1556 3484 reciperemus
1578 3403 1622 3468 eb
1645 3402 1723 3469 aliis
1751 3401 1827 3486 ipso
1850 3403 2048 3485 argentum,
2074 3401 2166 3470 unde
2193 3402 2357 3469 faciamus

499 3551 617 3633 plures
640 3552 776 3617 levones
799 3551 836 3617 in
859 3551 935 3634 ipso
957 3551 1133 3635 episcopio
1158 3568 1200 3618 ea
1225 3569 1291 3635 que
1317 3551 1416 3618 nobis
1439 3553 1633 3634 necessaria
1656 3553 1747 3619 sunt.
1766 3552 1801 3619 et
1822 3551 1899 3619 idco
1925 3570 2028 3636 super
2055 3529 2168 3636 ipsam
2194 3571 2251 3620 res
2278 3571 2354 3620 cum

500 3701 615 3785 ipsum
638 3699 892 3777 advocatorem,
918 3704 1046 3769 etcum
1069 3702 1183 3787 ipsum
1208 3700 1456 3779 vicedomnum,
1477 3704 1511 3770 et
1533 3720 1612 3774 cum
1634 3705 1752 3786 petrus
1777 3702 1891 3780 iudex,
1917 3705 1952 3771 et
1974 3721 2051 3770 cum
2068 3703 2157 3771 alios
2174 3722 2279 3770 venos
2295 3705 2357 3769 ho-

501 3851 613 3919 mines
627 3853 859 3936 perreximus,
887 3854 923 3920 et
945 3871 1023 3920 cum
1045 3871 1182 3920 summe
1197 3852 1381 3938 diligentia
1404 3851 1487 3920 illud
1505 3852 1776 3939 adpretiabimus
1802 3855 1893 3922 esset
1915 3855 2099 3922 velientem
2118 3856 2300 3940 argentum
2316 3855 2358 3922 li-

501 4003 584 4070 bres
606 4004 715 4071 millo.
743 4007 825 4072 cum
848 4007 965 4073 eutem
989 4005 1116 4072 exinde
1138 4006 1265 4072 suimus
1289 4007 1421 4073 reversi
1445 4005 1534 4075 intus
1560 4023 1598 4073 ec
1626 4007 1766 4073 civitate
1788 4006 1918 4074 salerni
1941 4008 1975 4073 et
2005 4006 2123 4073 omnia
2150 4023 2213 4091 per
2239 4004 2358 4072 ordine

503 4155 712 4240 supradictis
735 4158 857 4241 magni
880 4157 1094 4244 principibus
1109 4157 1359 4234 nuntiabimus,
1378 4157 1445 4242 ipsi
1463 4176 1544 4226 vcro
1559 4177 1580 4226 e
1594 4158 1658 4226 deo
1674 4160 1892 4232 conservatos
1908 4157 2135 4242 principibus,
2153 4155 2234 4222 dum
2250 4173 2358 4240 agno-

502 4310 639 4388 berunt,
664 4308 754 4394 quod
781 4311 907 4376 bonum
923 4325 1006 4394 pars
1020 4311 1133 4378 nostri
1149 4310 1318 4396 episcopii
1335 4310 1485 4390 ebenire,
1501 4311 1751 4379 absolutionem
1775 4303 1874 4378 nobis
1897 4309 2067 4377 dederunt
2082 4310 2357 4378 convenientiam

502 4461 571 4528 ista
594 4463 726 4542 secere,
751 4465 786 4530 et
808 4462 918 4547 ipsius
946 4466 1037 4549 petri
1061 4463 1165 4532 iudici
1189 4465 1406 4548 precepimus
1430 4464 1521 4530 inter
1543 4481 1607 4530 nos
1628 4463 1813 4532 exendum.
1838 4464 1917 4548 post
1937 4479 1978 4529 oc
2001 4463 2143 4542 sactum,
2169 4480 2236 4548 ego
2260 4481 2358 4547 supe-

502 4611 578 4678 rius
592 4610 704 4679 dictus
727 4611 843 4696 pendo
865 4612 994 4680 domini
1018 4613 1255 4682 misericordia
1269 4613 1438 4698 pontifex,
1457 4631 1529 4682 une
1544 4631 1679 4681 mecum
1701 4611 1819 4680 edesse
1842 4612 1916 4697 ipse
1939 4611 2125 4680 advocator
2140 4613 2175 4679 et
2190 4611 2358 4680 vicedom-

503 4779 570 4830 nus
594 4764 675 4830 ente
697 4765 910 4847 presentiam
937 4762 1050 4849 ipsius
1073 4763 1202 4843 iudici,
1227 4767 1261 4832 et
1288 4765 1369 4832 ente
1394 4765 1480 4831 alios
1507 4767 1610 4832 testes
1633 4781 1696 4850 per
1722 4763 1997 4830 convenientiam
2022 4781 2084 4847 per
2110 4764 2200 4829 hanc
2227 4763 2356 4828 certam

506 4915 678 4984 tradimus
700 4917 796 4985 vobis
815 4916 859 4984 ed
885 4935 1003 4986 omnes
1026 4919 1253 5004 suprascripti
1276 4917 1490 4988 etrienenses
1512 4919 1588 4986 vice
1611 4923 1727 4986 vestra
1749 4922 1784 4984 et
1806 4917 1881 4992 vice
1904 4916 1947 4984 de
1971 4918 2032 4985 alii
2058 4916 2271 4992 atrianensi,
2300 4915 2357 4998 qui

506 5067 551 5136 ad
575 5068 805 5138 novicendum
829 5072 921 5149 sunt,
940 5087 1059 5138 omnes
1081 5071 1279 5156 supradicte
1301 5090 1368 5150 res,
1387 5074 1551 5157 quantum
1570 5089 1677 5157 supra
1698 5070 1851 5138 diximus
1865 5070 1966 5137 extre
1988 5069 2085 5147 illud,
2100 5067 2189 5153 quod
2203 5065 2360 5152 superius

505 5237 568 5302 per
595 5220 672 5305 ipsa
694 5223 793 5287 carta
815 5220 913 5288 vobis
945 5220 1062 5288 datum
1088 5223 1282 5300 habuimus,
1309 5221 1352 5288 ed
1377 5221 1555 5300 securiter,
1582 5223 1617 5288 et
1632 5205 1785 5287 'firmiter
1808 5219 1929 5286 amodo
1952 5221 1987 5288 et
2009 5236 2146 5303 semper
2169 5237 2228 5286 vos
2251 5217 2361 5284 bomi-

508 5591 522 5632 u
538 5576 639 5634 domni
654 5579 747 5634 nostri
768 5579 875 5652 rogerii
897 5579 1015 5652 gloriosi
1029 5579 1123 5649 ducis,
1138 5593 1241 5634 mense
1255 5577 1360 5634 martio
1382 5575 1554 5634 duodecime
1571 5575 1738 5632 indictione.
1753 5575 1828 5630 Ante
1848 5589 1895 5630 me
1916 5572 2096 5630 ademarium
2111 5573 2238 5630 Iudicem
2258 5571 2363 5627 ioben·

506 5717 590 5761 unes
610 5703 773 5760 monachus
793 5703 962 5760 monasterii
984 5711 1083 5760 sancte
1104 5711 1133 5759 et
1153 5700 1302 5758 individue
1324 5701 1461 5758 trinitatis
1482 5699 1611 5757 ostendit
1631 5715 1720 5756 unam
1741 5699 1883 5756 cartulam
1905 5697 2107 5756 continentem
2130 5698 2199 5757 itae
2222 5695 2364 5769 Sequitur

505 5839 538 5885 ul
558 5845 646 5902 supra
667 5827 907 5885 Instrumentum.
