5286 7098
1007 525 1376 672 urruounrlous
1452 669 1455 678 A

1053 1031 1326 1114 CCCXIII.

1047 1276 1102 1353 A.
1140 1276 1191 1353 D.
1230 1273 1336 1354 979.

310 1541 346 1678 †
361 1595 400 1660 In
415 1591 555 1660 nomine
570 1589 702 1660 domini
717 1591 894 1660 tricesimo
909 1593 1007 1661 sexto
1025 1607 1118 1658 anno
1133 1588 1350 1674 principatus
1366 1587 1483 1656 domni
1498 1591 1608 1658 nostri
1625 1589 1766 1674 paldolli
1782 1590 1925 1676 gloriosi
1943 1593 2113 1680 principis

250 1743 287 1811 et
302 1743 415 1828 primo
433 1759 526 1812 anno
542 1743 617 1813 eius
632 1746 774 1826 salerni,
793 1747 828 1814 et
844 1745 965 1831 quinto
980 1761 1072 1813 anno
1087 1743 1303 1830 principatus
1318 1741 1437 1809 domni
1453 1741 1597 1828 paldclfl
1620 1743 1694 1812 eius
1718 1744 1803 1824 iilic,
1822 1763 1941 1813 mense
1964 1749 2110 1816 martius

250 1895 400 1983 septima
415 1893 616 1965 indictione.
636 1895 920 1963 memoratorium
938 1896 1064 1963 factua
1080 1913 1135 1962 me
1152 1895 1320 1963 martinus
1335 1895 1506 1978 presbiter
1522 1897 1557 1962 et
1579 1897 1686 1963 abbas
1710 1897 1878 1965 hecclesie
1900 1897 2013 1964 sancti
2037 1916 2111 1966 ma-

250 2051 338 2120 ximi
354 2068 423 2118 una
436 2067 569 2119 mecum
585 2049 703 2136 guido,
722 2051 781 2136 qui
798 2051 851 2118 est
867 2068 974 2118 unum
990 2049 1033 2118 de
1048 2049 1195 2118 dominii
1211 2048 1325 2144 ipsius·
1336 2050 1517 2126 hecclesie,
1535 2067 1575 2118 eo
1592 2049 1682 2136 quod
1699 2053 1780 2119 ante
1797 2049 1983 2135 subscrIpti
2006 2051 2112 2119 testes

251 2223 315 2292 per
330 2224 419 2273 vona
434 2205 692 2274 combenientia
706 2204 839 2290 guadia
855 2205 943 2272 mihi
961 2203 1055 2272 dedit
1070 2205 1191 2289 petrus
1205 2203 1294 2270 liver
1310 2206 1414 2269 bomo
1430 2206 1464 2270 et
1475 2204 1700 2273 mediatorem
1713 2206 1800 2274 milri
1811 2207 1925 2292 posuit
1936 2226 1972 2276 se
1984 2207 2109 2293 ipsum,

250 2361 285 2427 et
299 2376 361 2444 per
376 2356 495 2427 eadem
512 2356 644 2442 guadia
659 2356 857 2441 hobligabit
872 2359 991 2425 tenere
1007 2355 1051 2446 ad
1067 2374 1166 2424 suam
1181 2357 1387 2440 potestatem
1405 2372 1471 2422 una
1494 2355 1648 2423 clusuria
1674 2355 1717 2424 de
1745 2360 1841 2424 terra
1866 2359 1975 2426 bacua
2003 2357 2114 2442 ipsius

250 2511 418 2581 hecclesie
433 2511 648 2596 pertinentes
663 2511 753 2580 ulter
768 2511 939 2579 hecclesia
956 2511 1069 2578 sancti
1085 2510 1238 2577 ianuarii
1255 2510 1450 2595 propinquo
1468 2510 1541 2594 ipsa
1558 2510 1731 2578 hecclesia
1757 2513 1883 2588 locum,
1902 2512 1960 2596 qrri
1984 2510 2113 2580 dicitur

253 2667 342 2732 balle
353 2665 391 2751 ¹),
406 2683 469 2750 per
486 2666 550 2732 hec
567 2665 646 2732 linis
662 2667 697 2732 et
712 2664 898 2733 mensurIe.
918 2663 961 2731 de
976 2665 1095 2732 subter
1111 2665 1212 2748 parte
1228 2663 1299 2730 fine
1314 2664 1373 2730 bia
1388 2666 1447 2749 qui
1464 2664 1530 2732 suit
1545 2664 1675 2743 antica,
1690 2667 1741 2734 est
1757 2665 1837 2732 inde
1852 2681 1973 2748 passos
1988 2665 2117 2749 biginti

253 2821 346 2884 octo:
365 2817 408 2885 de
424 2833 493 2884 una
507 2819 609 2903 parte
623 2817 694 2884 fine
709 2817 820 2902 ipsius
835 2817 1003 2886 hecclesie
1019 2813 1133 2884 sancti
1151 2815 1313 2894 ianuarii,
1333 2819 1415 2883 sunt
1430 2815 1508 2884 inde
1524 2833 1643 2901 passos
1656 2817 1845 2900 sexaginta
1856 2816 1924 2884 duo
1939 2816 2115 2902 :desuper

253 2969 354 3054 parte
367 2967 438 3037 fine
452 2967 495 3036 de
510 2967 654 3037 heredes
671 2969 814 3049 maioni,
833 2973 869 3036 et
884 2967 964 3036 inde
980 2971 1061 3037 sunt
1077 2985 1197 3053 passos
1213 2967 1383 3052 triginta:
1402 2967 1445 3034 de
1460 2967 1530 3035 alia
1545 2969 1644 3051 parte
1660 2967 1728 3035 fine
1746 2967 1813 3044 bia,
1833 2971 1885 3035 est
1900 2966 1982 3034 inde
1997 2985 2117 3052 passos
2186 3033 2188 3040 ,

254 3121 477 3205 septuaginta
493 3121 580 3201 octo,
599 3123 709 3188 totum
725 3121 770 3188 ad
788 3121 875 3189 iusto
892 3140 1032 3206 passum
1049 3119 1183 3188 homini
1197 3121 1446 3192 mensuratum.
1465 3121 1529 3186 hec
1546 3136 1629 3186 vero
1644 3136 1701 3184 res
1717 3137 1779 3202 per
1802 3117 2000 3202 supradIota
2023 3136 2118 3184 men·

255 3279 351 3348 suria
366 3281 440 3347 tota
461 3281 496 3350 et
519 3279 638 3348 inclita
661 3297 739 3346 cum
763 3279 882 3346 omnia
898 3280 992 3346 intra
1006 3295 1044 3346 se
1060 3277 1241 3345 abentibus
1256 3277 1290 3343 et
1306 3293 1384 3342 cum
1408 3275 1483 3341 bice
1499 3273 1541 3341 de
1557 3274 1614 3340 bia
1628 3291 1694 3341 sua
1709 3274 1741 3340 ei
1756 3271 1886 3339 tradidi
1904 3271 1965 3338 tali
1983 3271 2115 3348 ordine,

257 3442 298 3506 ut
320 3437 441 3507 amodo
463 3441 498 3510 et
519 3457 629 3523 usque
651 3439 770 3507 decem
794 3439 878 3506 anni
901 3438 1063 3524 completi
1088 3436 1132 3505 ad
1155 3455 1254 3504 suam
1278 3433 1377 3505 etde
1400 3432 1471 3501 suis
1495 3430 1676 3502 heredibus
1699 3430 1745 3497 sit
1768 3428 1969 3514 potestatem
1998 3427 2119 3493 tenen-

255 3593 338 3660 dum
361 3595 396 3661 et
418 3593 679 3674 dominandum,
699 3597 734 3662 et
757 3595 854 3662 iobee
876 3597 911 3664 et
934 3594 1045 3664 omnis
1067 3611 1128 3661 sue
1153 3592 1296 3660 utilitati
1321 3591 1448 3658 ibidem
1472 3587 1734 3666 faciendumst
1756 3585 1826 3652 illis
1842 3589 2028 3670 pastenare
2045 3584 2123 3650 illut

259 3745 374 3826 binea,
400 3747 490 3813 sicut
513 3747 705 3833 meruerit3
729 3749 765 3813 et
788 3749 954 3831 quantum
980 3746 1098 3814 binum
1122 3747 1156 3812 et
1178 3743 1331 3811 frudium
1356 3743 1437 3811 inde
1460 3741 1588 3811 exierit
1610 3737 1734 3808 amodo
1759 3741 1794 3805 et
1816 3755 1922 3822 usque
1946 3737 2021 3822 ipso
2044 3753 2125 3803 con-

259 3897 444 3976 stitutum,
470 3899 579 3966 totum
602 3900 743 3966 illorum
765 3899 810 3969 sit
832 3899 995 3986 potestati
1020 3897 1217 3966 faciendum
1240 3895 1329 3981 quod
1353 3894 1515 3963 voluerit.
1541 3893 1584 3960 ad
1608 3892 1769 3977 completi
1799 3891 1867 3975 ipsi
1897 3889 2013 3958 decem
2038 3887 2123 3955 anni

258 4051 320 4118 ille
344 4055 460 4118 autem
484 4056 518 4119 et
541 4069 620 4120 suos
643 4052 788 4120 heredes
812 4055 937 4121 abeant
955 4053 991 4119 in
1008 4054 1081 4118 tota
1097 4052 1176 4136 ipsa
1192 4051 1287 4117 terra
1302 4066 1366 4134 per
1381 4048 1458 4132 ipsa
1480 4046 1658 4114 mensoria
1682 4045 1785 4110 binca
1809 4041 1990 4126 pastenata
2005 4042 2039 4108 et
2056 4040 2124 4104 iac-

260 4205 297 4269 ta
320 4207 354 4270 et
378 4206 536 4272 lavorata
558 4203 599 4274 de
622 4224 727 4291 super
758 4210 793 4274 et
815 4205 858 4272 de
887 4207 1021 4286 subter,
1047 4205 1138 4272 sicut
1160 4207 1254 4272 locus
1277 4203 1352 4288 ipse
1376 4199 1541 4269 meruerit
1563 4201 1602 4265 ut
1626 4198 1712 4264 bene
1735 4194 1866 4279 paread
1890 4192 2009 4275 sacta3
2034 4191 2068 4256 et
2091 4190 2121 4256 si

261 4357 457 4426 cannietum
481 4363 516 4426 et
538 4361 718 4440 salicetum
742 4359 870 4428 ibidem
895 4359 1066 4438 abuerint,
1093 4359 1128 4426 et
1150 4357 1195 4424 da
1217 4357 1284 4442 ipsi
1307 4355 1424 4424 decem
1448 4353 1532 4420 anni
1556 4351 1593 4419 in
1616 4353 1719 4417 antea
1740 4347 2020 4430 omnitempore,
2039 4340 2122 4408 dum

259 4505 319 4576 ille
340 4509 377 4575 et
399 4525 480 4576 suos
503 4508 649 4577 heredes
673 4509 844 4578 voluerint
867 4511 968 4576 rebus
993 4508 1071 4593 ipsa
1095 4509 1224 4585 tenere,
1251 4523 1312 4572 suc
1335 4503 1407 4574 sint
1429 4501 1589 4588 potestati
1613 4517 1673 4568 eos
1695 4495 1891 4573 tenendum,
1910 4495 1946 4561 et
1968 4493 2064 4562 lobee
2087 4493 2122 4558 et

261 4661 373 4727 omnis
398 4678 460 4729 sue
483 4661 646 4728 utilitatis
668 4659 796 4728 ibidem
821 4659 1035 4738 laciendum,
1061 4661 1096 4728 et
1118 4657 1190 4725 illis
1214 4656 1410 4723 annualiter
1435 4655 1506 4720 tota
1528 4652 1607 4737 ipsa
1629 4649 1732 4717 binea
1755 4650 1916 4717 lavorare
1938 4646 1974 4714 et
1989 4645 2120 4711 cultore

262 4809 305 4878 de
327 4829 433 4898 super
456 4811 558 4880 etde
582 4814 711 4893 subter,
738 4814 828 4882 sicut
851 4815 946 4881 locus
969 4813 1044 4898 ipse
1067 4809 1233 4879 meruerit
1258 4810 1294 4876 ut
1317 4811 1404 4876 bene
1427 4805 1558 4892 paread
1581 4803 1750 4881 luvocata,
1776 4804 1810 4870 et
1831 4800 1964 4870 salbam
1996 4797 2121 4874 lacere,

262 4965 297 5030 et
318 4915 383 5050 per
407 4965 578 5034 bindemie
602 4966 716 5035 saciad
739 4966 828 5036 scire
851 4985 933 5054 pars
957 4969 1068 5053 ipsius
1090 4964 1288 5043 hecclesie,
1314 4965 1352 5029 ut
1374 4960 1503 5029 ibidem
1526 4959 1662 5043 dirigat
1685 4955 1827 5024 missum
1851 4971 1963 5031 suum,
1989 4953 2023 5020 et
2053 4947 2125 5015 illis

267 5118 368 5188 binea
391 5119 469 5204 ipsa
493 5118 720 5199 bindemiare,
746 5121 781 5188 et
803 5136 906 5203 poma
928 5117 1054 5187 exinde
1071 5109 1238 5203 colligere
1255 5115 1345 5184 sicut
1360 5113 1538 5191 meruerit,
1557 5115 1591 5181 et
1606 5111 1773 5197 quantum
1797 5106 1916 5172 binum
1932 5087 2124 5169 inde'exie-

264 5270 312 5337 rit
334 5271 460 5356 ibique,
486 5271 645 5340 dibidant
667 5273 746 5341 illut
768 5273 805 5340 in
828 5273 969 5342 tertiam
991 5275 1153 5358 partem:
1183 5271 1252 5338 illis
1275 5271 1377 5337 tollat
1400 5266 1481 5336 inde
1504 5267 1571 5334 due
1594 5263 1722 5341 sortis,
1749 5262 1784 5328 et
1806 5275 1889 5344 pars
1912 5255 2020 5343 ipsius
2044 5255 2125 5320 hee-

265 5423 366 5492 clesie
388 5443 485 5505 uua,
511 5427 647 5513 etipsa
670 5446 774 5513 poma
796 5428 957 5496 similiter
980 5426 1148 5496 dividant.
1174 5428 1209 5494 et
1231 5443 1253 5493 a
1276 5441 1343 5510 quo
1370 5423 1416 5490 da
1439 5422 1507 5507 ipsi
1529 5421 1646 5488 decem
1670 5414 1753 5482 anni
1785 5413 1945 5481 inantea
1968 5426 2039 5477 non
2066 5425 2126 5475 vo·

265 5578 396 5646 luerint
427 5579 463 5645 in
494 5577 694 5664 supradicto
718 5578 839 5648 ordine
862 5582 965 5649 rebus
995 5579 1074 5664 ipsa
1104 5580 1246 5656 tenere,
1274 5575 1478 5660 potestatem
1511 5573 1637 5638 abeant
1668 5567 1738 5635 illis
1767 5563 1894 5634 exinde
1923 5562 2021 5630 exire
2047 5578 2126 5626 cum

323 5883 346 5956 ⁸)
367 5885 453 5958 Balla,
475 5886 558 5944 locus
579 5901 665 5960 supra
686 5885 850 5944 Salernum.
