5216 7092
576 583 634 647 136
1237 558 1401 629 donax
1441 559 1674 630 dlvbdsls

524 815 616 880 inter
628 830 667 879 ec
678 813 780 878 robus
792 812 826 876 et
837 812 939 876 rebus
954 805 1036 883 aldi,
1055 801 1180 872 deinde
1195 802 1344 886 qualiter
1359 799 1546 879 descendit,
1565 801 1655 868 sieut
1669 803 1811 870 termini
1827 805 1930 888 positi
1944 809 2026 872 sunt
2037 805 2127 874 inter
2139 825 2179 874 ac
2193 812 2293 877 rebus
2306 831 2378 880 mea

527 970 562 1033 et
578 969 677 1032 rebus
692 963 802 1048 ipsius
819 959 975 1028 iamdicti
993 957 1064 1026 aldi
1080 959 1115 1024 et
1131 955 1173 1022 ab
1189 954 1270 1022 inde
1285 954 1454 1038 quomodo
1471 954 1646 1023 descendit
1661 941 1725 1039 per
1742 956 1918 1035 terminos,
1939 957 1997 1042 qui
2015 941 2118 1043 positi
2143 964 2222 1028 sunt
2244 962 2334 1030 inter
2345 983 2381 1030 ec

526 1121 631 1186 rebus
646 1119 681 1184 et
697 1083 800 1184 rebus
816 1115 876 1182 effi
892 1113 983 1183 etde
999 1114 1072 1182 eius
1088 1110 1304 1177 consortibus
1320 1127 1426 1192 usque
1442 1109 1479 1175 in
1495 1108 1616 1186 limite,
1635 1109 1694 1192 qui
1710 1112 1762 1176 est
1777 1110 1869 1177 inter
1886 1129 1926 1177 ae
1943 1111 2046 1180 rebus
2069 1115 2103 1179 et
2125 1116 2227 1182 rebus
2249 1115 2378 1184 danseri

526 1272 589 1339 filii
605 1273 696 1340 leoni
713 1273 747 1338 et
762 1269 805 1338 de
821 1270 894 1338 eius
907 1241 1142 1336 consortibus:
1161 1263 1285 1331 deinde
1302 1263 1497 1331 rebolbente
1512 1265 1546 1330 et
1569 1263 1719 1348 qualiter
1743 1262 1837 1366 uadit
1859 1283 1921 1348 per
1944 1265 2062 1332 eodem
2086 1267 2197 1334 limite
2220 1287 2325 1354 usque
2347 1272 2382 1336 in

527 1425 725 1502 terminum,
745 1424 789 1490 ab
812 1423 930 1491 eodem
954 1419 1101 1488 termino
1125 1418 1323 1484 revolhente
1346 1417 1381 1482 et
1403 1416 1572 1500 quomodo
1588 1415 1744 1483 ascendit
1766 1433 1872 1502 usque
1888 1417 1924 1485 in
1940 1418 2008 1484 alio
2032 1421 2192 1498 termine,
2211 1421 2270 1504 qui
2293 1391 2402 1490 stare

530 1577 665 1647 videtur
680 1596 767 1661 erga
783 1576 982 1662 supradicta
996 1576 1056 1642 ria
1071 1575 1107 1641 et
1121 1572 1343 1655 reconiungit
1358 1571 1395 1636 in
1412 1569 1532 1638 eadem
1549 1572 1615 1637 via.
1636 1576 1728 1640 Inter
1745 1572 1811 1639 isle
1827 1590 1909 1640 vero
1925 1572 2016 1656 finis,
2034 1575 2158 1658 quibus
2181 1575 2382 1660 prelegitur‚

529 1731 640 1796 totum
657 1731 691 1796 et
707 1728 883 1811 integrum
900 1727 962 1792 tibi
980 1727 1056 1792 illut
1072 1727 1108 1790 in
1124 1722 1270 1808 pignum
1287 1721 1402 1806 posuit
1418 1740 1496 1787 cum
1512 1722 1635 1793 trasita
1650 1725 1685 1790 et
1699 1725 1794 1791 exita
1809 1741 1870 1791 sua
1886 1725 2013 1790 etcum
2029 1724 2175 1792 inferius
2186 1729 2221 1793 et
2232 1727 2387 1810 superius

528 1881 637 1966 adque
654 1898 730 1946 curn
747 1880 865 1946 omnia
881 1897 945 1946 sua
960 1877 1192 1962 pertinentia:
1205 1871 1344 1940 tantmn
1362 1874 1490 1943 exinde
1506 1876 1694 1958 exceptabo
1712 1875 1821 1941 tribus
1836 1878 1924 1943 talea
1940 1877 1982 1943 de
2000 1869 2090 1945 mela
2103 1879 2137 1946 et
2159 1878 2301 1963 integra
2324 1897 2390 1945 me

531 2033 660 2100 dietate
676 2032 719 2099 dc
736 2036 812 2098 octo
828 2033 961 2110 salices,
980 2031 1039 2117 qui
1055 2034 1146 2098 stare
1161 2029 1295 2096 videtur
1312 2031 1349 2095 in
1365 1988 1443 2113 ipsa
1458 2032 1561 2096 terna
1577 2047 1730 2114 suprana
1746 2034 1781 2096 et
1795 2030 1884 2113 quod
1902 2033 1955 2096 est
1970 2030 2182 2114 pertinentes
2204 2034 2285 2117 ipsa
2309 2033 2388 2098 iam·

529 2187 622 2252 dicta
640 2186 729 2252 mela
747 2187 780 2252 et
795 2185 862 2269 ipsi
879 2185 1002 2250 salices
1016 2183 1085 2250 aldi
1103 2181 1165 2249 filii
1182 2186 1253 2248 ursi
1271 2201 1346 2248 cum
1363 2182 1494 2259 andit0,
1513 2184 1607 2249 velut
1621 2181 1757 2250 brebem
1775 2181 1884 2266 ipsius
1901 2182 1971 2248 aldi
1989 2181 2068 2250 inde
2080 2184 2131 2252 est
2143 2184 2385 2268 pertinentem.

532 2342 618 2405 Nam
637 2338 723 2404 aliut
739 2339 846 2402 totum
865 2339 900 2402 et
914 2337 1103 2419 integrum,
1130 2335 1297 2418 quantum
1324 2335 1414 2398 infra
1440 2333 1640 2418 supradicte
1666 2333 1745 2401 finis
1768 2353 1843 2402 esse
1866 2333 2013 2412 videtur,
2029 2335 2092 2401 tibi
2116 2335 2175 2420 qui
2192 2336 2387 2420 supradicto

529 2487 645 2555 dilecti
662 2489 740 2555 illut
754 2489 791 2555 in
807 2489 953 2573 pignum
971 2488 1095 2572 posuit,
1111 2491 1162 2553 Ea
1178 2487 1324 2564 ratione,
1340 2484 1383 2552 ud
1397 2487 1521 2553 amodo
1532 2490 1567 2553 et
1578 2465 1743 2571 usquead
1756 2487 1842 2554 duos
1854 2505 1964 2554 annos
1980 2488 2148 2573 conpletis
2159 2489 2302 2572 integra
2314 2489 2388 2572 ipsa

533 2639 701 2707 iamdicta
716 2641 816 2708 vinea
830 2642 865 2708 et
880 2643 977 2706 terra
993 2658 1068 2706 cum
1086 2640 1266 2706 arboribus
1283 2639 1377 2705 infra
1392 2635 1591 2724 supradicte
1606 2640 1687 2706 finis
1703 2640 1850 2707 teneatis
1866 2643 1900 2706 et
1923 2639 2138 2724 possideatis,
2155 2642 2191 2706 et
2213 2640 2387 2718 laboretis,

534 2794 570 2858 et
586 2793 759 2877 frugietis,
779 2794 813 2860 ct
829 2792 871 2860 de
887 2793 963 2876 ipso
980 2791 1097 2876 srugio
1112 2791 1230 2858 omnia
1245 2789 1378 2858 faciatis
1393 2790 1482 2875 quod
1499 2791 1595 2857 vobis
1610 2791 1788 2875 placuerit.
1809 2793 1843 2858 et
1856 2791 1884 2858 si
1901 2809 1968 2874 ego
1991 2792 2050 2856 aut
2074 2808 2166 2858 meos
2189 2791 2309 2860 eredes
2334 2807 2390 2876 po·

415 2966 422 2980 ·
533 2945 702 3012 tuerimus
718 2945 777 3012 tibi
794 2946 831 3010 in
847 2945 966 3013 eodem
983 2946 1204 3012 constitutum
1221 2945 1306 3012 dare
1322 2944 1472 3033 quinque
1487 2945 1615 3012 solidos
1632 2945 1867 3011 constantines
1884 2945 1982 3012 aurei
1997 2945 2079 3011 voni
2095 2962 2158 3028 per
2174 2945 2290 3037 caput,
2307 2945 2390 3012 inte·

532 3113 598 3179 gra
614 3095 690 3180 ipsa
706 3097 808 3162 vinea
824 3099 859 3164 et
874 3099 971 3163 terra
986 3098 1077 3164 infra
1093 3096 1289 3182 supradicte
1305 3097 1397 3174 finis,
1416 3097 1510 3163 velut
1526 3097 1732 3180 prelegitur,
1752 3094 1871 3162 redeat
1893 3095 1930 3160 iu
1952 3097 2122 3179 potestate
2146 3097 2284 3181 nostra3
2302 3097 2339 3162 et
2360 3096 2387 3162 si

530 3265 597 3332 ego
613 3249 674 3314 aut
689 3251 782 3316 meos
798 3247 942 3316 heredes
957 3267 1027 3315 non
1043 3251 1253 3335 potuerimus
1268 3249 1419 3318 retderet
1435 3249 1498 3314 tibi
1522 3251 1581 3314 aut
1604 3248 1648 3315 ad
1671 3251 1748 3315 tuos
1772 3248 1891 3316 eredes
1914 3213 1949 3314 in
1972 3247 2091 3316 eodem
2115 3246 2300 3314 constituto
2323 3247 2390 3330 ipsi

530 3401 685 3468 iamdicti
702 3401 815 3480 solidi,
831 3403 920 3468 siout
936 3402 1064 3470 dictum
1082 3405 1145 3482 θεῖ,
1160 3403 1205 3472 ud
1223 3403 1366 3486 integra
1382 3403 1459 3486 ipsa
1474 3400 1635 3468 iamdicta
1652 3403 1754 3468 rebus
1776 3401 1904 3468 abeatis
1926 3400 1963 3468 in
1986 3403 2090 3468 antea
2113 3399 2286 3478 similiter,
2301 3399 2388 3464 sicut

533 3555 564 3619 ie
581 3555 740 3640 superius
756 3554 967 3622 declaratum
985 3559 1048 3636 est,
1067 3555 1269 3641 usquedum
1285 3558 1444 3654 conpleat
1459 3555 1576 3622 decem
1595 3571 1725 3642 annos3
1739 3557 1774 3622 et
1789 3555 1819 3620 si
1835 3572 1901 3639 ego
1916 3559 1975 3621 aut
1991 3554 2077 3622 meis
2092 3553 2252 3622 eredibus
2267 3557 2386 3641 potue-

538 3705 650 3770 rimus
667 3704 763 3771 vobis
779 3704 915 3773 retdere
930 3705 1024 3772 inira
1040 3706 1108 3790 ipsi
1126 3705 1279 3772 iamdicti
1296 3706 1410 3774 decem
1429 3725 1538 3773 annos
1554 3706 1620 3791 ipsi
1633 3705 1781 3791 predicti
1798 3705 1912 3784 solidi,
1926 3705 2016 3774 sieut
2031 3706 2159 3772 dictum
2176 3710 2240 3786 est,
2256 3707 2392 3791 integra

534 3857 612 3952 ipsa¹
627 3856 791 3923 iamdicta
806 3859 907 3926 rebus
922 3858 1057 3926 eveniat
1073 3859 1109 3925 in
1126 3860 1295 3942 potestate
1311 3861 1448 3944 nostra-13
1467 3859 1501 3922 et
1524 3859 1552 3924 si
1578 3858 1671 3924 infra
1695 3858 1762 3942 ipsi
1785 3856 1940 3923 iamdicti
1962 3856 2078 3926 decem
2102 3857 2203 3924 annis
2226 3856 2394 3942 conpletis

534 4027 599 4076 nos
616 4008 713 4076 vobis
729 4026 797 4076 non
814 4011 1025 4093 potuerimus
1039 4009 1174 4077 retdere
1190 4006 1436 4094 ipsi'iarndicti
1460 4008 1573 4088 solidi,
1592 4009 1642 4076 uti
1666 4008 1797 4074 dietum
1822 4011 1885 4087 θεῖ,
1903 4011 1940 4074 ut
1962 4025 2024 4078 nos
2047 4007 2271 4092 adiungnetis
2293 4007 2390 4076 nobis

534 4182 641 4231 unum
654 4151 806 4231 ἐοῖίᾶθιθ
823 4163 1081 4230 constantinum
1098 4181 1236 4232 aureum
1254 4181 1380 4230 vonum
1398 4165 1432 4230 et
1447 4181 1508 4229 vos
1525 4163 1655 4229 abeatis
1671 4163 1811 4246 integra
1825 4161 1946 4229 eadem
1962 4164 2064 4229 rebus
2079 4161 2172 4228 infra
2194 4158 2391 4245 supradicte

533 4317 626 4396 finis,
645 4317 734 4383 sicut
750 4317 956 4402 iesuperius
982 4317 1192 4386 declaratum
1221 4319 1284 4396 est,
1305 4317 1346 4384 ad
1376 4317 1528 4385 uestram
1555 4314 1802 4400 proprietatem
1830 4313 2014 4394 abendam,
2032 4317 2066 4384 et
2091 4313 2336 4399 possidendum
2351 4317 2389 4398 et

533 4468 725 4537 laciendum
741 4468 869 4537 exinde
884 4461 1012 4548 omn'ia,
1031 4467 1120 4553 quod
1136 4467 1232 4532 robis
1248 4467 1419 4551 placuerit
1433 4467 1507 4534 sine
1523 4485 1601 4533 mea
1623 4467 1658 4532 et
1681 4466 1723 4534 de
1746 4466 1833 4533 meis
1858 4465 2041 4534 heredibus
2063 4464 2336 4532 contradictione
2357 4465 2389 4530 et

533 4623 610 4689 sine
637 4622 880 4707 cuiuscumque
906 4621 1149 4709 requisitione;
1168 4623 1203 4689 et
1224 4621 1349 4687 amodo
1364 4623 1397 4687 et
1413 4638 1519 4704 usque
1543 4620 1624 4687 dum
1650 4624 1735 4706 aput
1757 4639 1818 4689 vos
1841 4620 1952 4687 abetis
1974 4621 2110 4703 integra
2134 4620 2209 4706 ipsa
2232 4617 2395 4686 iamdicta

533 4774 647 4850 rebus,
665 4790 729 4838 nos
745 4772 843 4838 uobis
858 4771 954 4838 illam
970 4770 1184 4870 defensemus
1199 4773 1244 4838 ab
1259 4772 1419 4839 omnibus
1434 4771 1631 4840 hominibus
1648 4773 1692 4838 ab
1708 4772 1869 4856 omnique
1892 4771 2061 4856 partibus.
2080 4769 2123 4836 da
2138 4769 2288 4855 predicti
2311 4770 2395 4837 duos

535 4929 620 4994 anni
636 4926 821 5012 expletiln
838 4929 942 4994 antea
955 4945 1064 5013 usque
1079 4925 1235 4994 iamdicti
1252 4926 1369 4994 decem
1386 4927 1499 5004 annis,
1513 4926 1651 5010 quando
1667 4944 1728 4993 nos
1744 4925 1956 5010 potuerimus
1971 4926 2068 4992 vobis
2090 4925 2228 4993 retdere
2245 4925 2394 5011 quinque

534 5078 661 5148 solidos
675 5079 910 5147 constantines
926 5078 1025 5148 aurei
1042 5079 1122 5146 voni
1138 5097 1201 5164 per
1218 5081 1334 5163 eaput,
1353 5082 1388 5147 et
1403 5096 1462 5146 vos
1489 5079 1667 5146 remittere
1693 5077 1848 5146 debeatis
1864 5079 1948 5162 aput
1963 5094 2026 5145 nos
2042 5077 2183 5162 integra
2209 5077 2287 5162 ipsa
2313 5077 2395 5142 iam·

533 5229 627 5310 dicta
642 5235 743 5301 rebus
759 5233 853 5300 infra
868 5233 1067 5318 supradicte
1081 5232 1162 5300 finis
1176 5235 1302 5317 absque
1318 5233 1412 5299 omni
1430 5233 1633 5300 intentione.
1650 5234 1795 5300 Tantum
1809 5250 1916 5317 usque
1931 5229 2013 5299 dum
2031 5231 2098 5315 ipsi
2115 5229 2217 5305 solidi
2233 5229 2319 5313 aput
2332 5243 2393 5294 nos

536 5381 690 5462 abemus,
708 5384 847 5470 integra
862 5385 938 5471 ipsa
953 5385 1118 5454 iamdicta
1140 5388 1244 5454 rebus
1271 5385 1365 5453 infra
1392 5385 1562 5453 iamdicta·
1580 5386 1671 5464 finis,
1690 5403 1759 5453 non
1783 5386 1947 5452 abeamus
1973 5383 2178 5482 potestatem
2194 5379 2276 5448 inde
2302 5378 2394 5446 vobis

536 5536 662 5622 aliquit
677 5539 798 5608 tollere
812 5557 922 5626 neque
938 5543 1106 5611 contrane.
1125 5543 1169 5611 Et
1184 5541 1214 5610 si
1231 5559 1298 5626 ego
1315 5540 1375 5637 qui
1393 5541 1613 5627 supradictus
1630 5539 1784 5608 ademari
1802 5542 1861 5606 aut
1876 5537 1963 5606 meis
1977 5538 2160 5606 heredibus
2183 5535 2228 5602 da
2249 5533 2392 5620 predicti

535 5687 655 5758 decem
671 5691 774 5758 annis
789 5694 952 5777 completi
967 5695 1124 5764 inantea
1139 5698 1253 5765 tecum
1269 5695 1445 5763 nominato
1462 5695 1608 5763 dilectus
1624 5696 1683 5762 aut
1699 5711 1776 5760 cum
1793 5693 1864 5760 tuis
1887 5691 2071 5760 heredibus
2093 5689 2137 5758 de
2159 5691 2300 5775 integra
2322 5687 2392 5771 ipsa

536 5838 703 5910 iamdicta
718 5844 821 5912 rebus
837 5844 931 5918 infra
944 5845 1143 5932 supradicte
1158 5846 1251 5926 finis,
1269 5847 1364 5914 velut
1379 5847 1581 5930 protegitur,
1602 5863 1747 5913 causare
1769 5846 1828 5914 aut
1851 5843 2060 5911 contendere
2084 5839 2395 5928 presumpserimus
