5286 7098
607 595 669 657 ma
1277 583 1441 658 CODEX
1484 585 1719 658 CAVENSIS

562 840 702 908 passum
718 824 864 892 homini.
884 827 950 892 hoc
964 841 1046 893 vero
1062 844 1118 895 res
1134 844 1198 911 per
1212 827 1452 913 suprascripte
1466 827 1546 896 finis
1562 829 1597 897 et
1611 829 1785 897 mensurie
1801 829 1874 897 tota
1889 833 1924 898 et
1947 831 2066 898 inclita
2088 850 2165 900 cum
2191 835 2307 903 omnia
2327 840 2411 908 intro

561 996 599 1046 se
621 978 813 1057 abentibus,
832 980 867 1045 et
882 979 955 1046 suis
978 979 1211 1063 pertinentiis,
1231 982 1267 1048 et
1289 998 1367 1048 cum
1391 981 1466 1050 vice
1481 981 1524 1050 de
1547 981 1602 1049 bie
1625 1001 1691 1080 sue
1708 983 1894 1052 trasaotibe
1916 981 2116 1052 tradiderad
2139 985 2248 1072 ipsius
2271 992 2411 1074 gualleri

562 1129 656 1196 omni
673 1133 828 1215 tempore
843 1132 904 1199 ille
919 1134 1043 1202 eteius
1059 1133 1205 1204 heredes
1220 1135 1389 1204 securiter
1404 1133 1575 1204 abendam
1591 1137 1627 1204 et
1642 1134 1836 1204 faciendum
1852 1135 1940 1221 quod
1958 1137 2117 1218 voluerit,
2136 1140 2172 1206 et
2185 1156 2251 1224 pro
2266 1140 2350 1209 talia
2363 1161 2411 1210 re-

559 1281 707 1366 ceperad
725 1285 770 1350 ab
785 1304 864 1354 eum
880 1285 1007 1356 exinde
1023 1289 1209 1374 argentum
1226 1288 1334 1356 libras
1348 1287 1478 1368 decem,
1496 1289 1532 1356 ot
1549 1287 1772 1386 obligaverad
1788 1307 1826 1355 se
1841 1289 1917 1374 ipse
1932 1288 2079 1359 domnus
2095 1291 2277 1378 episcopus
2292 1294 2327 1361 et
2348 1297 2412 1362 suis

561 1433 813 1502 successoribus
829 1437 864 1502 et
877 1453 957 1521 pars
973 1435 1082 1521 ipsius
1097 1438 1269 1540 episcopii
1288 1456 1424 1522 semper
1447 1437 1683 1506 antistaudum
1699 1439 1733 1506 et
1747 1435 1995 1506 defensandum
2010 1437 2121 1524 ipsius
2144 1440 2297 1526 guaiferi
2318 1444 2352 1508 et
2373 1443 2412 1510 ad

561 1584 636 1652 eius
659 1585 810 1654 heredes'
827 1586 951 1654 inclita
974 1589 1078 1656 rebus
1102 1587 1176 1672 ipsa
1198 1607 1260 1673 per
1284 1589 1359 1674 ipse
1381 1587 1462 1654 fluis
1485 1589 1521 1654 et
1542 1587 1718 1656 mensurie
1739 1585 1785 1655 da
1807 1588 1920 1656 omnis
1943 1587 2101 1658 homines
2123 1591 2285 1676 omnique
2315 1595 2415 1677 parti-

564 1738 636 1802 bus.
670 1739 757 1805 etsi
781 1738 898 1807 taliter
915 1739 1000 1808 ,illut
1023 1741 1072 1810 eis
1094 1758 1165 1808 nou
1187 1739 1430 1820 defensaverit,
1458 1743 1520 1810 aut
1541 1741 1571 1808 si
1595 1740 1655 1808 ille
1678 1741 1733 1808 vel
1757 1740 1831 1808 eius
1854 1729 2069 1810 successores
2101 1743 2181 1811 illut
2211 1747 2266 1813 vel
2294 1745 2414 1814 exinde

562 1892 614 1959 eis
637 1892 759 1959 tollere
784 1894 844 1960 aut
868 1895 1030 1962 coutrare
1052 1913 1115 1963 seu
1137 1912 1319 1963 removere
1342 1893 1522 1980 quesierit,
1541 1893 1597 1960 vel
1612 1893 1727 1977 aliqua
1743 1893 1894 1961 causatio
1910 1892 2039 1962 exinde
2053 1895 2208 1963 emiserit
2223 1915 2285 1982 per
2301 1899 2414 1981 quabis
2470 1871 2478 1888 ’

563 2044 675 2114 modis
698 2046 752 2114 vel
775 2047 977 2131 ingenium,
1003 2065 1210 2133 componere
1233 2048 1457 2135 obligaverad
1480 2067 1517 2118 se
1539 2049 1613 2134 ipse
1637 2048 1782 2116 domnus
1805 2049 1988 2134 episcopus
2010 2051 2046 2117 et
2070 2049 2140 2118 suis
2169 2051 2412 2119 successoribus

561 2203 596 2266 et
618 2217 699 2286 pars
722 2199 775 2268 sui
800 2200 967 2286 episcopii
991 2200 1102 2272 eidem
1128 2202 1279 2287 guaiferi
1304 2205 1358 2271 vel
1380 2201 1424 2270 ad
1448 2189 1523 2270 eius
1546 2201 1691 2272 heredes
1714 2202 1810 2269 mille
1825 2202 1901 2269 auri
1925 2200 2052 2270 solidos
2067 2201 2278 2270 costantinos
2294 2202 2410 2268 bonos:

563 2353 694 2438 scripta
716 2353 794 2437 ipsa
817 2352 962 2456 scriptio
984 2371 1047 2437 per
1071 2355 1190 2437 petrus
1213 2355 1384 2435 notarius,
1410 2358 1446 2422 et
1469 2355 1597 2423 ibidem
1619 2327 1741 2440 scripti
1765 2355 1840 2440 ipse
1862 2353 2008 2422 domnus
2030 2355 2197 2422 iohannes
2226 2353 2412 2438 episcopus,

563 2507 598 2572 et
621 2507 735 2590 ipsum
759 2508 879 2589 petrus
901 2505 1018 2584 iudex,
1043 2509 1079 2574 et
1101 2505 1208 2592 gaido
1231 2507 1347 2586 iudex,
1373 2507 1546 2592 grimoald
1570 2525 1693 2588 comes
1712 2507 1843 2577 dauferi
1867 2505 2131 2575 archidiaconus
2154 2507 2189 2574 et
2210 2506 2319 2573 abbas
2340 2522 2412 2590 cap-

565 2658 655 2740 pelle
678 2657 809 2742 palatii,
836 2660 973 2726 amatus
995 2658 1279 2744 archipresbiter,
1305 2659 1417 2745 ipsum
1440 2660 1611 2727 iohannes
1632 2657 1812 2736 diaconus,
1837 2657 1929 2725 maio
1950 2657 2130 2736 diaeonus,
2156 2655 2340 2724 richardus
2360 2674 2414 2725 no-

563 2809 684 2876 tarius.
711 2827 787 2876 cum
811 2812 928 2878 autem
951 2810 1027 2894 ipsa
1050 2811 1193 2897 scriptio
1216 2811 1281 2878 fuit
1304 2812 1458 2890 relecta,
1484 2813 1566 2878 tunc
1594 2811 1670 2896 ipse
1693 2810 1839 2879 domnus
1860 2810 2040 2894 episcopus
2062 2811 2144 2879 tulit
2171 2828 2246 2880 eam
2274 2813 2311 2878 et
2337 2813 2414 2877 hore

563 2980 625 3030 suo
648 2963 774 3030 iterum
798 2963 894 3030 illam
918 2982 982 3049 per
1006 2962 1161 3033 ordinem
1186 2955 1331 3052 rele'xit3
1355 2964 1446 3032 unde
1468 2963 1764 3050 interrogavimus
1787 2965 1886 3032 illum
1909 2965 1938 3032 si
1962 2981 2121 3032 veracem
2143 2966 2235 3033 esset
2255 2982 2302 3031 an
2331 2981 2411 3032 non:

565 3115 639 3196 ipse
662 3112 809 3182 domnus
832 3115 1014 3201 episcopus
1037 3132 1207 3185 unacum
1231 3119 1307 3202 ipso
1331 3134 1392 3185 suo
1416 3105 1658 3184 advocatorem
1683 3115 1920 3184 manifestavit
1942 3117 1977 3182 et
2005 3115 2108 3195 dixit,
2133 3118 2172 3183 ut
2199 3115 2236 3183 in
2265 3115 2415 3185 omnibus

563 3269 652 3333 sicut
675 3267 829 3336 continet
850 3283 1006 3337 veracem
1030 3269 1129 3347 esset,
1154 3269 1189 3334 et
1211 3268 1307 3336 nullo
1331 3266 1469 3334 modum
1494 3267 1617 3352 aliquit
1639 3223 1767 3334 exinde
1789 3269 1952 3337 contrare
1974 3269 2118 3352 potere,
2144 3285 2208 3335 nec
2231 3284 2296 3353 per
2320 3269 2415 3334 testes

565 3436 627 3486 nec
642 3438 705 3505 per
720 3421 817 3487 nulla
832 3419 987 3507 ratione3
1004 3423 1057 3488 set
1072 3422 1188 3488 tamen
1205 3419 1436 3500 dicebant-ut
1454 3421 1529 3506 ipso
1545 3419 1713 3488 molinum
1731 3438 1753 3488 a
1769 3421 1863 3489 foras
1883 3423 1961 3524 ipsa
1983 3422 2159 3490 mensuria
2181 3422 2272 3490 esset
2295 3421 2414 3487 factum

565 3571 601 3637 in
618 3569 695 3636 illut
710 3568 752 3638 de
768 3569 846 3655 ipso
860 3570 1054 3656 episcopio:
1071 3571 1148 3655 ipse
1163 3571 1354 3656 guaiferius
1369 3571 1548 3638 dixit'non
1571 3574 1662 3640 esset
1684 3571 1822 3651 veritas,
1841 3573 1876 3639 et
1899 3589 1976 3638 cum
1998 3572 2079 3640 illuc
2101 3572 2324 3658 perreximus
2345 3589 2415 3639 cum

566 3723 636 3792 illis
651 3726 684 3793 et
699 3743 762 3809 per
778 3726 892 3810 ipsum
910 3723 1104 3810 guaiferius
1120 3742 1178 3792 res
1192 3725 1270 3810 ipsa
1285 3724 1351 3792 fuit
1367 3728 1559 3794 monstrata
1572 3726 1605 3795 ei
1622 3726 1704 3794 ante
1720 3726 1835 3812 ipsum
1850 3725 1996 3793 domnus
2008 3726 2190 3812 episcopus
2203 3729 2412 3803 mensurata,

564 3879 641 3964 ipso
657 3875 826 3946 molinum
842 3878 1032 3964 introipsa
1048 3881 1221 3950 mensoria
1236 3879 1406 3956 estetiam
1422 3883 1457 3948 et
1471 3898 1493 3948 a
1509 3881 1603 3948 foras
1619 3881 1696 3966 ipso
1711 3880 1877 3947 molinum
1893 3881 1941 3946 im
1958 3881 2117 3965 partibus
2140 3881 2297 3960 orientis,
2316 3882 2416 3946 imbe

561 4031 676 4099 nimus
692 4030 735 4099 de
751 4029 951 4116 supradicta
966 4033 1141 4101 mensuria
1156 4051 1220 4118 per
1234 4032 1451 4102 latitudinem
1467 4051 1587 4119 passos
1603 4029 1709 4118 (deest
1730 4033 1918 4121 numerus).
1936 4035 1972 4100 et
1997 4031 2079 4099 dum
2106 4052 2150 4100 ex
2173 4051 2214 4100 oc
2237 4035 2415 4118 querentes

562 4187 637 4270 ipse
652 4186 842 4272 guaiferius
858 4185 1056 4271 supradicta
1071 4188 1329 4274 compositione,
1348 4207 1413 4274 pro
1427 4189 1552 4274 quibus
1566 4189 1641 4272 ipse
1656 4187 1800 4255 domnus
1816 4187 1998 4272 episcopus
2015 4186 2264 4265 manifestavit,
2284 4189 2324 4252 ut
2339 4185 2416 4252 talia

563 4339 699 4408 fecisset
713 4340 800 4409 sicut
817 4341 891 4426 ipse
906 4341 1099 4426 guaiferius
1114 4343 1291 4430 causavit3
1308 4341 1389 4410 dum
1407 4343 1517 4410 multa
1531 4343 1623 4412 iuter
1639 4360 1676 4410 se
1699 4341 1935 4410 contentiones
1958 4339 2039 4407 inde
2060 4341 2213 4418 abentes,
2233 4357 2297 4425 per
2321 4339 2417 4405 collo

562 4490 681 4576 quium
698 4494 867 4560 bonorum
882 4493 1061 4561 hominum
1077 4493 1326 4578 pervenierunt
1341 4491 1469 4561 exinde
1482 4491 1524 4560 ad
1541 4492 1811 4562 combenieutia:
1830 4493 1905 4578 ipse
1919 4492 2109 4577 guaiferius
2124 4510 2187 4577 per
2201 4493 2416 4576 subsceptum

564 4646 620 4710 lau
628 4646 741 4731 uegilt
757 4645 899 4714 donavit
914 4646 1023 4732 ipsius
1038 4646 1155 4716 domni
1170 4649 1324 4734 episcopi
1341 4645 1622 4733 compositionem
1639 4648 1764 4732 ipsam,
1783 4665 1885 4732 quam
1903 4645 1983 4716 inde
2004 4645 2038 4714 ei
2062 4663 2269 4732 componere
2291 4643 2415 4720 debuit,

562 4801 597 4864 et
612 4798 687 4882 ipse
701 4797 848 4866 domnus
863 4799 1036 4900 iohannes
1047 4799 1230 4884 episcopus
1247 4817 1309 4883 per
1326 4815 1416 4865 vona
1431 4797 1686 4866 combenieutia
1701 4797 1869 4882 obligavit
1888 4815 1926 4865 se
1948 4797 2087 4882 suisque
2108 4791 2363 4865 successoribus
2384 4795 2417 4862 et

561 4969 644 5034 pars
660 4950 808 5037 predicti
826 4951 1006 5038 episcopii,
1025 4953 1064 5019 ut
1080 4953 1111 5020 si
1126 4950 1312 5037 aliquando
1328 4969 1391 5036 per
1407 4951 1656 5037 qualecumque
1671 4950 1805 5020 ratione
1820 4951 1988 5036 quesierit
2002 4950 2132 5036 aliquot
2147 4948 2339 5018 dominium
2363 4949 2413 5016 vol

561 5103 810 5186 pertinentiam
827 5103 1145 5191 quomodocumque
1160 5103 1265 5172 abere
1280 5105 1317 5171 in
1341 5106 1417 5188 ipso
1439 5103 1618 5183 molinum,
1637 5105 1698 5170 aut
1719 5105 1756 5170 in
1780 5103 1852 5171 alia
1875 5101 1966 5188 quod
1989 5101 2036 5169 ibi
2060 5103 2191 5179 fecerit,
2219 5103 2271 5170 vel
2294 5099 2415 5184 aliquit

561 5253 652 5334 inde,
670 5256 730 5322 aut
744 5254 787 5323 de
802 5257 969 5340 quantum
985 5253 1184 5340 supradicta
1199 5255 1377 5324 mensoria
1391 5255 1554 5356 eontinet,¹
1572 5257 1734 5323 contrare
1750 5253 1979 5340 quesieritet
1994 5252 2233 5338 quodcumque
2248 5251 2416 5319 causatio

560 5425 622 5476 ues
638 5407 719 5477 inde
733 5409 769 5476 et
782 5408 825 5476 de
840 5409 933 5475 intro
947 5427 985 5478 se
1000 5411 1140 5479 abentes
1155 5409 1386 5495 preposuerit,
1406 5411 1442 5476 et
1457 5408 1614 5477 inclitum
1630 5425 1694 5494 per
1716 5407 1791 5494 ipse
1813 5406 1894 5476 finis
1917 5409 1952 5478 et
1973 5408 2150 5475 mensurie
2173 5425 2251 5474 cum
2275 5405 2352 5471 vice
2373 5400 2414 5468 de

561 5560 616 5628 bie
632 5579 693 5629 sue
706 5561 742 5628 et
756 5560 829 5628 suis
845 5561 1066 5648 pertiuentiis
1082 5579 1220 5647 semper
1236 5561 1349 5631 eidem
1367 5561 1517 5646 guaiferi
1540 5564 1574 5632 et
1590 5561 1634 5630 ad
1649 5563 1723 5632 eius
1736 5560 1882 5633 heredes
1904 5578 1975 5630 nou
1989 5560 2219 5631 defensaverit
2240 5557 2283 5625 da
2297 5571 2415 5623 omnes

562 5715 719 5784 homines
735 5715 895 5801 omnique
912 5716 1081 5800 partibus,
1100 5733 1308 5802 componere
1323 5715 1492 5802 obligavit
1514 5733 1552 5786 se
1574 5717 1714 5803 suisque
1735 5717 1986 5786 successoribus
2008 5717 2041 5782 ct
2064 5731 2148 5799 pars
2170 5713 2224 5780 sui
2246 5708 2413 5796 episcopii
2449 5765 2455 5770 .

561 5866 672 5934 eidem
690 5867 841 5952 gualleri
858 5866 947 5938 etad
966 5867 1041 5937 eius
1055 5868 1201 5938 heredes
1217 5870 1277 5937 alii
1294 5871 1389 5938 millo
1404 5870 1483 5937 auri
1499 5869 1628 5938 solidos
1644 5871 1856 5974 costantinus
1872 5870 1991 5936 bonos.
