5216 7092
968 550 1334 627 DIPLOMATICUS

1003 1001 1255 1083 CCCXX.

999 1249 1054 1327 A.
1092 1250 1143 1328 D.
1180 1247 1282 1328 980.

276 1505 313 1642 †
336 1563 376 1626 in
399 1557 541 1625 nomine
563 1557 694 1626 domini
717 1558 892 1628 tricesimo
913 1558 1060 1644 septimo
1082 1577 1173 1627 anno
1207 1560 1423 1646 principatus
1457 1560 1573 1629 domni
1608 1563 1719 1630 nostri
1754 1563 1894 1648 paldolfi
1927 1563 2081 1647 glorioso

227 1709 390 1795 princeps
412 1665 448 1777 et
470 1709 620 1778 secundo
643 1727 733 1777 anno
755 1709 830 1777 eius
854 1711 1004 1787 salerne,
1030 1711 1065 1778 et
1087 1712 1185 1780 sexto
1208 1729 1300 1804 anno
1321 1710 1538 1796 principatus
1560 1709 1678 1779 domni
1701 1704 1809 1779 nostri
1833 1713 1975 1798 paldolfi
2006 1711 2078 1779 filio

219 1859 308 1940 eius,
334 1877 453 1928 mense
475 1860 680 1940 februarius,
706 1861 829 1948 octaba
851 1859 1050 1930 indictione.
1077 1862 1357 1932 memoratorium
1379 1862 1510 1930 factum
1531 1879 1553 1929 a
1573 1880 1630 1930 me
1653 1863 1824 1934 martinus
1847 1865 2020 1949 presbiter
2044 1866 2079 1930 et

219 2014 327 2081 abbas
348 2017 472 2090 rector
486 2014 654 2082 hecclesie
677 2015 790 2082 sancti
813 2014 958 2082 maximi
981 2017 1016 2082 et
1039 2035 1108 2083 una
1130 2034 1264 2084 mecum
1287 2019 1377 2085 esset
1398 2015 1553 2084 landoari
1576 2034 1714 2096 comes,
1740 2016 1799 2102 qui
1823 2018 1876 2084 est
1903 2034 2008 2083 unum
2036 2014 2079 2082 de

222 2163 389 2232 dominiis
411 2161 519 2248 ipsius
540 2165 709 2234 hecclesie
731 2167 843 2233 saneti
866 2166 1033 2246 maximi,
1058 2186 1099 2236 eo
1123 2167 1212 2252 quod
1237 2169 1318 2234 anto
1341 2167 1527 2252 subscripti
1550 2168 1654 2236 testes
1676 2166 1832 2234 dedimus
1855 2165 1899 2233 ad
1922 2167 2081 2233 lavoran-

222 2299 364 2383 dumet
386 2314 609 2399 frugiandnm
631 2317 724 2401 petri
748 2319 784 2384 et
806 2316 911 2386 ciceri
935 2319 970 2385 et
992 2316 1141 2402 guaiferi
1157 2317 1318 2401 germani
1334 2315 1399 2383 filii
1414 2315 1587 2401 quondam
1602 2315 1753 2384 silvestri
1768 2315 1812 2383 de
1834 2317 1946 2383 locum
1968 2333 2080 2400 angre

220 2463 336 2532 tribus
357 2465 455 2550 pecie
480 2465 523 2532 de
545 2467 650 2534 terris
673 2468 807 2547 vacibe,
832 2486 932 2553 quem
957 2486 1042 2553 pars
1064 2468 1228 2536 iamdicto
1250 2469 1419 2538 hecclesie
1434 2469 1561 2536 habent
1576 2469 1614 2534 in
1629 2467 1823 2552 predictum
1843 2467 1953 2532 locum
1969 2482 2080 2549 angre

220 2617 259 2685 in
283 2620 493 2708 casamavile
515 2623 550 2688 et
573 2621 608 2686 in
631 2622 781 2706 pratello
805 2625 839 2689 ct
863 2621 906 2689 ad
930 2625 1068 2701 casale,
1093 2625 1129 2690 et
1151 2579 1237 2708 ipsa
1252 2623 1408 2709 predicta
1430 2623 1532 2691 rebus
1555 2623 1713 2690 offertum
1741 2624 1807 2690 suit
1836 2621 1874 2689 in
1902 2622 1980 2706 ipsa
2003 2637 2081 2705 pre-

220 2769 333 2854 phata
355 2770 500 2838 ecclesia
521 2771 633 2838 sancti
656 2771 803 2839 maximi
827 2751 849 2839 a
871 2772 1009 2840 dommo
1032 2772 1237 2857 guaiferius,
1263 2773 1322 2858 qui
1344 2773 1410 2840 suit
1433 2773 1612 2858 princeps,
1637 2774 1805 2852 habentes
1820 2771 1901 2839 finis
1924 2773 1958 2838 et
1986 2788 2083 2838 men-

100 3001 103 3006 „
220 2919 332 2987 suriis
355 2921 613 3019 ipsapredicta
634 2924 746 2991 rebus.
772 2924 887 3008 prima
908 2925 985 3008 ipsa
1008 2926 1106 3008 pecia
1128 2924 1175 2990 da
1197 2927 1405 2994 casamavile
1419 2926 1522 2993 babet
1536 2925 1627 2993 finis:
1647 2943 1766 3010 apars
1781 2925 1925 3012 orientis
1940 2924 2010 2990 fine
2027 2923 2080 2989 via

221 3072 379 3155 publica,
395 3074 534 3158 'habent
554 3075 679 3144 exinde
701 3076 882 3162 longitudo
905 3093 1026 3162 passos
1048 3077 1298 3162 quinquaginta
1319 3096 1446 3144 unum:
1474 3097 1495 3144 a
1518 3095 1599 3162 pars
1622 3076 1914 3162 septemtrionalis
1936 3075 2005 3141 fine
2034 3074 2078 3142 de

220 3225 371 3295 heredes
395 3225 512 3294 domni
535 3227 735 3308 radelchisi‚
761 3233 842 3298 sunt
865 3248 928 3316 per
950 3232 1027 3315 ipsa
1048 3232 1118 3298 fine
1140 3230 1286 3298 latitudo
1302 3247 1420 3315 passos
1435 3229 1583 3314 triginta
1597 3230 1738 3297 nobem:
1756 3246 1875 3313 apars
1892 3227 2079 3296 occidentis
2140 3295 2144 3302 ,

218 3381 293 3448 fine
317 3381 427 3465 ipsius
450 3384 629 3452 hecclesie:
654 3402 675 3451 a
697 3403 780 3469 pars
803 3383 948 3452 meridie
971 3384 1041 3452 fine
1064 3383 1107 3452 de
1129 3383 1276 3452 heredes
1299 3383 1448 3468 guaiferi
1472 3383 1630 3451 castaldi.
1656 3386 1691 3449 et
1714 3383 1790 3468 ipsa
1812 3381 1962 3450 secunda
1983 3383 2082 3468 pecia

217 3533 267 3600 da
292 3536 445 3618 prateliu
478 3538 538 3604 ubi
572 3537 715 3623 proprio
749 3555 947 3605 casamaore
968 3537 1116 3616 dicitur,
1143 3538 1306 3605 habentes
1329 3537 1410 3604 finis
1433 3537 1510 3621 ipsa
1534 3534 1691 3620 predicta
1722 3533 1822 3618 pecia
1853 3532 1897 3602 do
1928 3536 2024 3601 terra
2047 3535 2082 3600 et

218 3688 425 3756 mensuriis:
451 3688 619 3772 desuper
643 3692 741 3774 parte
763 3709 784 3756 a
805 3689 948 3760 meridie
971 3691 1040 3761 fine
1063 3691 1106 3760 de
1129 3692 1272 3761 heredes
1295 3691 1443 3777 predicti
1466 3691 1615 3759 siluestri
1633 3690 1803 3776 quomodo
1819 3693 1900 3758 sunt
1915 3691 1982 3775 ipsi
2005 3709 2083 3775 pre-

217 3841 307 3908 dicti
331 3841 503 3926 germani,
528 3844 580 3910 est
603 3859 665 3926 per
689 3843 764 3928 ipsa
787 3841 943 3928 predicta
965 3845 1033 3914 fine
1055 3846 1200 3912 latitudo
1222 3862 1343 3931 passos
1357 3845 1613 3931 quinquaginta
1625 3843 1693 3911 duo
1709 3847 1744 3911 et
1761 3844 1910 3912 medium
1928 3863 2080 3928 passum:

216 3997 255 4060 et
279 3993 325 4064 de
348 3995 461 4062 tribus
484 3995 653 4080 partibus,
672 3995 842 4082 quomodo
864 3995 939 4081 ipse
962 3999 1092 4066 rebolte
1115 3995 1327 4076 discernunt,
1347 3997 1416 4064 fine
1439 4000 1534 4064 terra
1548 3995 1657 4081 ipsius
1672 3997 1854 4074 hecclesie,
1872 3998 1907 4062 et
1923 3995 2082 4081 aliquan-

203 4149 298 4228 tum
325 4147 363 4214 in
389 4168 457 4216 uno
481 4151 614 4230 iatum,
640 4150 810 4235 quomodo
833 4151 909 4237 ipsa
930 4153 1110 4219 reboltella
1131 4149 1317 4222 discernit.
1343 4152 1413 4218 fine
1436 4151 1592 4237 ipsorum
1615 4151 1674 4236 qui
1697 4169 1803 4236 supra
1825 4151 1984 4234 germani
2017 4149 2084 4215 filii

217 4298 377 4384 predicti
393 4300 556 4379 silvestri,
574 4302 608 4368 et
623 4318 686 4385 per
701 4299 882 4386 longitudo
897 4303 949 4370 est
962 4319 1081 4387 passos
1097 4303 1233 4368 centurn
1256 4301 1480 4387 septuaginta
1502 4317 1577 4368 sex:
1603 4303 1638 4368 et
1661 4319 1683 4368 a
1698 4317 1781 4385 pars
1797 4298 2083 4385 septemtrionalis

219 4453 263 4518 in
290 4451 374 4536 ipsa
395 4451 466 4518 fine
489 4453 542 4518 est
564 4451 711 4519 latitudo
734 4468 855 4536 passos
877 4451 1003 4535 viginti
1026 4451 1206 4536 quadtuor.
1224 4452 1331 4520 tertia
1352 4454 1454 4537 pecia
1475 4450 1591 4537 ibique
1613 4450 1650 4518 in
1672 4449 1792 4520 eodem
1814 4453 1925 4518 locum
1942 4449 2084 4518 coniun-
2153 4411 2156 4418 ‚

216 4603 297 4681 cta,
325 4619 393 4686 que
414 4603 467 4669 est
489 4601 684 4707 propinquo
706 4601 767 4670 ubi
791 4601 920 4669 dictum
944 4605 997 4670 est
1020 4602 1110 4687 quod
1133 4604 1273 4670 vocatur
1295 4602 1338 4670 ad
1362 4604 1474 4671 casale
1496 4602 1661 4670 habentes
1683 4601 1764 4668 finis
1786 4605 1821 4668 et
1843 4599 2039 4667 mensariis:
2064 4617 2085 4666 a

218 4771 315 4838 pars
339 4753 632 4838 septemtrionalis
654 4755 725 4822 fine
748 4753 902 4839 ipsorum
925 4757 982 4839 qui
1006 4773 1112 4840 supra
1134 4754 1305 4840 germani,
1325 4756 1378 4823 est
1392 4773 1455 4840 per
1470 4755 1546 4840 ipsa
1560 4753 1630 4822 fine
1646 4751 1792 4821 latitudo
1808 4769 1927 4837 passos
1941 4749 2086 4837 quadra-

218 4905 334 4990 ginta
349 4922 468 4972 unum:
487 4923 509 4972 a
524 4924 608 4992 pars
624 4905 811 4974 occidentis
825 4906 894 4974 fine
909 4905 966 4973 via
980 4906 1128 4990 publica,
1139 4908 1220 4973 sunt
1234 4905 1315 4974 inde
1330 4903 1511 4991 longitudo
1527 4920 1647 4990 passos
1661 4902 1856 4988 sessaginta
1870 4901 2050 4987 quadtuor:
2065 4921 2085 4968 a

214 5075 313 5145 pars
327 5059 474 5127 meridie
489 5059 558 5127 fine
573 5059 630 5127 via
646 5057 795 5144 publica,
813 5061 895 5126 sunt
910 5057 991 5124 inde
1018 5056 1164 5126 latitudo
1190 5074 1310 5143 passos
1336 5057 1486 5142 triginta
1508 5073 1589 5126 sex:
1608 5072 1726 5141 apars
1742 5053 1886 5122 orientis
1908 5053 1978 5119 fine
2000 5054 2084 5120 iam·

214 5208 320 5277 dicte
335 5209 502 5316 hecclesic
517 5210 627 5278 saneti
644 5209 801 5288 maximi,
819 5211 900 5277 sunt
914 5227 976 5294 per
993 5210 1068 5294 ipsa
1083 5209 1153 5322 fine
1169 5207 1349 5294 longitudo
1365 5207 1526 5275 similiter
1553 5193 1680 5291 passos
1694 5204 1878 5288 sexaginta
1899 5203 2081 5288 quadtuor.

212 5367 291 5432 hec
311 5379 393 5430 vero
407 5365 647 5450 suprascripta
662 5367 764 5435 rebus
779 5383 843 5450 per
857 5363 1056 5450 supradicte
1071 5364 1152 5432 finis
1174 5368 1209 5432 et
1232 5362 1419 5432 mensuriis
1447 5365 1555 5429 totam
1581 5363 1616 5429 et
1637 5359 1794 5427 inclitam
1820 5359 1915 5427 illam
1943 5359 2082 5428 illorum

215 5517 286 5603 qui
304 5533 417 5601 supra
431 5516 593 5600 germani
609 5516 653 5584 ad
670 5516 897 5586 lavorandum
912 5519 947 5586 et
962 5517 1186 5602 srugiandum
1202 5517 1357 5587 dedimus
1372 5517 1407 5584 et
1417 5513 1625 5582 tradidimus
1640 5489 1745 5597 uscue
1756 5513 1885 5596 septem
1896 5511 1981 5602 anni
1994 5528 2086 5580 com·

213 5671 329 5757 pleti.
349 5667 443 5738 unde
457 5687 522 5754 pro
536 5667 653 5738 taliter
669 5689 729 5756 per
745 5673 869 5738 bonam
892 5669 1169 5740 convenientiam
1192 5671 1228 5738 et
1250 5689 1310 5738 suc
1334 5671 1420 5736 bone
1443 5664 1632 5751 voluptatis
1655 5663 1785 5750 guadia
1809 5664 1909 5733 nobis
1936 5664 2002 5749 ipsi
2026 5667 2084 5750 qui

212 5838 340 5908 supra
355 5821 518 5905 germani
533 5819 711 5892 'dederunt
737 5825 772 5890 et
797 5819 1003 5891 mediatores
1029 5821 1128 5889 nobis
1155 5808 1346 5907 posuerunt
1372 5835 1518 5904 garamu
1544 5818 1580 5885 et
1605 5817 1725 5902 petrus
1751 5818 1912 5901 germani
1937 5816 2001 5885 filii
2024 5814 2085 5883 do·
