5286 7098
502 559 564 623 130
1168 542 1332 615 CODEX
1375 545 1610 620 detunsis

461 793 495 860 et
510 791 669 875 nepotem
688 789 722 856 et
737 787 883 873 indeque
899 787 995 872 passi
1012 786 1177 871 triginta:
1197 787 1240 856 do
1256 789 1325 856 alia
1339 807 1423 875 pars
1438 790 1508 858 fine
1520 789 1563 860 de
1574 793 1720 863 heredes
1735 797 1874 876 sellicti,
1890 801 1925 867 et
1935 800 2170 888 coniungente
2185 805 2223 872 in
2238 826 2316 892 rpsa

460 943 577 1028 priore
593 944 662 1009 fine
678 939 859 1026 longitudo
875 943 928 1008 est
945 941 983 1009 in
999 941 1092 1009 omni
1108 944 1183 1010 loco
1200 901 1322 1028 passos
1337 947 1541 1031 octoaginta
1554 949 1588 1016 et
1603 948 1640 1014 in
1657 947 1808 1018 medium
1831 969 1894 1036 per
1918 956 2113 1024 trabersum
2137 960 2215 1025 sunt
2237 977 2316 1044 pas-

456 1115 512 1164 sos
528 1096 676 1180 triginta
692 1094 736 1162 ad
753 1095 844 1163 iusto
859 1112 998 1180 passum
1023 1094 1155 1162 homini
1180 1099 1429 1166 mensuratum.
1448 1102 1512 1168 hec
1526 1117 1608 1168 vero
1624 1103 1739 1180 rebus,
1758 1103 1908 1188 qualiter
1930 1108 2092 1191 superius
2107 1107 2188 1177 finis
2204 1112 2318 1195 posite

455 1251 534 1317 sunt
550 1251 584 1318 et
600 1249 779 1316 mensuria
794 1247 871 1332 ipsa
888 1247 1074 1334 percurrit,
1092 1249 1166 1316 tota
1181 1249 1216 1318 et
1232 1249 1355 1317 inclita
1370 1269 1447 1316 curn
1463 1251 1582 1320 omnia
1597 1253 1692 1320 intro
1708 1273 1745 1322 so
1761 1256 1928 1327 habentes
1950 1261 2076 1325 etcum
2094 1261 2169 1328 vice
2190 1261 2234 1330 de
2256 1264 2315 1332 bia

454 1402 566 1468 suaet
582 1401 657 1467 vice
673 1398 714 1468 de
731 1400 874 1467 fontana
889 1399 1027 1467 illorum
1043 1399 1102 1485 qui
1118 1399 1232 1485 ibique
1247 1402 1300 1468 est
1315 1404 1452 1485 asupio
1467 1402 1504 1469 in
1521 1401 1639 1470 eodem
1657 1404 1732 1470 loco
1747 1404 1875 1484 selline,
1895 1407 1929 1476 et
1945 1407 2019 1475 vice
2035 1407 2078 1478 de
2095 1408 2150 1476 bia
2171 1410 2215 1478 ad
2237 1413 2315 1498 ipsa

451 1574 540 1644 aqua
555 1557 643 1624 mihi
658 1555 886 1623 tradiderunt.
903 1555 1089 1640 propterea
1103 1552 1235 1637 guadia
1249 1554 1348 1622 nobis
1361 1553 1530 1622 dederunt
1545 1557 1579 1624 et
1594 1554 1822 1626 mediatorem
1837 1559 1935 1628 nobis
1945 1563 2135 1645 posuerunt
2145 1509 2314 1636 iohannes

451 1711 544 1780 illius
560 1711 688 1779 andree
704 1709 767 1778 tali
785 1707 919 1786 ordine,
937 1712 975 1776 ut
990 1707 1112 1776 amodo
1127 1711 1162 1776 et
1177 1727 1284 1794 usque
1299 1711 1422 1778 nobem
1438 1711 1520 1777 anni
1544 1712 1706 1796 completi
1731 1712 1843 1781 licead
1858 1703 1923 1780 nos
1937 1716 1971 1784 et
1987 1717 2115 1786 nostris
2130 1718 2317 1788 heredibus

451 1841 521 1936 tota
537 1867 739 1951 supradicta
755 1863 963 1933 tradictione
978 1864 1096 1931 tenere
1113 1862 1294 1948 adnostra
1309 1864 1489 1948 potestate,
1507 1865 1541 1934 et
1556 1863 1673 1932 fobeas
1690 1867 1726 1933 el
1748 1867 1860 1935 omnis
1882 1869 2000 1936 nostre
2024 1869 2166 1937 utilitati
2187 1819 2315 1940 ibidem

450 2027 574 2100 lacere,
595 2023 630 2091 et
644 2021 747 2089 vinea
762 2019 810 2087 ibi
826 2021 996 2104 plantare,
1022 2019 1057 2084 et
1071 2015 1184 2084 omnis
1200 2017 1318 2102 fruges
1339 2018 1374 2084 et
1390 2017 1506 2084 vinum
1530 2019 1564 2087 et
1585 2018 1741 2105 quicquit
1755 2021 1953 2090 annualiter
1969 2021 2096 2090 ibidem
2113 2022 2257 2092 redierit
2279 2028 2315 2093 et

449 2175 633 2243 fecerimus
649 2173 774 2240 amodo
790 2175 825 2240 et
840 2189 948 2257 usque
962 2169 1124 2255 completi
1144 2170 1219 2238 octo
1235 2170 1329 2246 anni,
1349 2172 1457 2236 totum
1474 2171 1592 2238 nostre
1606 2170 1653 2238 sit
1668 2171 1830 2256 potestati
1855 2173 2051 2242 iaciendum
2073 2173 2199 2242 exinde
2223 2175 2313 2261 quod

447 2328 659 2397 voluerimus
674 2331 709 2393 et
725 2327 856 2393 nullam
872 2325 972 2392 nobis
987 2323 1117 2392 exinde
1131 2325 1253 2392 tollere
1268 2325 1431 2410 querant;
1448 2325 1482 2393 et
1505 2342 1568 2409 per
1584 2325 1660 2410 ipsa
1676 2323 1806 2410 guadia
1829 2327 2097 2411 hobligaherunt
2112 2344 2150 2394 se
2164 2344 2313 2413 suosque

448 2482 539 2549 filios
555 2482 589 2548 et
606 2478 751 2547 heredes
766 2478 945 2548 defensare
959 2478 1059 2548 nohis
1074 2477 1163 2545 etad
1181 2476 1310 2544 nostris
1325 2474 1510 2546 heredibus
1525 2475 1645 2544 amodo
1661 2480 1696 2547 et
1710 2494 1818 2563 usque
1834 2479 1996 2564 completi
2009 2479 2077 2564 ipsi
2089 2481 2213 2548 nobam
2224 2481 2311 2548 anni

424 2591 428 2600 Ι
451 2636 525 2702 tota
540 2633 741 2719 supradicta
756 2649 817 2699 sua
832 2630 1039 2698 tradictioue
1055 2630 1099 2696 ab
1115 2628 1273 2696 omnibus
1288 2627 1487 2696 hominibus
1503 2628 1666 2714 omnique
1682 2628 1840 2714 partibus
1854 2633 1890 2698 et
1905 2648 1977 2698 non
1999 2631 2078 2698 illut
2099 2633 2156 2700 vel
2179 2631 2306 2701 exinde

449 2789 549 2854 nobis
564 2789 686 2854 tollere
701 2785 960 2867 autcontraret.
976 2782 1021 2849 ad
1033 2781 1195 2867 completi
1211 2781 1278 2866 ipsi
1291 2782 1414 2848 nobem
1428 2781 1512 2849 anni
1527 2799 1592 2850 nos
1606 2783 1640 2851 et
1651 2782 1777 2851 nostris
1788 2781 1971 2852 heredibus
1982 2785 2173 2854 habeamus
2185 2783 2221 2851 in
2231 2785 2311 2870 ipsa

445 2943 544 3008 terra
560 2940 663 3006 imlra
686 2939 762 3022 ipse
788 2938 868 3006 flnis
893 2941 928 3005 et
954 2937 1132 3005 mensuria
1147 2937 1249 3006 vinea
1271 2938 1363 3004 sacta
1389 2938 1424 3003 et
1450 2938 1566 3006 lebata
1592 2939 1627 3005 et
1649 2939 1835 3022 cooperata
1857 2940 1893 3004 et
1907 2936 2067 3022 desuper
2093 2939 2129 3006 et
2142 2935 2185 3005 de
2207 2939 2308 3022 suptc

446 3093 649 3167 laboratam,
669 3088 758 3156 sicut
773 3091 867 3158 locus
883 3088 958 3176 ipse
972 3087 1138 3156 meruerit
1152 3090 1191 3154 ut
1205 3090 1292 3154 bene
1307 3086 1436 3172 paread
1454 3089 1644 3155 laboratam
1660 3089 1695 3154 et
1710 3089 1875 3156 cultatum
1901 3089 1937 3154 et
1959 3087 2082 3172 pomis,
2101 3089 2136 3156 et
2152 3087 2311 3190 plicaret

444 3260 480 3310 se
495 3240 566 3310 illis
582 3245 753 3308 eteorum
769 3238 914 3308 heredes
931 3240 967 3306 et
981 3240 1089 3306 totum
1107 3257 1169 3323 per
1185 3239 1259 3323 ipse
1275 3237 1355 3305 finis
1371 3239 1406 3305 et
1421 3237 1608 3330 mensuria,
1626 3237 1727 3306 scusi
1740 3241 1842 3306 extra
1858 3238 1933 3322 ipsa
1949 3237 2125 3307 mensuria
2141 3237 2255 3324 ibique
2270 3239 2311 3304 in

448 3393 527 3476 ipsa
542 3393 645 3460 rebus
660 3409 778 3458 eorum
795 3390 958 3475 incapite
974 3391 1079 3458 vinea
1095 3391 1188 3457 sacta
1203 3389 1439 3467 habuerimus,
1453 3388 1562 3455 totum
1579 3406 1643 3474 per
1666 3387 1819 3455 medium
1841 3389 2013 3474 equaliter
2036 3389 2128 3456 inter
2144 3405 2207 3457 nos
2228 3389 2310 3456 illut

446 3543 649 3612 dividamus:
665 3545 735 3611 illis
748 3545 801 3611 vol
813 3559 932 3611 eorum
946 3543 1092 3612 heredes
1103 3545 1226 3610 tollant
1237 3543 1315 3610 illut
1326 3542 1557 3621 medietatem,
1572 3543 1607 3610 et
1619 3543 1718 3611 nobis
1730 3545 1763 3612 et
1775 3541 1819 3609 ad
1831 3541 1959 3611 nostris
1970 3539 2155 3610 heredibus
2166 3539 2312 3608 tradant

442 3698 523 3764 illut
540 3697 577 3762 iu
593 3697 703 3764 sortes
720 3695 940 3764 medietatem
956 3713 1034 3761 cum
1051 3694 1126 3760 vico
1142 3693 1185 3760 dc
1201 3695 1259 3760 bia
1272 3712 1336 3762 sua
1351 3695 1386 3761 ct
1400 3693 1474 3763 vice
1488 3692 1532 3760 de
1548 3693 1627 3778 ipsa
1643 3693 1788 3761 fontana
1811 3711 1887 3760 cum
1911 3692 1988 3762 vice
2009 3693 2053 3762 de
2075 3695 2135 3760 bia
2157 3709 2221 3761 sua
2241 3709 2308 3778 per

385 3813 390 3818 Ι
443 3852 549 3918 talem
566 3850 704 3916 firmam
720 3849 959 3934 scriptionem,
976 3834 1015 3914 ut
1032 3849 1126 3914 omni
1144 3850 1298 3932 tempore
1313 3866 1377 3914 nos
1392 3849 1427 3916 et
1449 3847 1577 3916 nostris
1600 3846 1783 3916 heredibus
1805 3849 1971 3916 securiter
1997 3848 2033 3914 et
2058 3845 2206 3913 firmiter
2230 3845 2312 3912 illut

445 4005 575 4071 habere
591 4020 782 4088 possamus,
802 4001 997 4072 laciendum
1014 4001 1141 4069 exinde
1156 3999 1247 4085 quod
1264 4001 1487 4080 voluerimus,
1501 4000 1718 4068 defensatum
1735 4018 1871 4086 semper
1886 4000 1965 4067 illut
1986 3998 2085 4066 nobis
2109 3997 2308 4082 nostrisque

446 4155 634 4225 heredibus
649 4173 713 4239 per
729 4153 796 4239 ipsi
814 4153 887 4220 thio
903 4155 937 4222 ot
952 4156 1094 4238 nepotes
1110 4157 1144 4220 et
1160 4171 1222 4237 per
1239 4152 1377 4220 illorum
1393 4153 1476 4220 filiis
1492 4154 1527 4220 et
1541 4150 1686 4220 heredes
1701 4152 1745 4218 ab
1761 4136 1918 4219 omnibus
1933 4150 2130 4223 hominibus
2147 4147 2309 4232 omnique

440 4307 611 4392 partibus,
631 4309 666 4374 ot
682 4324 750 4374 non
769 4305 846 4373 illut
861 4308 915 4374 vcl
931 4305 1058 4374 exinde
1075 4305 1197 4373 tollere
1212 4307 1272 4374 aut
1286 4306 1498 4373 contrarent.
1518 4303 1668 4372 reditum
1684 4305 1718 4370 et
1740 4305 1965 4388 palmentum,
1980 4300 2131 4387 quodibi
2148 4298 2312 4367 habueri-

379 4501 387 4514 ·
443 4481 531 4539 mus,
549 4463 579 4529 si
595 4461 775 4530 ebenerint
798 4463 876 4546 ipsa
892 4461 1043 4532 sortione
1058 4463 1191 4539 nostra,
1211 4462 1398 4528 habeamus
1425 4460 1505 4528 illut
1528 4459 1640 4539 nohis,
1658 4460 1692 4526 et
1708 4458 1737 4527 si
1755 4457 1910 4527 ebenerit
1933 4457 1973 4524 'in
1990 4457 2068 4540 ipsa
2081 4471 2157 4523 sors
2172 4470 2306 4531 eorum,

444 4614 623 4683 licentiam
646 4617 830 4684 habeamus
853 4633 916 4684 nos
940 4617 974 4685 et
996 4615 1125 4685 nostris
1151 4614 1337 4685 heredibus
1364 4615 1443 4683 illut
1469 4613 1596 4682 exinde
1622 4613 1820 4682 disturbare
1846 4613 1880 4680 et
1905 4613 2065 4680 excutere
2087 4627 2166 4677 cum
2192 4607 2308 4674 omnis

440 4770 564 4836 nostra
580 4785 764 4852 causaque
780 4767 828 4835 ihi
844 4769 1064 4838 habuerimus
1091 4772 1127 4837 et
1142 4768 1319 4848 reduceret
1346 4769 1425 4837 illut
1440 4767 1476 4835 in
1499 4767 1578 4853 ipsa
1600 4768 1721 4836 nostra
1744 4752 1897 4834 sortione
1920 4761 2157 4831 siue'illorum
2181 4757 2304 4829 uelde

439 4935 559 4986 eorum
576 4919 723 4988 heredes
743 4921 804 4986 aut
819 4919 977 5004 cuiquam
993 4919 1192 4989 hominibus
1208 4919 1451 4988 contrarietate
1465 4919 1519 4986 rel
1535 4916 1769 5004 requisitione.
1784 4914 1875 5003 quod
1891 4915 1921 4983 si
1937 4915 2056 4984 taliter
2067 4915 2132 4986 etc:
2148 4909 2305 5000 (Statim

436 5072 547 5141 multa
561 5073 809 5158 quinquaqinta
826 5089 1013 5140 aureorum
1027 5071 1213 5138 solidamina
1227 5071 1609 5158 comtoottotooorom).
1629 5071 1665 5139 et
1679 5071 1771 5138 huuc
1786 5071 1925 5138 brebem
1948 5067 2070 5137 scribsi
2093 5084 2160 5151 ego
2181 5066 2306 5150 petrus

436 5223 593 5292 notarius
609 5225 668 5308 qui
684 5221 838 5292 interlui.

494 5349 604 5462 †ego
620 5377 768 5444 arechisi
784 5369 941 5445 notarius
958 5393 1012 5447 me
1027 5377 1214 5464 subscripsi

494 5501 605 5616 †ego
621 5531 799 5598 maraldus
897 5513 898 5516 ¹

491 5654 603 5767 †ego
618 5681 784 5750 radoaldu

492 5805 603 5921 †ego
620 5836 775 5904 ioannes.
