5216 7092
435 525 442 642 ss
516 569 579 632 nc
673 621 677 629 .
1191 542 1354 616 oonnx
1397 541 1631 616 onvnusrs

469 797 609 866 tertiam
628 798 773 880 partem,
792 794 923 878 relique
941 793 1023 858 bero
1039 789 1106 856 due
1122 789 1286 856 sortionis
1300 786 1427 855 exinde
1449 787 1616 855 faciamus
1639 787 1721 855 inde
1744 785 1831 872 quod
1849 787 2071 866 boluerimus,
2090 789 2126 854 et
2147 787 2268 855 amodo
2290 791 2328 857 et

464 947 588 1014 diebus
603 948 673 1014 bite
689 961 764 1013 mec
778 945 829 1012 sic
846 959 1111 1028 permaneamus
1127 941 1164 1007 in
1180 939 1253 1026 ipsa
1268 913 1426 1018 ecclesia,
1441 941 1480 1005 ut
1490 956 1555 1006 nec
1571 940 1615 1005 ab
1630 937 1701 1006 illis
1716 955 1780 1005 nec
1791 956 1813 1004 a
1823 938 1906 1006 filiis
1921 955 2039 1006 eorum
2055 941 2153 1009 nulla
2169 943 2326 1012 molestia

468 1096 512 1165 ad
530 1097 694 1164 iniustum
711 1095 898 1180 patiamur.
918 1095 955 1162 at
971 1095 1053 1161 bero
1069 1094 1203 1160 tantum
1219 1091 1483 1159 reserbaberunt
1498 1089 1564 1156 sibi
1580 1093 1744 1175 qnantum
1762 1089 1862 1157 binea
1877 1091 1992 1160 batere
2007 1110 2073 1176 que
2089 1095 2142 1160 est
2165 1111 2324 1162 marcan-

463 1249 572 1333 gellu,
591 1267 673 1315 nam
690 1249 750 1316 illo
764 1249 851 1314 aliut
866 1247 954 1314 mibi
976 1245 1147 1316 dederunt
1169 1264 1230 1330 per
1254 1245 1331 1329 ipsa
1352 1244 1477 1330 uadia3
1502 1243 1611 1327 panni
1637 1245 1718 1311 bero
1740 1242 1885 1311 eundem
1907 1243 2050 1312 ecclesie
2065 1247 2100 1312 et
2114 1245 2256 1314 mobilia
2277 1247 2322 1315 ad

464 1403 584 1466 nostra
601 1403 765 1468 abeamus
782 1403 951 1485 potestate
973 1400 1007 1468 et
1030 1398 1258 1466 salbum'illut
1273 1396 1450 1474 iaciamus,
1470 1398 1560 1464 sicut
1576 1400 1751 1464 meruerit.
1771 1394 1905 1480 quodsi
1928 1395 2045 1463 omnia
2067 1398 2139 1464 etc:
2165 1394 2321 1481 (maura

461 1551 570 1619 malta
585 1553 704 1620 decem
728 1551 917 1617 solidorum
943 1548 1324 1635 constantinianorum),
1355 1551 1390 1614 et
1416 1549 1491 1632 ipse
1517 1547 1734 1614 damnandus
1757 1547 1920 1632 prosolsit
1943 1548 2057 1632 ipsum
2081 1549 2191 1617 filium
2220 1569 2319 1620 suum

464 1704 584 1770 omnia
601 1704 840 1788 suprascripta
857 1720 990 1770 mecum
1006 1700 1180 1786 agendum
1205 1702 1259 1768 vel
1282 1699 1512 1768 ordinandum
1537 1717 1601 1784 per
1624 1699 1865 1784 suprascripta
1886 1700 2040 1785 obligata
2063 1720 2169 1788 pena3
2187 1706 2221 1770 et
2243 1705 2319 1790 ipsa

460 1856 556 1922 cetra
572 1854 691 1922 demus
707 1872 826 1922 eorum
849 1856 1042 1923 annualiter
1065 1873 1128 1938 per
1153 1852 1469 1938 tempore'quando
1492 1853 1668 1930 meruerit,
1686 1855 1721 1919 et
1736 1852 1934 1920 annualiter
1957 1852 2075 1921 demus
2100 1855 2136 1920 in
2159 1857 2318 1941 partibus

463 2007 575 2090 ipsius
590 2005 732 2075 ecclesie
754 2005 797 2073 de
819 2008 988 2090 quantum
1012 2005 1129 2072 binum
1156 1957 1242 2070 inde
1260 2003 1388 2071 exierit
1410 2007 1570 2088 quartam
1594 2007 1741 2088 partem,
1760 2007 1795 2072 et
1817 2005 1892 2088 ipse
1915 2005 2045 2090 relique
2061 2009 2132 2076 tres
2153 2007 2317 2076 sortionis

459 2159 576 2222 nostre
592 2157 663 2222 sint
677 2158 860 2240 potestate,
880 2155 1072 2223 faciendum
1098 2153 1179 2222 inde
1203 2155 1319 2222 omnia
1341 2154 1430 2240 quod
1454 2156 1665 2223 noluerimus
1688 2157 1816 2240 absque
1831 2153 2230 2227 illorum'contrarietate
2253 2179 2317 2245 per

456 2309 703 2392 suprascripta
718 2306 832 2374 wadia
846 2308 882 2374 ei
897 2308 1050 2392 obligata
1065 2324 1166 2391 pena.
1186 2308 1221 2374 et
1236 2324 1303 2391 ego
1319 2307 1485 2374 iohannes
1500 2307 1658 2374 notarius
1674 2325 1741 2374 unc
1758 2309 1897 2375 brebem
1914 2308 2038 2392 scripsi
2055 2312 2088 2377 et
2104 2311 2259 2380 interlui.

515 2433 624 2546 †eg0
640 2461 875 2546 ga'idenardus
890 2461 948 2545 qui
965 2478 1073 2545 supra

516 2583 545 2696 †
563 2631 629 2696 ego
646 2613 705 2696 qni
721 2631 829 2696 supra
844 2611 1000 2697 edelgari

514 2733 543 2845 †
559 2780 626 2846 ego
643 2763 825 2829 mascinus

1218 3269 1549 3350 CCCXXIV.

1237 3512 1293 3589 A.
1329 3512 1381 3590 D.
1419 3511 1523 3590 980.

510 3767 600 3904 †ln
614 3819 756 3886 nomine
772 3817 902 3885 domini
919 3818 1095 3886 tricesimo
1112 3818 1259 3902 septimo
1276 3836 1368 3885 anno
1384 3821 1602 3905 principatus
1619 3821 1737 3890 domni
1755 3825 1866 3892 nostri
1884 3824 2027 3910 paldoltl
2043 3829 2189 3912 gloriosi
2213 3832 2315 3914 prin-

454 3970 543 4055 cipis
558 3971 593 4038 et
615 3967 763 4038 secundo
786 3986 879 4036 anno
902 3970 1118 4055 principatus
1141 3971 1215 4040 eius
1237 3972 1378 4049 salerni,
1396 3979 1429 4042 et
1450 3975 1551 4040 sexto
1575 3993 1667 4042 anno
1684 3975 1902 4061 principatus
1925 3979 2045 4048 domni
2068 3982 2210 4066 paldolfi
2235 3986 2311 4055 eius

452 4119 516 4188 filii
541 4121 689 4205 gloriosi
712 4121 940 4205 principibus,
968 4139 1085 4189 mense
1109 4121 1239 4206 aprelis
1262 4123 1386 4188 obtaba
1409 4123 1609 4192 indictione.
1637 4130 1917 4196 memoratorium
1942 4132 2036 4200 factu
2060 4129 2081 4201 a
2104 4155 2158 4204 me
2192 4139 2309 4221 petrus

449 4289 565 4340 comes
588 4273 682 4340 filius
706 4273 880 4358 quondam
906 4273 1009 4358 petri,
1027 4273 1174 4358 eoquod
1199 4277 1280 4341 ante
1302 4265 1491 4360 supscripti
1514 4280 1617 4346 testes
1640 4279 1771 4364 guadia
1787 4283 1873 4350 mihi
1889 4284 2057 4355 dederunt
2071 4293 2309 4374 petrusatria-

451 4442 557 4493 nense
580 4425 673 4492 lilius
695 4425 852 4503 iohanni,
878 4428 913 4492 et
935 4427 990 4492 leo
1016 4425 1107 4492 lilius
1131 4425 1222 4509 petri
1245 4427 1364 4511 ungri,
1391 4432 1426 4496 et
1459 4428 1633 4498 taracoum
1657 4433 1750 4501 lilius
1773 4434 2008 4522 teudelgrimi;
2033 4444 2068 4509 et
2090 4459 2154 4527 per
2187 4445 2306 4517 eadem

451 4573 583 4658 guadia
606 4576 848 4659 obligaberunt
871 4596 908 4644 se
931 4577 994 4644 tali
1018 4577 1151 4657 ordine,
1178 4581 1217 4645 ut
1238 4578 1360 4645 amodo
1382 4583 1417 4649 et
1440 4601 1548 4667 usque
1571 4585 1682 4653 tribus
1705 4588 1779 4655 aire
1802 4592 1982 4660 recollecta
2006 4596 2124 4664 tenere
2146 4596 2191 4664 ad
2217 4599 2307 4664 labo-

448 4725 598 4794 randum
624 4727 667 4794 de
689 4731 794 4796 terris
818 4732 913 4809 meis,
940 4731 1029 4816 quod
1054 4749 1121 4815 ogo
1144 4735 1226 4802 abeo
1241 4731 1280 4800 in
1296 4733 1509 4802 lucaniaubi
1527 4740 1650 4824 propio
1666 4740 1707 4806 ad
1726 4745 1822 4827 gulia
1838 4746 1993 4827 bocatur,
2012 4749 2100 4834 quod
2116 4754 2196 4821 abet
2211 4754 2302 4823 linis:

420 4887 422 4892 '
447 4875 492 4944 da
516 4877 672 4963 partibus
695 4881 839 4948 orientis
862 4883 931 4950 fine
955 4883 1031 4966 ipsa
1055 4887 1150 4952 terra
1166 4903 1229 4970 que
1245 4885 1422 4955 descendit
1445 4890 1488 4957 ad
1512 4895 1724 4961 monasterio
1746 4900 1862 4966 sancte
1883 4903 2004 4981 marie,
2030 4904 2088 4972 ubi
2103 4907 2244 4974 bocatur
2259 4909 2304 4976 ad

445 5030 560 5115 gulie:
587 5029 630 5098 da
653 5033 808 5117 partibus
832 5033 1019 5102 occidentis
1042 5036 1112 5104 tine
1133 5037 1276 5106 iohanni
1300 5041 1360 5126 qui
1383 5041 1511 5111 dicitur
1534 5053 1743 5130 passomata,
1766 5053 1800 5119 et
1822 5056 1992 5138 pergente
2007 5055 2044 5122 in
2060 5057 2138 5143 ipsa
2161 5060 2303 5130 fontana

446 5183 480 5248 et
502 5182 641 5250 ariarate
664 5202 727 5268 per
752 5184 827 5270 ipsa
850 5185 994 5256 fontana
1025 5189 1060 5254 in
1084 5206 1146 5255 ora
1167 5189 1211 5257 de
1236 5190 1312 5274 ipso
1335 5197 1532 5266 cannietum
1556 5202 1667 5268 sancti
1692 5201 1832 5283 andree,
1850 5207 1885 5273 et
1900 5207 2038 5278 exiente
2054 5209 2090 5276 in
2106 5211 2184 5296 ipsa
2204 5231 2302 5283 serra

444 5336 564 5401 sancte
586 5352 747 5416 varvare,
773 5339 808 5406 et
831 5341 1028 5412 rebolbente
1051 5361 1113 5427 per
1137 5345 1212 5431 ipsa
1235 5367 1334 5417 serra
1357 5353 1392 5419 et
1415 5353 1647 5440 coniungente
1670 5355 1707 5423 in
1733 5358 1809 5442 ipsa
1830 5375 1931 5427 serra
1961 5364 2082 5432 sancte
2103 5366 2230 5434 marie:
2254 5367 2301 5434 da

444 5485 603 5569 partibus
625 5487 772 5557 meridie
795 5491 864 5559 fine
887 5495 960 5562 ursi
984 5497 1043 5581 qui
1066 5496 1190 5568 dicitur
1211 5500 1258 5569 da
1280 5503 1395 5592 dume3
1414 5507 1475 5574 tali
1500 5506 1620 5577 ordine
1643 5508 1722 5577 illut
1738 5511 1833 5579 bobis
1856 5513 2038 5593 tradimus,
2059 5519 2097 5584 ut
2117 5519 2211 5588 infra
2228 5519 2301 5606 ipse

444 5634 527 5702 finis
549 5641 807 5724 sceptuabimus
830 5649 995 5729 quantum
1014 5649 1057 5719 de
1079 5655 1180 5724 antea
1203 5655 1283 5723 illut
1305 5659 1324 5722 d
1332 5661 1425 5726 citum
1449 5661 1590 5729 abemus
1613 5661 1656 5728 ad
1672 5663 1897 5732 laborandum
1912 5685 1976 5752 pro
1993 5667 2126 5740 duobus
2142 5673 2242 5756 paria
2255 5673 2301 5744 de

447 5787 525 5854 bobi
542 5787 586 5856 ad
604 5791 723 5874 petrus
739 5793 830 5864 filius
853 5801 944 5881 petri
967 5801 1085 5883 iudici,
1104 5808 1139 5873 ei
1161 5809 1281 5891 petrus
1304 5811 1363 5895 qui
1379 5811 1444 5879 suit
1459 5813 1641 5884 libertinus
1657 5817 1812 5885 ruscinii.
1827 5818 1869 5887 de
1883 5822 1992 5889 totum
2007 5824 2114 5892 alium
2130 5830 2298 5913 quantum
