5286 7098
992 663 1358 743 [irruoulrrcus
2010 697 2049 755 a,

242 925 387 992 ecclesia
403 925 515 990 sancti
533 921 675 988 maximi
692 920 766 1004 ipsa
782 921 878 985 terra
894 937 969 984 cum
987 919 1177 1018 arbustum,
1197 914 1285 998 (quod
1310 915 1377 997 ipsi
1402 916 1574 998 guaimari
1599 921 1634 982 et
1657 919 1747 984 mira
1771 919 1854 986 mihi
1880 921 2105 993 clonarerunt'

241 1079 371 1162 inipso
390 1037 502 1144 locum
520 1077 642 1144 elioru.
662 1074 721 1158 qui
737 1077 838 1140 habet
854 1073 934 1138 linis
950 1075 984 1138 et
1008 1069 1199 1138 mensurie:
1218 1068 1260 1134 de
1285 1087 1350 1134 uuo
1374 1069 1485 1152 capite
1508 1071 1577 1136 line
1602 1071 1730 1143 tassili.
1750 1075 1807 1156 qui
1833 1075 1923 1142 mira
1945 1027 2095 1144 vocabad

241 1231 335 1298 lilius
350 1229 453 1314 petri,
474 1233 554 1295 sunt
570 1227 652 1294 inde
667 1245 729 1312 per
746 1225 925 1293 mensoria
940 1241 1060 1308 passos
1075 1223 1202 1308 uiginti
1220 1219 1312 1286 duo:
1332 1220 1374 1286 de
1398 1186 1466 1287 uno
1489 1224 1596 1290 latere
1619 1223 1688 1290 fine
1714 1227 1855 1293 iohanni
1880 1231 2041 1300 barbello.
2062 1236 2096 1298 ot

243 1385 323 1450 inde
340 1389 419 1449 sunt
436 1401 557 1466 passos
572 1381 733 1466 triginta,
753 1381 926 1447 etiterum
943 1380 1138 1448 revolbente
1156 1395 1217 1462 per
1234 1376 1302 1445 flue
1319 1373 1425 1462 ipsius
1442 1376 1585 1442 iohanni
1602 1378 1682 1444 inde
1706 1383 1786 1446 sunt
1809 1399 1927 1464 passos
1950 1384 2096 1467 triginta

237 1537 422 1622 quadtuor,
441 1538 557 1602 cubita
573 1539 654 1612 tres,
672 1535 853 1602 summisse
870 1551 995 1600 unum:
1016 1531 1058 1598 de
1074 1533 1192 1614 supter
1209 1531 1278 1598 tine
1294 1530 1483 1613 grimoaldi
1499 1533 1534 1598 et
1548 1532 1747 1614 perexieote
1771 1535 1806 1599 in
1831 1533 1898 1612 bia,
1918 1539 1997 1602 suot
2013 1539 2093 1607 inde

237 1708 359 1773 passos
376 1690 527 1773 triginta
542 1687 729 1773 quadtuor:
748 1686 791 1753 de
807 1687 877 1753 alio
893 1688 1002 1752 latere
1018 1687 1086 1750 line
1105 1683 1247 1749 iohanni
1264 1683 1474 1767 trasalperti.
1494 1681 1573 1748 inde
1596 1689 1677 1750 sunt
1699 1701 1817 1768 passos
1840 1689 2092 1774 quinquaginta

237 1859 357 1918 unum,
383 1858 447 1923 per
469 1837 620 1905 medium
645 1840 724 1904 suot
747 1854 865 1921 passos
889 1835 1038 1918 triginta
1061 1834 1139 1910 duo,
1166 1834 1289 1918 gubita
1312 1835 1393 1912 treS,
1428 1835 1607 1902 summisse
1635 1855 1740 1903 unum
1759 1835 1799 1903 ad
1830 1839 1927 1906 iuxto
1952 1859 2091 1924 passum

238 1989 373 2057 homini
389 1991 639 2056 mensuratum.
659 1990 722 2054 hec
739 2005 822 2055 vero
838 2006 905 2064 res,
926 1987 1072 2071 qualiter
1088 1986 1248 2070 superius
1264 1985 1338 2070 ipse
1354 1985 1435 2051 finis
1451 1988 1483 2050 et
1501 1987 1673 2053 mensurie
1689 1983 1799 2072 posite
1815 1992 1906 2066 sunt,
1926 1992 1939 2055 t
1962 1993 2033 2056 tum
2059 1992 2095 2058 in

237 2145 415 2227 integrum
432 2161 511 2207 cum
526 2142 645 2208 omnia
662 2143 754 2207 intro
771 2163 807 2208 se
823 2142 1029 2207 habentibus
1045 2143 1077 2207 et
1092 2140 1164 2206 suis
1180 2138 1401 2222 pertinentiis
1416 2141 1451 2205 et
1468 2158 1545 2204 curn
1562 2141 1636 2207 vice
1652 2139 1694 2206 de
1712 2141 1767 2206 bia
1783 2160 1847 2208 sua
1870 2141 1906 2209 in
1931 2143 2093 2210 iamdicta

236 2294 383 2361 ecclesia
399 2294 511 2360 sancti
527 2293 675 2360 maximi
691 2293 826 2370 oflerui,
846 2292 935 2360 unde
958 2291 999 2359 de
1022 2290 1260 2375 suprascripta
1283 2292 1385 2358 rebus
1409 2291 1539 2357 nullam
1563 2291 1650 2356 mihi
1673 2294 1727 2358 rol
1751 2293 1875 2376 cuiqua
1897 2295 2094 2363 hominibus

235 2449 295 2513 aut
311 2447 348 2513 in
363 2447 483 2531 quabis
497 2447 653 2531 partibus
676 2446 800 2514 exinde
825 2447 963 2522 restitit,
985 2449 1046 2512 aut
1060 2445 1206 2512 dicimus
1228 2461 1406 2512 remanere
1429 2445 1627 2522 senionem,
1647 2449 1710 2522 set,
1728 2447 1817 2512 sicut
1839 2447 2002 2526 diximus,
2021 2455 2093 2518 tota

236 2605 271 2664 et
290 2601 409 2667 inclita
425 2599 666 2684 suprascripta
691 2600 794 2666 rebus
818 2599 854 2665 in
878 2597 995 2665 eadem
1020 2599 1166 2664 ecclesia
1190 2598 1323 2675 offerui,
1342 2599 1431 2664 sicut
1454 2615 1559 2680 supra
1584 2600 1734 2684 legitur3
1751 2601 1785 2665 et
1808 2601 1886 2684 ipsa
1908 2602 1978 2667 iam
2002 2601 2095 2668 dicta

238 2755 383 2829 cartula,
402 2752 551 2836 qualiter
568 2753 669 2818 rebus
686 2751 763 2834 ipsa
778 2751 865 2816 mihi
883 2749 963 2816 data
979 2750 1055 2824 fuit,
1074 2767 1151 2814 cum
1169 2749 1285 2814 omnia
1301 2753 1468 2831 quantum
1485 2751 1637 2818 continet
1655 2750 1689 2816 in
1707 2751 1782 2835 ipsa
1805 2751 1950 2819 ecclesia
1973 2753 2093 2823 offerui

239 2905 283 2970 ad
300 2905 467 2972 securiter
484 2923 523 2969 ac
540 2904 687 2973 firmiter
705 2903 828 2969 amodo
844 2906 879 2969 et
895 2921 1032 2986 semper
1047 2903 1123 2985 ipsa
1137 2901 1281 2968 ecclesia
1297 2901 1435 2985 eiusque
1450 2902 1641 2970 rectoribus
1658 2903 1735 2970 illut
1757 2905 1967 2981 habendum,
1986 2906 2094 2972 domi-

237 3055 404 3136 nandum,
431 3056 689 3140 possidendum,
718 3057 836 3122 omnia
858 3054 986 3122 exinde
1009 3055 1213 3130 faciendum,
1240 3053 1328 3137 quod
1352 3073 1436 3138 pars
1460 3054 1567 3138 ipsius
1590 3055 1732 3124 ecclesie
1755 3057 1925 3160 placuerit
1935 3021 1951 3134 ,ο
1968 3058 2094 3143 absque

235 3210 328 3276 omni
347 3212 465 3277 nostra
482 3213 748 3294 nostrorumque
763 3208 947 3276 heredibus
963 3209 1211 3275 contrarietate
1227 3211 1280 3274 rel
1297 3207 1531 3292 requisitione.
1552 3205 1596 3275 de
1611 3225 1677 3290 qua
1694 3208 1810 3291 obligo
1826 3225 1880 3274 me
1903 3209 1961 3292 qui
1986 3229 2092 3294 supra

236 3361 433 3430 benedictus
450 3363 621 3446 presbiter
638 3367 672 3429 et
695 3363 781 3428 meis
804 3351 989 3430 heredibus
1013 3359 1135 3427 amodo
1158 3362 1193 3427 et
1215 3379 1351 3445 semper
1374 3359 1606 3428 autistondum
1629 3364 1664 3428 et
1686 3361 1930 3430 desemandum
1956 3363 1993 3428 iu
2017 3365 2094 3447 ipsa

234 3513 380 3581 ecclesia
396 3513 488 3580 etad
506 3514 579 3583 eius
595 3517 747 3582 rectores
764 3514 920 3598 predicta
934 3517 1055 3581 nostra
1071 3513 1250 3580 offertione
1265 3512 1310 3578 da
1325 3513 1394 3579 illis
1417 3512 1614 3578 homiuibus
1629 3515 1663 3579 et
1686 3512 1856 3596 partibus,
1871 3483 1923 3578 cui
1948 3531 2010 3596 per
2036 3533 2090 3584 me

234 3665 311 3730 illut
327 3668 380 3732 rel
397 3665 524 3732 exinde
539 3665 657 3732 datum
675 3669 727 3732 vel
744 3667 936 3750 obligatum
953 3665 1122 3750 paruerit,
1141 3669 1176 3732 et
1195 3665 1252 3749 qui
1268 3681 1331 3748 pro
1347 3664 1477 3732 nostris
1492 3665 1649 3747 partibus
1670 3665 1905 3752 quodcumque
1921 3670 2090 3736 causatio·

233 3835 295 3885 nes
311 3817 388 3886 inde
404 3818 633 3903 preposuerit.
652 3819 682 3885 si
699 3823 826 3895 autem,
846 3819 936 3886 sicut
950 3819 1081 3886 dictum
1096 3821 1159 3896 est,
1177 3817 1293 3885 taliter
1308 3819 1386 3885 illut
1409 3817 1535 3885 ibidem
1560 3835 1629 3883 non
1653 3817 1957 3898 defensaverimus,
1975 3825 2037 3888 aut
2059 3823 2088 3889 si

233 3989 294 4038 nos
309 3970 504 4054 nostrisque
528 3969 713 4038 heredibus
737 3969 1053 4056 quomodocumque
1075 3970 1197 4055 aliquit
1219 3969 1300 4036 inde
1322 3969 1364 4036 de
1386 3970 1553 4054 potestate
1576 3969 1686 4053 ipsius
1708 3971 1852 4038 ecclesie
1874 3973 1926 4039 vel
1948 3971 1991 4038 de
2014 3974 2089 4042 eius

232 4127 383 4191 rectores
399 4125 524 4190 tollere
539 4127 598 4188 aut
614 4127 775 4189 contrane
790 4123 1029 4208 quesierimus,
1046 4125 1105 4191 aut
1120 4121 1356 4207 quodcumque
1370 4121 1586 4189 causationes
1602 4121 1681 4190 inde
1696 4125 1989 4207 preposuerimus
2003 4131 2087 4191 tunc

231 4274 380 4355 primum
398 4273 550 4341 omnium
567 4275 699 4358 questio
715 4277 750 4341 et
765 4275 921 4341 causatio
936 4277 1057 4340 nostra
1072 4273 1142 4341 sint
1156 4273 1282 4342 exinde
1304 4273 1413 4340 tacita
1435 4276 1469 4341 et
1492 4291 1609 4351 vacua,
1627 4277 1667 4367 et·
1685 4274 1834 4358 triginta
1856 4274 1932 4340 auri
1956 4275 2085 4344 solidos

231 4425 443 4493 costantinus
461 4443 667 4510 componere
684 4425 837 4510 obligavi
855 4444 908 4493 me
924 4428 959 4491 et
976 4426 1060 4492 meis
1076 4423 1262 4492 heredibus
1277 4424 1313 4490 in
1330 4425 1406 4508 ipsa
1422 4423 1567 4491 ecclesia
1583 4425 1637 4491 vel
1650 4424 1692 4491 ad
1706 4428 1856 4494 rectores
1867 4425 1953 4493 eius.
1969 4425 2013 4493 de
2024 4428 2084 4495 alii

230 4594 313 4644 vero
328 4577 525 4644 hominibus
546 4579 580 4646 et
603 4577 763 4661 partibus
786 4579 992 4661 potestatem
1015 4578 1165 4644 habeant
1189 4595 1272 4660 pars
1295 4577 1404 4661 ipsius
1427 4575 1569 4646 ecclesie
1592 4593 1668 4644 cum
1693 4577 1769 4662 ipsa
1791 4578 1928 4644 cartula
1948 4582 1982 4646 et
2007 4595 2085 4644 cum
2115 4665 2117 4671 Α

229 4731 328 4812 quale
343 4729 518 4796 monimen
534 4731 569 4795 et
588 4729 758 4797 rationem
778 4727 859 4796 inde
875 4712 1001 4795 habere
1017 4729 1169 4813 potuerit
1184 4729 1221 4796 in
1237 4727 1395 4796 omnibus
1411 4727 1491 4794 inde
1506 4746 1651 4797 causare
1674 4732 1708 4796 et
1730 4727 1834 4797 finem
1859 4726 1983 4804 facere,
2002 4747 2086 4812 qua-

232 4883 310 4947 liter
327 4883 486 4949 voluerit.
505 4885 540 4947 et
555 4882 668 4951 taliter
684 4881 835 4950 scribere
851 4884 1053 4965 rogavimus
1069 4884 1103 4950 te
1118 4885 1238 4966 petrus
1253 4881 1422 4948 notarius.
1441 4887 1554 4949 actum
1570 4884 1716 4949 salerno.

289 5004 318 5116 †
333 5049 400 5116 ego
416 5031 571 5098 romoald

288 5156 398 5267 †eg0
415 5183 609 5267 guaiferius

289 5307 317 5418 †
332 5355 398 5420 ego
414 5341 533 5418 petrus

288 5459 317 5570 †
332 5505 398 5570 ego
413 5487 594 5556 madelmo.
