5252 7102
518 585 581 647 324
1050 583 1054 591 ·
1186 555 1352 628 CODEX
1395 553 1629 629 CAVENSIS

472 811 615 882 deducit
638 829 659 878 a
682 825 787 893 super
810 803 1009 872 monticellu
1032 801 1075 869 de
1098 818 1181 869 casa
1204 817 1346 878 arsana,
1367 800 1402 866 et
1424 816 1487 884 per
1510 798 1588 884 ipsa
1611 797 1670 864 bia
1693 798 1926 882 coniungente
1950 799 1986 866 in
2011 798 2107 866 ribus
2129 799 2202 866 altu
2218 801 2253 866 et
2268 817 2332 884 per

473 965 550 1050 ipso
574 963 671 1030 ribus
693 956 919 1028 descendente
941 957 975 1024 et
999 953 1234 1038 coniungente
1257 951 1295 1018 in
1318 949 1373 1018 via
1396 949 1552 1036 hantica3
1577 950 1612 1018 et
1634 947 1680 1016 da
1703 901 1786 1034 pars
1808 949 1954 1018 meridie
1977 953 2146 1036 pergente
2168 969 2231 1036 per
2254 951 2333 1036 ipsa

472 1117 531 1183 bia
553 1117 588 1182 et
611 1111 767 1180 exsiente
789 1110 833 1192 de
848 1111 926 1196 ipsa
943 1107 1011 1186 bia,
1029 1107 1064 1174 et
1078 1105 1273 1174 rebolbente
1288 1103 1326 1170 in
1341 1121 1423 1189 pars
1446 1101 1702 1188 septemtrionis
1719 1104 1753 1170 et
1767 1105 1937 1188 pergente
1961 1122 2023 1187 per
2039 1103 2156 1182 cilium
2173 1101 2217 1168 de
2234 1119 2332 1168 mon-

471 1268 590 1336 ticellu
609 1266 669 1351 qui
685 1264 814 1332 dicitur
831 1239 944 1340 calbu,
964 1260 999 1328 et
1015 1257 1254 1341 coniungentc
1268 1273 1374 1341 usque
1390 1255 1468 1340 ipsa
1483 1255 1551 1334 bia,
1570 1252 1720 1340 qualiter
1736 1254 1883 1322 rebolbit
1897 1272 1960 1338 per
1977 1253 2052 1338 ipso
2067 1255 2281 1332 muniicellu,
2299 1256 2335 1322 et

472 1439 535 1505 per
554 1419 630 1504 ipsa
647 1419 703 1484 bia
719 1434 786 1502 que
802 1414 943 1483 deducit
960 1413 1004 1481 ad
1021 1415 1097 1499 ipso
1113 1413 1210 1478 ribus
1234 1413 1307 1479 altu
1320 1465 1322 1472 s
1334 1413 1505 1496 pergente
1522 1407 1557 1476 in
1574 1427 1655 1495 pars
1679 1407 1867 1476 occidentis
1890 1425 1998 1493 usque
2026 1409 2103 1492 ipsa
2119 1408 2177 1474 bia
2200 1409 2330 1484 antica,

472 1567 563 1657 quod
580 1562 632 1638 est
649 1567 768 1652 priore
783 1567 883 1634 fines.
903 1565 997 1633 inira
1013 1565 1078 1666 iste
1103 1565 1185 1631 finis
1212 1566 1371 1648 quartam
1400 1581 1481 1648 pars
1508 1562 1594 1628 mihi
1622 1541 1676 1630 est
1701 1558 1828 1629 exinde
1851 1560 2064 1645 pertinentes
2091 1559 2193 1626 abere
2208 1561 2244 1624 et
2259 1564 2334 1628 tres

470 1724 585 1793 sortis
601 1723 644 1792 ad
669 1723 738 1807 ipsi
754 1723 930 1789 consortes
945 1736 1051 1806 me0s3
1068 1737 1127 1786 seu
1144 1720 1178 1786 et
1191 1717 1399 1803 palamfacio
1416 1715 1521 1785 abere
1539 1718 1643 1784 rebus
1660 1715 1697 1782 in
1712 1715 1946 1801 supradictum
1962 1715 2074 1781 locum
2092 1713 2226 1781 lauritu
2241 1707 2352 1779 com-'

470 1876 622 1944 muniter
639 1895 717 1942 cum
734 1874 800 1960 ipsi
818 1876 996 1941 consortes
1012 1889 1106 1940 meos
1120 1872 1222 1940 extra
1239 1871 1314 1955 ipse
1336 1867 1435 1949 finis,
1455 1873 1490 1937 et
1507 1887 1702 1954 congruum
1725 1871 1778 1966 est
1803 1867 1892 1935 mihi
1919 1865 2042 1935 inclita
2068 1867 2145 1951 ipsa
2171 1867 2330 1951 quartam

469 2049 553 2118 pars
570 2029 613 2097 de
628 2031 702 2096 tota
716 2029 794 2114 ipsa
811 2029 912 2096 rebus
926 2028 1022 2094 infra
1037 2023 1238 2110 supradicte
1253 2024 1346 2103 finis,
1364 2042 1426 2092 seu
1441 2027 1611 2109 quantum
1627 2025 1728 2091 extra
1744 2022 1818 2107 ipse
1835 2023 1916 2090 linis
1932 2024 2019 2089 abeo
2033 2039 2110 2088 cum
2129 2021 2242 2087 omnis
2258 2037 2333 2087 sor-

469 2183 602 2252 tionem
618 2200 729 2250 meam
745 2179 789 2248 de
805 2179 982 2246 monimen
998 2177 1146 2262 indeque
1156 2176 1393 2261 pertinentes,
1412 2174 1625 2244 benumdare
1640 2174 1683 2240 ad
1699 2192 1783 2259 pars
1798 2173 1942 2241 ecclesie
1954 2172 2211 2252 sanctemarie,
2231 2189 2330 2262 quem

470 2335 689 2423 supradictus
705 2334 853 2402 domnus
868 2333 1038 2400 iohannes
1055 2330 1218 2416 princeps
1242 2330 1276 2396 et
1298 2327 1428 2396 domna
1443 2327 1651 2413 sichelagita
1667 2327 1912 2412 principissae
1927 2328 2018 2394 nobo
2034 2325 2236 2393 fundamine
2250 2343 2334 2392 con-

471 2445 692 2556 strusserunt
707 2487 744 2554 in
760 2488 859 2552 curte
875 2484 997 2553 suade
1014 2485 1108 2550 intus
1126 2500 1192 2550 anc
1214 2482 1467 2550 salernitanam
1498 2482 1674 2548 cibitatem
1691 2480 1783 2578 inter
1809 2499 1909 2548 muro
1926 2483 1960 2547 et
1975 2480 2160 2547 muricino.
2180 2483 2224 2548 Et
2240 2479 2331 2558 ideo,

471 2642 561 2709 sicut
577 2642 664 2712 mihi
681 2659 876 2725 congruum
894 2642 956 2718 est,
974 2657 1038 2725 per
1055 2639 1145 2708 anch
1162 2638 1329 2720 cartulam
1352 2653 1432 2704 mea
1456 2636 1646 2702 bolumtate
1668 2651 1733 2720 pro
1756 2651 1840 2719 pars
1856 2633 2011 2718 predicte
2031 2634 2175 2702 ecclesie
2190 2634 2331 2700 benum-

473 2793 569 2866 dedit
585 2795 650 2862 tibi
668 2794 837 2862 dumnelli
853 2794 1040 2879 presbiteri
1058 2794 1093 2860 et
1108 2791 1223 2860 abbati
1238 2789 1393 2878 predicte
1408 2790 1554 2857 ecclesie
1570 2791 1640 2854 tota
1654 2790 1691 2856 et
1707 2786 1828 2855 inclita
1843 2787 1920 2873 ipsa
1932 2789 2089 2873 quartam
2103 2805 2185 2872 pars
2199 2785 2243 2854 de
2257 2789 2333 2854 tota

471 2949 552 3032 ipsa
567 2949 669 3016 rebus
686 2946 780 3013 inira
795 2948 869 3031 ipse
884 2945 977 3026 finis,
995 2947 1030 3014 et
1044 2945 1213 3030 quantum
1230 2946 1333 3012 extra
1348 2943 1423 3029 ipse
1438 2941 1518 3011 finis
1534 2943 1618 3010 abeo
1634 2943 1672 3008 in
1689 2941 1763 3026 ipso
1778 2943 1892 3008 locum
1904 2942 2007 3007 licum
2019 2940 2132 3008 omnis
2143 2941 2332 3008 sortionem

470 3119 584 3169 meam
602 3099 646 3168 de
662 3101 839 3168 monimen
856 3098 1002 3184 indeque
1018 3099 1243 3184 pertinentes,
1263 3098 1304 3165 ad
1323 3096 1492 3166 securiter
1507 3099 1542 3162 et
1556 3075 1705 3162 firmiter
1720 3092 1843 3161 amodo
1858 3095 1893 3162 et
1908 3113 2044 3180 semper
2059 3113 2142 3180 pars
2156 3095 2266 3180 ipsius
2278 3113 2334 3165 ec-

470 3251 573 3319 clesie
590 3251 737 3336 eiusque
753 3254 906 3320 rectores
932 3250 1012 3317 illut
1036 3248 1221 3326 abendum,
1240 3246 1501 3324 dominandum,
1519 3243 1777 3331 possidendum,
1800 3247 1918 3314 omnia
1945 3245 2025 3316 inde
2047 3265 2131 3332 pars
2152 3245 2260 3331 ipsius
2276 3263 2333 3314 ec-

469 3406 573 3473 clesie
590 3405 731 3489 eiusque
747 3406 899 3472 rectores
914 3402 1111 3471 faciendum
1128 3421 1194 3488 que
1210 3401 1368 3482 boluerit,
1387 3403 1514 3486 absque
1524 3449 1528 3456 -
1538 3402 1633 3467 omni
1660 3400 1886 3484 requisitione
1902 3402 1937 3468 et
1952 3400 2231 3470 contrarietatem
2255 3419 2336 3468 mea

468 3557 528 3644 qui
544 3574 653 3642 supra
669 3539 840 3642 guilielmi
858 3556 1026 3641 presbiter
1043 3554 1136 3624 etde
1152 3573 1246 3625 meos
1262 3555 1459 3624 eredcsaut
1481 3555 1643 3639 cuiquam
1660 3551 1844 3621 ominibus.
1863 3555 1898 3620 et
1914 3570 1987 3638 pro·
2000 3553 2276 3620 confirmandam
2298 3557 2333 3624 et

470 3708 753 3784 stabiliscendam
770 3726 834 3777 ano
850 3726 930 3776 mea
945 3707 1161 3776 bindictione
1177 3727 1199 3775 a
1215 3709 1384 3794 presentis
1399 3725 1464 3794 pro
1481 3726 1564 3795 pars
1590 3705 1788 3793 supradicte
1814 3707 1957 3775 ecclesie
1984 3707 2099 3793 recepi
2116 3725 2137 3773 a
2153 3709 2186 3774 te
2208 3726 2331 3794 supra·

470 3858 583 3927 dictus
600 3861 708 3928 abbas
723 3861 888 3926 statutum
906 3859 1068 3945 pretium,
1087 3859 1125 3926 hi
1141 3861 1224 3927 sunt
1238 3859 1316 3928 auri
1333 3859 1401 3926 tari
1420 3858 1501 3926 boni
1517 3877 1697 3928 numerum
1715 3859 1844 3944 viginti
1860 3858 2044 3944 quadtuor,
2061 3860 2150 3927 sicut
2164 3860 2253 3928 inter
2268 3876 2334 3928 nos

469 4013 636 4081 conbenit
653 4013 689 4081 in
706 4011 818 4081 omnis
835 4012 1097 4082 deliberatione.
1115 4013 1284 4098 finitoque
1301 4013 1450 4098 pretium
1481 4013 1595 4099 ipsum
1625 4013 1711 4096 aput
1725 4029 1789 4079 nos
1805 4029 1846 4079 ea
1860 4011 1999 4097 quidem
2017 4013 2163 4092 ratione,
2182 4031 2260 4081 mea
2275 4016 2336 4082 bo-

469 4168 612 4234 lumtate
627 4165 759 4250 guadia
775 4183 840 4252 pro
856 4167 932 4234 vice
947 4166 1084 4234 exdicte
1100 4165 1242 4235 ecclesie
1260 4165 1324 4233 tibi
1339 4165 1541 4251 supradicto
1557 4165 1676 4232 abbati
1692 4163 1769 4232 dedi
1782 4168 1816 4232 ct
1828 4183 1881 4241 me
1896 4164 2009 4250 ipsum
2021 4165 2227 4234 mediatores
2242 4167 2333 4236 exsi-

468 4316 531 4404 vit3
549 4321 583 4384 et
599 4335 662 4402 per
676 4335 800 4386 ronam
817 4317 1098 4386 conbcnicntiam
1114 4336 1178 4403 per
1194 4317 1271 4401 ipsa
1297 4315 1429 4402 guadia
1445 4319 1561 4402 obligo
1584 4335 1639 4383 mc
1663 4318 1698 4386 et
1720 4333 1814 4385 meos
1836 4317 1982 4386 heredes
2003 4319 2126 4386 amodo
2142 4320 2179 4387 et
2193 4336 2332 4404 semper

470 4467 706 4534 antistandum
723 4470 759 4536 et
773 4468 1022 4537 defensandum
1046 4468 1091 4536 ad
1114 4487 1198 4554 pars
1215 4467 1371 4553 predicte
1397 4468 1542 4538 ecclesie
1568 4470 1689 4538 inclita
1715 4439 1793 4557 ipsa
1819 4477 1981 4556 quartam
2011 4489 2092 4556 pars
2108 4470 2151 4539 de
2165 4472 2239 4539 tota
2254 4472 2334 4558 ipsa

472 4623 573 4688 rebus
590 4621 682 4688 infra
697 4622 773 4706 ipsc
788 4621 882 4700 finis,
901 4639 962 4690 seu
979 4623 1014 4689 et
1029 4624 1198 4707 quantum
1214 4625 1315 4690 extra
1331 4623 1406 4708 ipse
1421 4623 1502 4691 finis
1517 4625 1601 4693 abeo
1617 4642 1694 4690 cum
1721 4623 1833 4693 omnis
1859 4625 2047 4692 sortionem
2070 4641 2181 4691 meam
2197 4623 2241 4692 de
2262 4643 2339 4691 mo·

469 4773 588 4841 nimen
605 4771 754 4857 indeque
770 4772 997 4858 pertinenter,
1016 4774 1060 4841 ab
1076 4771 1235 4841 omnibus
1250 4774 1420 4841 ominibus
1436 4775 1597 4860 omnique
1613 4775 1783 4861 partibus
1802 4780 1836 4844 et
1852 4793 1923 4843 non
1946 4775 2070 4862 aliquit
2092 4775 2174 4844 inde
2187 4777 2230 4842 ad
2246 4795 2332 4862 pars

469 4923 579 5010 ipsius
595 4923 740 4992 ecclesie
756 4924 891 5002 tollere,
910 4925 969 4991 aut
985 4927 1148 4993 contrane
1175 4943 1236 4993 seu
1262 4927 1438 4994 remobere
1464 4944 1662 5012 queramus.
1681 4928 1711 4994 si
1726 4930 1853 5006 autem,
1872 4929 1962 4996 sicut
1988 4926 2117 4996 dictum
2132 4931 2195 5007 est,
2213 4929 2333 4998 taliter

468 5079 547 5164 ipsa
561 5077 669 5176 rebus
680 5094 757 5144 cum
772 5077 849 5163 ipsa
863 5077 1051 5148 sortionem
1069 5095 1183 5146 meam
1201 5077 1244 5146 de
1261 5079 1438 5148 monimen
1455 5080 1602 5166 indeque
1628 5081 1843 5166 pertinentes
1870 5080 1914 5148 ad
1944 5099 2026 5167 pars
2053 5083 2163 5167 ipsius
2186 5084 2333 5152 ecclesie

467 5249 538 5301 non
555 5231 861 5310 defensaberimus,
882 5233 935 5302 vel
952 5231 1079 5319 aliquit
1094 5233 1248 5301 causatio
1265 5234 1392 5302 exinde
1408 5234 1451 5303 ad
1469 5255 1550 5320 pars
1563 5236 1671 5320 ipsius
1687 5234 1830 5304 ecclesie
1846 5235 2062 5305 emiserimus
2074 5241 2133 5304 aut
2145 5255 2334 5323 preposue-

470 5385 593 5462 rimus,
610 5386 694 5451 tunc
710 5387 793 5453 ante
810 5386 927 5488 omnia
942 5385 1077 5470 questio
1092 5387 1126 5455 et
1143 5387 1299 5454 causatio
1314 5389 1436 5455 nostra
1451 5387 1543 5458 etde
1558 5392 1696 5456 nostros
1723 5388 1843 5457 eredes
1870 5388 2035 5456 adbersus
2052 5406 2136 5472 pars
2150 5389 2260 5474 ipsius
2276 5407 2334 5458 ec·

470 5538 575 5606 clesie
591 5537 638 5606 sit
652 5538 779 5606 exinde
793 5541 897 5607 tacita
912 5543 947 5610 et
962 5543 1085 5620 bacua,
1102 5542 1137 5608 ct
1151 5543 1315 5610 hcentum
1339 5543 1443 5608 hauri
1470 5542 1597 5611 solidos
1624 5543 1863 5612 constantines
1886 5561 1948 5628 per
1971 5545 2062 5610 buna
2088 5542 2332 5613 conbenientia

470 5707 533 5774 per
547 5689 622 5774 ipsa
634 5687 765 5774 guadio
777 5706 981 5776 componere
996 5690 1113 5776 obligo
1126 5709 1180 5760 me
1196 5692 1231 5759 et
1244 5708 1338 5760 meos
1354 5692 1498 5762 heredes
1514 5693 1557 5762 ad
1575 5713 1657 5780 pars
1674 5695 1783 5780 ipsius
1794 5691 1947 5774 ecclesie,
1962 5697 2008 5774 et,
2022 5695 2111 5763 sicut
2121 5693 2250 5762 dictum
2262 5697 2331 5774 est,

474 5841 552 5908 illut
568 5841 605 5910 in
620 5841 700 5927 ipsa
714 5841 861 5910 ecclesia
876 5841 1104 5911 defensemus.
1122 5845 1252 5925 tamen,
1272 5846 1408 5930 quando
1425 5866 1509 5932 pars
1536 5847 1645 5934 ipsius
1673 5846 1816 5919 ecclesie
1842 5865 1906 5934 per
1929 5866 1966 5916 se
1982 5848 2133 5916 boluerit
2155 5846 2237 5914 inde
2252 5850 2335 5916 exet
