5252 7102
958 614 1326 688 ulrtoul'rlcus
1959 630 2019 691 247

207 861 284 947 ipso
299 859 445 928 cellario
459 861 495 926 et
518 860 691 943 reponant
705 871 765 925 eos
779 857 828 924 ibi
847 857 885 925 in
902 856 1061 943 predicto
1077 859 1284 944 horgane03
1308 859 1444 924 tantum
1467 855 1503 924 in
1520 857 1596 942 ipso
1611 859 1825 942 horganeum
1836 817 1911 924 'non
1929 857 2076 942 recipia-

214 1035 293 1084 mus
308 1014 416 1082 alium
432 1013 565 1090 vinum,
583 1011 651 1080 nisi
668 1013 834 1098 quantum
850 1010 950 1078 nobis
964 1010 1010 1077 da
1026 1010 1093 1095 ipsi
1110 1010 1280 1077 nominati
1297 1009 1465 1077 iohannes
1479 1012 1514 1077 et
1529 1008 1762 1080 ansefredaet
1776 1009 1956 1080 dacorum
1972 1012 2073 1081 here-
2130 1066 2136 1080 .

215 1166 278 1234 des
299 1154 519 1232 hehenerint.
538 1167 621 1250 quot
643 1162 674 1230 si
696 1181 735 1233 ec
758 1163 878 1233 omnia
898 1113 963 1234 etc:
993 1160 1136 1233 Statutu
1158 1163 1270 1230 matta
1291 1163 1442 1246 tripioto
1463 1163 1546 1231 aava
1571 1161 1758 1228 solidor-um
1785 1140 2074 1234 ammonariam

211 1335 306 1384 rrum.
323 1287 353 1400 †
369 1320 406 1384 et
428 1333 496 1383 unc
518 1315 659 1382 brebem
683 1315 807 1400 scripsi
831 1333 897 1400 ego
920 1316 1039 1400 petrus
1065 1314 1212 1383 clericus
1233 1317 1268 1384 et
1289 1313 1448 1382 notarius
1470 1313 1527 1406 qui
1549 1312 1702 1382 interfui.

264 1444 292 1555 †
314 1485 382 1555 ego
404 1467 616 1537 madalfreda
1261 1438 1266 1450 ⁵

264 1595 380 1708 †ego
403 1619 596 1707 grimoaldo

266 1747 295 1860 †
317 1792 386 1862 ago
408 1776 562 1843 ioannes.

957 2275 1278 2358 CCCXCIV.

972 2523 1027 2599 A.
1064 2522 1116 2599 D.
1153 2519 1256 2600 987.

267 2781 302 2919 †
328 2838 367 2902 ln
390 2834 532 2904 nomine
553 2835 684 2903 domini
707 2835 763 2902 dei
787 2835 955 2903 salvatori
978 2834 1077 2901 ihesu
1100 2833 1198 2900 cristi
1221 2832 1436 2918 temporibus
1457 2830 1577 2899 domni
1600 2831 1778 2900 mansonis
1802 2831 1946 2916 gloriosi
1969 2829 2068 2898 ducis

165 3015 167 3020 ·
206 2953 242 3052 et
263 2986 456 3072 imperialis
478 2987 619 3072 patricii
636 3004 729 3106 anno
751 2987 938 3066 tricesimo,
965 2989 1000 3054 et
1021 2985 1203 3054 undecimo
1229 3002 1321 3052 anno
1347 2983 1466 3052 domni
1500 2983 1664 3052 iohannis
1687 2984 1832 3069 gloriosi
1868 2984 1965 3052 ducis
1998 2984 2066 3052 fflii

204 3140 296 3219 eiua,
314 3139 371 3207 die
386 3141 552 3209 vicesima
575 3141 697 3226 quinta
719 3141 849 3209 mensis
872 3139 1059 3226 septembri
1084 3137 1272 3205 indictione
1296 3135 1423 3222 prima,
1445 3135 1575 3204 amalfi.
1603 3135 1695 3204 certi
1717 3153 1833 3203 sumus
1855 3153 1919 3203 nos
1943 3137 2063 3221 guttus

205 3293 241 3358 et
269 3291 442 3360 iohannes
467 3295 646 3378 germanis
667 3293 750 3360 filiis
772 3293 883 3361 leonis
906 3291 950 3358 de
971 3293 1070 3376 gutto
1093 3289 1137 3357 de
1159 3291 1325 3358 iohannes
1347 3288 1391 3356 de
1412 3273 1551 3356 domna
1566 3289 1688 3368 blattu,
1715 3288 1865 3374 qualiter
1886 3304 1949 3373 per
1972 3289 2063 3354 hanc

210 3444 407 3511 chartulam
431 3445 550 3512 merisi
574 3444 753 3513 divisionis
774 3443 928 3513 dividere
949 3447 984 3512 et
1006 3443 1158 3511 diffinire
1179 3443 1246 3510 visi
1269 3459 1388 3509 sumus
1409 3442 1502 3508 inter
1524 3458 1587 3508 nos
1610 3439 1804 3526 plenariam
1831 3439 2057 3508 hereditatem

207 3595 381 3674 nostram,
400 3594 492 3680 quod
516 3597 795 3680 comparavimus
817 3599 861 3663 ab
883 3613 965 3662 urso
988 3613 1034 3662 ex
1058 3594 1171 3662 adelfo
1195 3609 1366 3678 germano
1389 3593 1520 3672 nostro,
1538 3610 1626 3678 quas
1648 3609 1711 3660 nos
1733 3591 1915 3660 divisimus
1928 3591 1966 3658 in
1981 3589 2068 3658 duas

208 3747 389 3829 portiones
405 3748 449 3814 de
464 3749 661 3834 plenarium
677 3751 788 3834 ipsum
805 3767 963 3835 campum
981 3751 1151 3828 nostrum,
1170 3747 1260 3816 sieut
1275 3749 1328 3814 est
1343 3765 1421 3814 cum
1437 3733 1559 3814 omnia
1581 3763 1643 3814 sua
1665 3746 1912 3832 pertinentiam
1927 3762 1949 3811 a
1963 3744 2069 3812 finem

209 3900 247 3965 in
262 3901 371 3969 finem
388 3901 431 3969 de
447 3902 701 3987 longitudinem
717 3903 811 3972 etde
827 3903 1056 3982 latitudinem,
1075 3904 1165 3970 sicut
1187 3921 1266 3970 eum
1289 3898 1410 3985 tetigit
1431 3899 1668 3985 suprascripto
1690 3915 1772 3967 urso
1795 3899 1833 3965 in
1855 3897 2062 3984 portionem3

205 4049 298 4118 unde
312 4051 423 4120 nichil
440 4054 722 4138 exceptuavimus
737 4033 781 4120 da
795 4053 1050 4139 longitudinem
1065 4072 1108 4121 av
1125 4054 1240 4138 ipsum
1254 4056 1370 4120 torum
1387 4069 1477 4138 aqua
1492 4053 1688 4119 versantem
1704 4051 1740 4117 et
1756 4067 1860 4135 usque
1876 4049 1913 4116 in
1937 4047 2065 4116 flumen

204 4205 241 4268 et
258 4201 302 4268 de
318 4189 551 4284 latitudinem,
567 4205 657 4272 sicut
673 4206 752 4289 ipsa
766 4205 892 4274 merise
908 4207 1201 4290 proclamatum
1217 4204 1376 4289 plenaria
1390 4204 1467 4289 ipsa
1484 4201 1580 4288 petia
1594 4201 1638 4270 de
1652 4200 1784 4269 diserta
1798 4201 1912 4278 vinea,
1932 4203 2065 4284 quaest
2140 4221 2145 4232 ·

207 4354 306 4421 iuxta
325 4355 431 4422 vinea
453 4355 495 4425 de
518 4358 644 4424 bonam
667 4375 823 4426 sororem
847 4361 1014 4438 nostram,
1033 4359 1093 4445 qui
1116 4359 1272 4426 continet
1295 4356 1551 4442 longitudinem
1574 4373 1652 4424 cum
1675 4356 1754 4442 ipsa
1774 4357 1869 4424 terra
1891 4369 2000 4420 vacua
2021 4368 2063 4417 av

209 4509 324 4593 ipsum
346 4513 462 4577 torum
477 4527 568 4596 aqua
582 4513 778 4579 versantem
794 4513 829 4580 et
844 4511 882 4578 in
902 4510 1015 4578 iusum
1040 4529 1146 4596 usque
1170 4511 1206 4577 in
1230 4509 1423 4589 humanat
1445 4507 1488 4577 de
1510 4505 1730 4576 latitudinem
1754 4507 1907 4575 continet
1921 4523 1944 4572 a
1958 4505 2062 4572 finem

204 4661 249 4729 de
264 4662 333 4748 ipsi
356 4663 529 4730 veterensi
552 4682 659 4750 usque
681 4666 719 4732 in
743 4663 847 4732 finem
870 4663 913 4732 de
935 4665 1040 4734 vinea
1061 4666 1299 4751 suprascripte
1321 4666 1410 4732 bone
1431 4679 1586 4733 sororem
1601 4663 1756 4730 nostram
1772 4679 1850 4728 curn
1866 4627 1985 4728 omnia
1999 4677 2064 4727 sua

204 4813 464 4922 pertinentiam,
482 4814 574 4883 unde
587 4815 696 4884 nichil
713 4817 1007 4901 exceptuavimus,
1027 4818 1170 4885 fecimus
1186 4835 1290 4884 unam
1306 4816 1511 4902 portionem.
1530 4818 1566 4883 et
1587 4815 1631 4883 de
1653 4813 1848 4900 plenariam
1871 4813 1949 4898 ipsa
1970 4811 2063 4898 petia

203 4962 247 5030 de
262 4964 363 5032 vinea
379 4966 500 5066 vitata,
517 4966 577 5050 qui
593 4967 645 5034 est
660 4967 752 5035 inter
770 4967 873 5062 vinea
887 4967 930 5036 de
945 4985 1000 5043 me
1016 4966 1172 5052 predicto
1187 4967 1338 5034 iohanne
1356 4969 1391 5034 et
1405 4967 1509 5034 vinea
1530 4966 1575 5034 de
1598 4966 1664 5071 ipsi
1686 4967 1877 5042 veteranae,
1895 4981 1973 5030 cum
1996 4961 2062 5046 ipsi

203 5118 326 5186 inserti
342 5121 377 5186 et
392 5121 555 5188 castanea
570 5122 605 5187 et
627 5124 721 5188 terra
744 5137 851 5187 vacua
874 5139 917 5188 av
940 5121 1055 5206 ipsum
1078 5122 1191 5188 torum
1215 5139 1308 5206 aqua
1330 5123 1526 5208 versantem
1551 5119 1717 5205 usquein
1740 5117 1865 5185 flumen
1888 5133 1966 5183 cum
1986 5115 2063 5199 ipsa

203 5289 380 5340 cammara
396 5273 570 5342 fravitaet
584 5276 796 5359 palmentum
814 5277 849 5343 et
864 5276 1028 5343 lavellum
1051 5274 1177 5344 ividem
1200 5276 1382 5344 habentem
1406 5293 1484 5342 cum
1508 5273 1624 5341 omnia
1647 5290 1710 5340 sua
1733 5268 1954 5356 pertinentia,
1972 5266 2064 5334 unde

204 5424 313 5492 nichil
330 5427 627 5510 exceptuavimus,
646 5427 788 5496 fecimus
811 5429 918 5496 aliam
942 5429 1149 5514 portionem.
1168 5430 1295 5497 iterum
1319 5427 1499 5496 divisimus
1521 5424 1681 5511 plenaria
1703 5423 1781 5508 ipsa
1804 5425 1901 5489 terra
1922 5423 2060 5498 silvosa,

203 5575 327 5660 quiesi
342 5576 434 5644 inter
448 5577 554 5645 finem
566 5577 608 5647 de
619 5597 674 5648 me
685 5581 923 5666 suprascripto
936 5581 1087 5650 iohanne
1102 5584 1138 5648 et
1152 5581 1221 5666 ipsi
1237 5581 1397 5650 monachi
1409 5575 1632 5662 adulearia·)‚
1647 5575 1884 5641 verumtamen
1898 5575 1934 5640 iu
1947 5590 2059 5640 susum

211 5791 590 5808 *φήῃ-,κ’
602 5804 632 5808 --.

262 5917 284 5987 ⁴)
309 5917 429 5988 lllearto,
452 5919 482 5976 in
503 5921 645 5979 comitatu
665 5923 878 5998 amalphitano.
