5216 7092
595 594 658 656 204
1120 587 1122 593 ’
1278 573 1444 647 deunx
1487 573 1722 647 CAVENSlS

555 825 701 904 minare,
720 826 755 891 et
779 823 888 889 totum
911 821 986 907 ipso
1009 821 1126 886 lavore
1149 817 1276 885 exinde
1299 817 1504 902 recolligere
1531 819 1566 884 et
1588 815 1667 884 illut
1688 816 1755 884 sibi
1778 819 1927 904 habere;
1952 818 2085 884 tantum
2108 819 2310 886 terraticum
2333 821 2408 890 indo

555 955 655 1042 nobis
678 943 783 1040 deant
804 971 990 1039 secundum
1014 967 1296 1038 consuetudinem
1320 966 1364 1035 de
1386 967 1462 1053 ipso
1485 969 1611 1047 locum,
1629 967 1673 1033 ad
1696 966 1772 1052 ipse
1795 967 1870 1034 aire
1893 969 2074 1036 recollecta
2103 970 2176 1036 tota
2206 970 2285 1054 ipsa
2313 973 2407 1041 rebus

555 1129 712 1197 rebertas
736 1125 780 1194 ad
803 1126 926 1193 nostra
949 1127 984 1192 et
1005 1123 1049 1191 de
1072 1123 1201 1192 nostris
1224 1121 1409 1190 heredibus
1432 1122 1649 1206 potestatem.
1674 1120 1767 1188 unde
1789 1120 1826 1186 in
1849 1136 1889 1186 eo
1912 1119 2057 1189 hordine
2080 1120 2207 1206 guadia
2225 1123 2325 1188 nobis
2339 1127 2407 1209 ipse

554 1277 772 1348 domnandus
804 1277 899 1345 dedit
922 1279 957 1343 et
980 1275 1207 1344 mediatorem
1229 1275 1329 1342 nobis
1352 1273 1468 1358 posuit
1491 1292 1528 1341 se
1550 1273 1677 1359 ipsum3
1701 1275 1735 1341 et
1758 1291 1821 1356 per
1845 1273 1924 1356 ipsa
1946 1272 2074 1357 guadia
2095 1273 2267 1358 obligabit
2288 1291 2347 1353 se,
2373 1279 2406 1341 ut

556 1435 587 1502 si
611 1433 748 1519 aliquit,
774 1432 817 1499 de
840 1431 1009 1517 quomodo
1033 1431 1194 1516 superius
1217 1429 1358 1514 legitur,
1384 1428 1553 1514 quesierit
1574 1429 1753 1496 remobere
1776 1430 1838 1496 aut
1860 1428 2031 1506 contrare,
2057 1426 2200 1494 ettalia
2223 1425 2323 1493 nobis
2351 1443 2408 1493 no

556 1585 707 1671 strisque
730 1584 917 1652 heredibus
940 1601 1010 1650 non
1034 1582 1288 1667 adimpleberit‚
1315 1583 1398 1648 tunc
1422 1598 1484 1666 por
1508 1581 1583 1664 ipsa
1606 1579 1735 1664 guadia
1758 1579 1928 1664 obligabit
1949 1598 1986 1646 se
2010 1595 2218 1663 componere
2240 1576 2408 1645 nobisne

553 1739 706 1824 utrisque
736 1736 921 1806 heredibus
949 1734 1068 1802 decem
1099 1733 1174 1801 auri
1198 1733 1326 1801 solidos
1350 1733 1587 1812 costantinus,
1613 1735 1647 1799 ei
1670 1731 1786 1799 omnia
1820 1731 2062 1817 suprascripta
2083 1701 2147 1817 per
2175 1728 2296 1798 inbitis
2315 1729 2407 1798 nobis
2441 1731 2443 1734 ’

554 1893 775 1978 cumplirent.
802 1892 836 1957 et
859 1893 952 1957 huno
974 1891 1114 1958 brebem
1137 1888 1263 1972 scripsi
1286 1867 1354 1973 ego
1377 1887 1552 1974 iaquintus
1573 1888 1728 1954 notarius
1751 1886 1809 1971 qui
1831 1884 1987 1952 interfui.

612 2017 642 2130 †
664 2061 731 2129 ego
756 2041 952 2112 teudericus
976 2059 1032 2108 me
1055 2037 1254 2124 subscripsi.

1347 2545 1647 2658 oeenxv.

1355 2793 1411 2868 A.
1449 2791 1501 2869 D.
1538 2789 1642 2869 984.

605 3050 702 3188 †ln
725 3103 867 3171 nomine
890 3102 1022 3172 domini
1047 3104 1161 3193 primo
1185 3121 1278 3173 anno
1300 3103 1522 3190 principatus
1546 3101 1667 3171 domni
1690 3103 1802 3171 nostri
1826 3103 1970 3170 iohanni
1986 3106 2021 3172 et
2035 3102 2152 3172 dornni
2176 3101 2322 3188 guidoni
2340 3104 2406 3171 eius

559 3255 632 3322 illio
654 3255 799 3340 gloriosi
821 3256 1051 3341 principibus,
1077 3275 1195 3327 mense
1212 3307 1219 3322 .
1238 3307 1246 3352 3
1265 3307 1272 3322 .
1291 3309 1298 3324 .
1317 3308 1324 3323 .
1343 3309 1350 3326 .
1369 3309 1376 3324 .
1392 3257 1597 3326 duodecima
1622 3256 1821 3325 indictione.
1852 3255 1930 3324 Ideo
1955 3273 2020 3340 que
2045 3273 2111 3341 ego
2133 3255 2305 3324 lamfreda
2325 3257 2408 3324 filius

552 3405 725 3492 quondam
749 3407 971 3490 magelgardi
995 3406 1038 3475 de
1059 3408 1232 3475 mitiliano
1254 3408 1458 3488 claresacio,
1485 3409 1650 3494 quoniam
1677 3407 1764 3474 mihi
1786 3411 1821 3475 et
1847 3406 1939 3492 petri
1968 3408 2003 3474 et
2034 3405 2219 3491 guisenolli
2253 3406 2409 3492 germani

554 3559 622 3625 mei
647 3559 880 3642 pertinentem
903 3560 956 3626 est
978 3561 1105 3628 habere
1127 3563 1290 3646 quartam
1314 3563 1449 3646 partem
1465 3561 1509 3630 de
1523 3560 1590 3629 due
1607 3560 1704 3648 pecie
1718 3560 1762 3628 de
1777 3560 1882 3627 terris
1898 3576 2084 3644 campense
2099 3561 2134 3627 et
2148 3559 2236 3627 silba
2252 3559 2410 3627 inlocum

555 3711 676 3789 beteri,
703 3710 772 3778 ista
793 3728 877 3796 pars
892 3713 927 3780 et
950 3732 993 3782 ex
1017 3713 1077 3781 illa
1100 3731 1184 3798 pars
1207 3713 1312 3781 flubio
1333 3715 1454 3794 beteri,
1481 3715 1540 3783 ubi
1564 3715 1688 3800 propio
1711 3713 1755 3781 ad
1782 3712 1913 3781 molina
1929 3710 2104 3800 ⁴)dicitur,
2130 3712 2187 3798 qui
2210 3713 2317 3782 habet
2337 3713 2408 3780 linis

550 3865 650 3929 umbo
675 3860 748 3946 ipse
769 3863 879 3948 pecie:
906 3863 1040 3933 deuna
1062 3867 1162 3951 parte
1185 3867 1254 3933 line
1279 3867 1338 3932 bia
1360 3865 1522 3952 puplica:
1548 3868 1582 3935 et
1604 3864 1647 3934 de
1669 3865 1740 3934 alia
1765 3866 1866 3951 parte
1891 3864 1961 3933 fine
1988 3865 2179 3943 ballocellu,
2204 3863 2300 3933 unde
2327 3883 2408 3951 aqua

405 4065 409 4075 .
552 4013 709 4082 decurrit
731 4015 790 4100 qui
814 4014 997 4102 coniungit
1019 4017 1058 4083 in
1081 4017 1157 4103 ipso
1181 4017 1312 4096 flubio,
1339 4019 1375 4085 et
1398 4019 1618 4086 trabersante
1641 4017 1718 4104 ipso
1741 4017 1872 4096 liubin,
1898 4016 1987 4084 sicut
2009 4016 2142 4083 rebolta
2163 4015 2352 4095 discernit,
2378 4019 2408 4084 et

556 4184 619 4250 per
643 4165 721 4250 ipsa
744 4168 878 4235 rebolta
900 4169 1135 4254 coniungente
1159 4170 1196 4236 in
1219 4170 1300 4256 ripa
1323 4189 1388 4256 que
1411 4169 1538 4238 ibidem
1564 4175 1628 4250 est,
1647 4175 1683 4238 et
1704 4170 1749 4237 da
1773 4171 1849 4255 ipsa
1872 4169 1951 4256 ripa
1973 4172 2141 4254 pergente
2164 4173 2198 4239 et
2213 4173 2347 4239 rectum
2362 4187 2407 4237 sa-

558 4319 665 4388 liente
688 4339 796 4406 usque
819 4320 856 4386 in
878 4321 936 4388 bia
959 4321 1015 4407 qui
1039 4321 1168 4392 dicitur
1190 4323 1237 4390 da
1260 4325 1429 4392 traberse:
1455 4329 1490 4392 et
1512 4323 1555 4393 de
1578 4325 1650 4391 alia
1673 4324 1783 4410 igitur
1806 4324 1907 4408 parte
1929 4324 2000 4424 fine
2021 4323 2100 4408 ipsa
2123 4323 2193 4391 bia:
2218 4327 2254 4392 et
2277 4323 2322 4392 de
2343 4323 2406 4390 alie

553 4474 651 4556 parte
672 4472 742 4540 fine
766 4472 858 4540 leoni
881 4443 1074 4543 atrianensi
1096 4475 1161 4543 filii
1185 4477 1289 4562 gutti,
1308 4477 1399 4545 sicut
1421 4477 1644 4545 terminatum
1669 4479 1732 4554 est,
1751 4479 1787 4544 et
1809 4477 1946 4547 exiente
1969 4480 2004 4544 et
2020 4476 2254 4561 coniungente
2279 4477 2318 4544 in
2340 4477 2407 4560 ipso

557 4621 662 4688 ilubio
685 4625 720 4690 et
742 4626 954 4696 trabersante
978 4629 1051 4715 ipso
1074 4628 1180 4697 flubio
1202 4633 1236 4699 et
1258 4633 1427 4717 pergente
1449 4649 1513 4716 per
1535 4632 1604 4701 dne
1628 4631 1738 4719 ipsius
1762 4633 1877 4712 leoni,
1901 4631 1990 4700 sicut
2015 4633 2050 4699 et
2076 4629 2157 4697 inde
2187 4631 2409 4698 terminatum

554 4776 619 4852 est,
645 4779 679 4842 et
702 4777 934 4864 coniungente
958 4779 994 4846 in
1017 4781 1096 4865 ipsa
1119 4781 1177 4848 bia
1198 4781 1288 4867 quod
1313 4785 1366 4851 est
1387 4784 1506 4868 priore
1529 4784 1611 4852 nne.
1638 4784 1729 4851 infra
1752 4784 1818 4852 iste
1840 4783 1919 4851 finis
1943 4781 2043 4850 nobis
2058 4783 2226 4849 nominati
2246 4780 2402 4867 germani

552 4927 606 4992 est
628 4927 861 5011 pertinentem
886 4930 1007 4998 inclita
1028 4936 1191 5017 quartam
1215 4937 1339 5019 parte,
1365 4937 1400 5004 et
1421 4937 1484 5004 tibi
1511 4937 1691 5005 nominato
1717 4936 1808 5004 leoni
1835 4938 1886 5005 est
1920 4934 2132 5020 pertinentes
2154 4933 2234 5002 inde
2256 4936 2403 5003 sortione

554 5078 659 5145 birini
684 5080 750 5146 thii
773 5083 899 5169 nostri;
924 5085 959 5150 et
980 5084 1057 5152 ideo
1080 5103 1147 5171 ego
1170 5089 1330 5172 superius
1351 5090 1548 5158 nominatus
1571 5090 1750 5170 laml'reda,
1776 5090 1867 5158 sicut
1888 5088 1974 5155 mihi
1999 5104 2194 5172 congruum
2218 5089 2294 5166 est,
2321 5089 2403 5154 bona

552 5250 630 5300 mea
654 5235 851 5310 volumtate,
878 5235 960 5348 ante
982 5238 1170 5323 supscripti
1193 5241 1298 5309 testes
1320 5259 1386 5326 per
1408 5259 1474 5310 ano
1497 5244 1667 5310 cartulam
1691 5241 1974 5310 venumdedimus
1998 5242 2101 5326 atque
2121 5239 2164 5308 ad
2188 5259 2325 5327 semper
2345 5243 2402 5308 ba-

551 5383 699 5452 bendum
724 5386 944 5455 confirmavit
966 5387 1028 5454 tibi
1052 5389 1201 5475 predicti
1223 5393 1316 5460 leoni
1338 5395 1411 5464 filio
1434 5393 1581 5480 predicti
1597 5396 1690 5481 gutti
1706 5395 1845 5463 tertiam
1862 5375 2001 5481 pars'de
2017 5395 2139 5462 inclita
2154 5394 2230 5480 ipsa
2245 5395 2398 5480 quartam

549 5539 675 5620 parte,
701 5538 791 5622 quod
818 5541 916 5607 nobis
943 5544 995 5609 est
1025 5543 1238 5628 pertinentes
1265 5547 1358 5615 inira
1381 5549 1542 5620 iamdicta
1568 5549 1668 5630 finis,
1693 5553 1727 5619 et
1755 5549 1830 5635 ipse
1853 5547 1920 5618 due
1945 5549 2114 5650 sortiones
2147 5550 2229 5617 ante
2261 5568 2300 5617 os
2330 5546 2401 5616 dies

554 5722 863 5732 ———----—.-—
871 5728 993 5736 ,ὴν-ῃ,-

608 5849 632 5918 ¹)
653 5851 767 5920 Melina,
791 5850 872 5908 vicus
893 5851 969 5910 intra
989 5853 1197 5914 finesveteris
1218 5866 1247 5914 et
1267 5856 1362 5916 Carae
1382 5861 1506 5934 positus
