5286 7098
1209 653 1369 724 cabul
1415 654 1649 725 CdVENStS

1318 1059 1514 1138 CCLII.

1284 1254 1338 1330 A.
1378 1254 1430 1330 D.
1468 1252 1572 1332 967.

481 1499 484 1504 ’
559 1465 654 1599 †ln
677 1515 818 1584 nornine
843 1515 974 1582 domini
998 1515 1056 1583 dei
1080 1515 1245 1582 salvatori
1269 1514 1366 1582 ihesu
1391 1514 1501 1592 cristi,
1527 1513 1740 1598 temporibus
1763 1513 1879 1580 domni
1905 1515 2079 1583 mansonis
2094 1513 2239 1598 gloriosi
2262 1513 2360 1580 ducis

494 1685 586 1734 anno
601 1685 705 1741 nono.
726 1666 782 1736 die
799 1667 1035 1738 tertiadecima
1058 1672 1187 1736 mensis
1211 1669 1340 1753 agusti,
1357 1668 1547 1736 indictione
1569 1667 1712 1745 decima,
1731 1667 1860 1734 amalfi.
1879 1669 2016 1733 Certum
2040 1669 2092 1734 est
2115 1684 2169 1734 me
2191 1667 2359 1732 mastalus

496 1817 589 1884 tilius
606 1817 697 1885 leoni
716 1817 843 1886 roibuli
859 1836 880 1884 a
896 1820 1051 1905 presenti
1068 1817 1122 1887 die
1137 1821 1170 1888 et
1188 1821 1343 1904 tempore
1358 1819 1619 1904 pruntissimam
1636 1819 1849 1885 voluntatem
1865 1817 1949 1885 dare
1972 1819 2006 1884 et
2028 1815 2166 1884 tradere
2189 1833 2251 1883 seu
2273 1817 2359 1884 sori-

498 1989 579 2040 vere
596 1973 630 2039 et
646 1970 786 2038 firmare
803 1971 895 2038 visus
910 1991 985 2038 sum
1000 1971 1097 2038 vobis
1112 1971 1240 2039 domno
1255 1972 1399 2038 iohanni
1415 1971 1606 2056 presbitero
1622 1971 1696 2038 filio
1710 1988 1796 2048 meo,
1816 1969 1904 2036 idest
1919 1970 2110 2054 plenariam
2126 1973 2162 2037 et
2178 1969 2354 2052 integram

496 2125 609 2207 ipsam
626 2123 819 2208 portionem
836 2142 961 2204 meam,
980 2127 1037 2211 qui
1054 2145 1108 2193 me
1125 2129 1229 2195 havet
1244 2127 1392 2211 tetigere
1408 2125 1449 2193 de
1465 2129 1538 2192 tota
1553 2128 1630 2211 ipsa
1645 2128 1757 2204 vinea,
1776 2124 1865 2210 quod
1882 2125 2024 2192 tulimus
2049 2127 2086 2190 at
2110 2122 2355 2209 pastinandam

498 2277 634 2359 aparte
649 2275 816 2361 episcopii
834 2276 1040 2344 salernitani
1059 2279 1096 2345 in
1114 2278 1199 2344 sonti
1215 2279 1378 2363 positum,
1398 2279 1480 2363 quia
1495 2295 1562 2363 ego
1578 2281 1611 2346 et
1628 2278 1844 2346 luderemus
1862 2279 1983 2345 tollere
1998 2277 2040 2344 de
2062 2280 2135 2344 tota
2158 2277 2235 2361 ipsa
2256 2275 2358 2344 vinea

497 2448 538 2495 av
555 2429 630 2512 ipso
646 2427 819 2512 episcopio
836 2427 1055 2496 medietatem
1072 2429 1165 2498 etde
1181 2429 1295 2497 omnia
1311 2431 1399 2515 quod
1418 2429 1544 2500 ividem
1572 2481 1729 2497 .....
1755 2433 1789 2498 et
1805 2432 1879 2515 ipsa
1896 2429 2128 2506 medietatem,
2147 2428 2206 2514 qui
2228 2447 2291 2494 nos
2313 2445 2356 2492 av

501 2581 577 2663 ipso
593 2581 769 2665 episcopio
785 2580 883 2650 devet
898 2583 1045 2667 tetigere
1060 2582 1102 2650 de
1119 2584 1195 2668 ipsa
1211 2584 1313 2651 vinea
1329 2586 1364 2650 et
1379 2583 1422 2650 de
1437 2584 1556 2650 omnia
1572 2601 1677 2651 eausa
1691 2581 1853 2650 devemus
1869 2601 1945 2649 earn
1962 2581 2096 2665 partire
2111 2597 2178 2664 ego
2192 2583 2226 2646 et
2240 2582 2276 2644 tu
2293 2597 2358 2662 per

502 2733 732 2801 medietatem:
751 2753 817 2818 ego
833 2735 1020 2804 debueram
1040 2740 1160 2808 tollere
1177 2739 1303 2806 exinde
1319 2737 1536 2806 medietatem
1551 2740 1585 2805 et
1600 2756 1659 2804 vos
1677 2737 1908 2805 medietatem,
1929 2738 1996 2802 iam
2014 2753 2080 2820 ego
2097 2736 2172 2819 ipsa
2194 2733 2360 2801 medieta-

488 2889 570 2981 tem
589 2905 714 2964 ineam,
733 2887 792 2971 qui
810 2907 864 2956 me
880 2889 1003 2959 exinde
1025 2891 1145 2958 babuit
1170 2891 1328 2976 tetigero,
1347 2891 1445 2958 vobis
1468 2909 1544 2958 eam
1567 2889 1645 2956 dedi
1669 2893 1704 2957 et
1727 2887 1868 2964 tradidi,
1887 2893 1924 2954 ul
1940 2887 2010 2954 iam
2034 2891 2142 2954 totam
2167 2886 2359 2970 plenariam

498 3038 573 3120 ipsa
589 3037 853 3139 medietasque
870 3059 934 3107 nos
950 3059 971 3108 a
986 3043 1142 3126 partibus
1157 3041 1321 3126 episcopii
1346 3040 1464 3124 tetigit
1486 3039 1529 3106 de
1553 3039 1630 3124 ipsa
1652 3039 1755 3106 vinea
1778 3040 1813 3106 et
1835 3038 1878 3105 de
1902 3038 2020 3105 omnia
2043 3055 2157 3110 causa.
2177 3039 2289 3104 vestre
2311 3037 2359 3102 sit

502 3188 692 3271 potestatis
712 3191 793 3274 quia
808 3191 914 3258 michi
932 3192 1058 3260 exinde
1072 3193 1181 3259 nichil
1200 3191 1375 3260 reservavi
1392 3209 1456 3275 pro
1472 3191 1657 3260 bonitatem
1670 3193 1704 3256 et
1717 3190 1884 3257 maiorem
1898 3191 2050 3256 vestrum
2063 3187 2253 3262 servitium,
2267 3183 2361 3270 quod

500 3337 599 3405 nobis
615 3339 726 3406 iecisti
745 3342 780 3408 et
794 3358 859 3424 pro
875 3359 915 3407 eo
930 3341 1021 3425 quod
1037 3341 1113 3408 dedi
1133 3345 1169 3407 at
1185 3343 1318 3408 leonem
1335 3340 1444 3408 filium
1462 3360 1574 3410 meum
1591 3358 1798 3425 germanum
1816 3341 1966 3407 vestrum
1992 3337 2119 3406 solidos
2142 3335 2357 3422 quindecim:

504 3508 583 3557 ecce
599 3495 681 3560 sunt
698 3491 780 3559 anni
798 3495 874 3560 octe
890 3497 924 3559 et
940 3491 1067 3560 solidos
1083 3495 1243 3577 quattuor
1260 3493 1384 3561 dedisti
1408 3493 1571 3560 calciario
1594 3497 1630 3558 at
1653 3492 1818 3559 domnum
1841 3494 1977 3576 petrum
1994 3492 2202 3575 episcopum,
2221 3488 2362 3574 quando

389 3709 391 3718 ,
503 3641 582 3723 ipsa
598 3647 692 3709 terra
708 3644 807 3710 nobis
823 3643 918 3710 dedit
936 3647 972 3711 at
988 3645 1233 3728 pastinandum
1252 3650 1286 3713 et
1301 3644 1429 3712 solidos
1445 3645 1595 3730 quinque
1610 3645 1734 3712 dedisti
1759 3663 1822 3730 pro
1846 3645 1962 3710 anima
1985 3641 2225 3711 theodonande
2247 3644 2363 3708 vestre

507 3794 700 3877 genitricis.
720 3794 844 3862 deinde
860 3795 938 3862 dedi
957 3801 990 3864 et
1006 3797 1135 3864 tradidi
1154 3799 1249 3866 vobis
1265 3799 1425 3883 plenaria
1440 3799 1552 3883 ipsam
1568 3800 1761 3882 portionem
1786 3816 1911 3874 meam,
1932 3798 1990 3881 qui
2016 3815 2069 3863 me
2091 3794 2191 3864 devet
2213 3795 2364 3876 tetigere

504 3945 546 4011 de
563 3946 680 4014 omnia
697 3963 801 4013 causa
816 3947 859 4014 do
875 3949 973 4026 fonti,
992 3950 1033 4017 dc
1050 3951 1126 4034 ipso
1142 3951 1229 4036 quod
1247 3955 1388 4020 tulimus
1406 3955 1443 4021 at
1457 3909 1703 4038 pastin'andurn
1727 3971 1749 4018 a
1772 3951 1929 4036 partibus
1952 3950 2119 4035 episcopii
2143 3947 2361 4017 salernitani.

503 4095 599 4164 Unde
611 4097 718 4165 nichil
731 4097 826 4166 vobis
838 4099 964 4168 exinde
976 4105 1179 4189 exceptuavi
1193 4104 1230 4171 in
1242 4121 1377 4172 omnem
1389 4104 1672 4174 deliverationem
1686 4107 1721 4170 et
1732 4104 1769 4171 in
1782 4121 1916 4170 onmem
1930 4101 2177 4179 decisitionenr,
2192 4105 2229 4167 ut
2239 4117 2259 4165 a
2269 4117 2365 4165 nunc

502 4247 559 4314 die
577 4252 771 4332 presentem
788 4251 873 4316 etin
891 4254 1069 4343 perpetuis
1085 4256 1298 4339 temporibus
1313 4256 1431 4322 omnia
1446 4243 1614 4340 quantum
1630 4272 1693 4322 nos
1709 4273 1750 4321 av
1767 4255 1842 4338 ipso
1864 4252 2037 4338 episcopio
2059 4253 2226 4336 tetigerit,
2247 4251 2284 4318 in
2307 4271 2365 4318 ve·

503 4401 577 4466 stra
602 4404 636 4466 et
660 4400 703 4466 de
727 4402 834 4468 vestri
859 4403 1000 4473 heredes
1023 4406 1092 4471 siut
1114 4407 1294 4490 potestatis
1317 4407 1476 4486 havendi‚
1504 4405 1653 4483 fruendi,
1668 4404 1895 4489 possidendi,
1913 4404 2088 4482 vindendi,
2114 4401 2275 4480 donandi,
2300 4419 2364 4468 seu

505 4550 755 4629 commutandi,
775 4553 918 4620 liveram
935 4557 1094 4624 haveatis
1110 4559 1336 4644 potestate1n3
1354 4559 1387 4624 ei
1403 4557 1473 4624 iam
1489 4556 1676 4642 aliquando
1692 4555 1817 4624 exinde
1833 4574 1944 4641 neque
1961 4574 1983 4622 a
1997 4573 2060 4622 nos
2076 4572 2186 4639 noque
2202 4554 2245 4620 ab
2261 4553 2364 4620 here·

505 4701 607 4771 dibus
623 4705 753 4772 nostris
768 4708 824 4772 vel
841 4725 864 4773 a
879 4709 977 4774 nobis
992 4712 1208 4778 summissam
1233 4729 1416 4795 personam
1439 4712 1569 4778 nullam
1592 4709 1856 4795 requesitionem
1880 4707 2007 4775 exinde
2030 4691 2188 4775 haveatis
2210 4722 2278 4771 non
2301 4721 2365 4770 vos

505 4872 575 4921 nou
591 4855 699 4922 vestri
716 4855 862 4922 heredes
878 4875 941 4942 per
957 4860 1088 4925 nullum
1105 4861 1243 4927 modum
1258 4862 1294 4928 in
1311 4865 1527 4946 perpetuum.
1546 4865 1580 4928 ot
1592 4861 1622 4928 si
1634 4879 1695 4946 per
1707 4864 1827 4946 quovis
1839 4864 2005 4945 tempore,
2020 4877 2081 4943 per
2093 4857 2214 4942 quovis
2225 4852 2364 4922 modum

506 5009 558 5073 vel
578 5007 776 5090 ingenium,
796 5008 920 5091 quavis
937 5027 1085 5092 persona
1099 5029 1230 5096 magna
1246 5031 1307 5080 seu
1321 5012 1430 5096 parba
1446 5015 1632 5080 extraneas
1648 5015 1701 5079 vel
1717 5013 1760 5079 de
1776 5029 1906 5098 genere
1923 5011 2053 5087 nostro,
2072 5025 2131 5076 ros
2147 5011 2205 5076 aut
2219 5004 2366 5074 heredes

509 5157 612 5224 restri
629 5155 758 5224 exinde
774 5175 921 5240 querere
937 5160 996 5225 aut
1012 5161 1193 5228 molestare
1207 5163 1443 5246 presumserit,
1462 5165 1588 5232 haveat
1602 5166 1789 5230 anathema
1804 5165 1839 5230 et
1863 5160 2140 5228 maledictionem
2164 5177 2187 5226 a
2209 5161 2306 5242 patre
2328 5160 2365 5224 et

509 5307 581 5372 tilio
597 5311 631 5374 et
646 5309 771 5392 spiritu
788 5314 920 5390 sancte,
940 5315 974 5379 et
990 5316 1123 5398 partem
1140 5315 1265 5381 haveat
1280 5335 1357 5382 curn
1374 5316 1456 5383 iuda
1477 5317 1648 5384 traditore
1671 5316 1802 5382 domini
1826 5313 1934 5386 nostri
1957 5315 2053 5384 ihesu
2078 5312 2194 5381 cristi:
2223 5310 2367 5393 insuper

505 5477 712 5541 ocrnponere
728 5463 825 5529 vobis
840 5462 963 5531 deveat
978 5465 1055 5531 auri
1072 5462 1161 5532 libra
1178 5485 1246 5533 una
1262 5467 1451 5549 bytiantea‚
1471 5473 1505 5536 et
1528 5487 1567 5535 ec
1591 5471 1751 5536 chartula
1774 5469 1820 5535 sit
1842 5467 1943 5533 firma
1965 5466 2003 5532 in
2027 5467 2202 5551 presentia
2223 5465 2366 5532 testium

507 5613 658 5680 iohanne
675 5595 924 5699 presbitero'de
940 5620 1077 5698 aldone,
1105 5621 1255 5689 iohanne
1279 5623 1351 5689 filio
1374 5625 1594 5692 constantino
1617 5623 1660 5692 de
1684 5641 1805 5691 mauro
1829 5621 2084 5697 comitatatum
2107 5619 2179 5685 filio
2202 5621 2301 5700 petro
2323 5615 2368 5682 dc

502 5765 635 5836 alfione.

561 5891 590 6002 †
607 5936 673 6000 ego
690 5939 790 5988 ursus
806 5923 918 5988 scriva
934 5923 1071 6006 scripsi.
