5378 7098
1256 625 1416 696 doubt
1459 627 1691 698 entsdusls

1264 1147 1269 1158 .
1322 1081 1567 1160 GCXXV
1571 1081 1633 1159 ΙΙ.

1278 1319 1281 1325 ’
1329 1324 1384 1399 Α.
1421 1325 1472 1401 D.
1509 1323 1613 1403 964.

607 1587 851 1725 †1unomiue
873 1637 1005 1705 domini
1029 1656 1121 1704 anno
1149 1637 1325 1706 vicesimo
1348 1637 1462 1722 primo
1485 1637 1703 1722 principatus
1717 1636 1835 1704 domni
1851 1635 1992 1720 paldolli
2009 1635 2182 1720 gloriosus
2197 1637 2356 1722 princeps
2370 1641 2405 1704 et

548 1792 652 1860 tertio
677 1809 769 1860 auno
792 1791 1012 1877 principatus
1035 1790 1154 1858 domni
1178 1791 1319 1858 landolfi
1342 1789 1462 1859 eximii
1486 1791 1649 1876 principi,
1676 1808 1793 1858 mense
1817 1793 1941 1888 agusto
1956 1788 2101 1875 septima
2117 1789 2316 1860 indictione.
2335 1793 2404 1857 Me-

547 1943 772 2010 moratorinm
796 1943 924 2010 sactum
947 1961 967 2008 a
990 1961 1045 2010 me
1069 1942 1198 2011 andrea
1220 1959 1350 2026 garnero
1373 1940 1562 2009 domeneke
1586 1943 1767 2019 monache,
1786 1959 1826 2007 eo
1849 1939 1937 2024 quod
1964 1943 2045 2007 ante
2060 1942 2236 2024 presentia
2250 1941 2402 2009 siconolfi

545 2093 684 2160 comitis
707 2094 826 2178 palatii
849 2094 1004 2162 causabit
1026 2113 1102 2161 oum
1127 2112 1209 2161 ursu
1231 2097 1267 2161 et
1290 2111 1365 2160 cum
1389 2111 1500 2178 genco
1523 2094 1682 2178 germani
1706 2093 1769 2161 lilii
1793 2093 1902 2172 ciciri‚
1922 2096 1980 2178 qui
2004 2095 2038 2161 et
2053 2095 2288 2161 castelmanno
2303 2109 2403 2159 voca·

548 2243 618 2322 bat,
646 2243 840 2320 dicendum,
868 2249 906 2312 ut
929 2247 1019 2312 malo
1043 2245 1166 2312 ordine
1190 2248 1224 2312 et
1246 2245 1321 2314 sine
1343 2245 1514 2312 rationem
1538 2243 1676 2332 tulisset
1698 2245 1852 2330 frugium
1875 2243 1918 2310 de
1934 2245 2044 2329 ipsam
2060 2246 2163 2312 rebus
2177 2262 2254 2312 mea
2269 2243 2312 2312 de
2328 2245 2402 2311 loco

545 2396 672 2462 valneo
687 2399 721 2462 et
738 2395 779 2464 de
796 2397 871 2462 loco
888 2395 1034 2480 caprilia
1047 2393 1085 2482 ⁴),
1111 2396 1199 2482 quod
1215 2415 1286 2465 una
1301 2399 1437 2465 cartula
1453 2416 1530 2466 mea
1544 2397 1709 2476 continet,
1728 2395 1817 2482 quod
1841 2414 1984 2482 presens
1999 2397 2147 2466 ostendit
2161 2399 2196 2468 et
2209 2400 2337 2466 relecta
2352 2403 2403 2466 est

545 2549 628 2630 ante
642 2546 880 2632 supradictum
899 2552 1058 2618 comitem
1083 2553 1216 2638 palatii;
1234 2571 1301 2636 que
1324 2551 1531 2630 continebat,
1551 2550 1720 2636 quomodo
1734 2552 1890 2636 superius
1906 2551 2017 2618 dictus
2032 2553 2274 2628 castelmann0,
2294 2549 2402 2636 quiet

544 2697 657 2763 cicero
674 2699 818 2765 vocatur
835 2698 927 2767 filius
950 2697 1032 2778 ursi,
1058 2700 1251 2768 donaberat
1273 2701 1379 2768 michi
1403 2705 1562 2786 quartam
1586 2703 1721 2786 partem
1745 2700 1788 2768 de
1811 2701 1922 2786 ipsam
1945 2702 2048 2769 rebus
2072 2719 2152 2768 suas
2175 2700 2217 2768 de
2240 2699 2402 2768 iamdicto

544 2853 620 2919 loco
636 2854 786 2940 caprilia
800 2855 834 2920 et
856 2851 900 2919 de
916 2855 1049 2929 balneo,
1068 2870 1127 2920 seo
1142 2857 1177 2921 et
1192 2853 1235 2920 de
1252 2853 1324 2938 ipse
1340 2871 1417 2921 case
1433 2851 1475 2921 de
1490 2852 1584 2922 intus
1599 2852 1774 2920 civitatem
1791 2853 1944 2932 abellini,
1963 2870 2067 2936 quam
2084 2855 2119 2919 et
2135 2849 2178 2918 de
2194 2851 2279 2936 ipsis
2296 2851 2402 2917 mobi-

547 3005 636 3072 libus
652 3025 729 3073 cum
753 3011 914 3092 quartam
939 3007 1074 3090 partem
1098 3005 1140 3072 de
1163 3005 1259 3090 ipsas
1282 3005 1504 3084 moniminas
1531 3005 1661 3090 quade
1684 3005 1770 3090 ipsis
1793 3005 1894 3073 rebus
1918 3007 1952 3072 et
1975 3003 2063 3071 casis
2085 3005 2166 3071 sunt
2188 3003 2400 3088 pertinentes

544 3155 656 3241 adque
673 3157 907 3244 coutinentem
931 3143 965 3226 et
988 3159 1074 3243 ipsis
1096 3161 1197 3226 robus
1212 3176 1251 3226 oc
1267 3149 1364 3225 sunt:
1389 3157 1509 3234 curtis,
1535 3158 1669 3235 ortalis,
1690 3157 1800 3226 bineis
1815 3161 1850 3224 et
1865 3157 2022 3235 vinealis,
2041 3156 2242 3234 castanieta,
2261 3159 2397 3234 escleta,

541 3311 691 3385 cerreta,
710 3311 832 3386 monti,
851 3311 968 3394 plano,
983 3311 1111 3376 cultum
1128 3309 1241 3393 adque
1265 3309 1443 3385 incultum,
1463 3308 1578 3374 omnia
1595 3313 1630 3375 et
1647 3308 1684 3374 in
1701 3309 1857 3377 omnibns
1873 3309 2075 3393 ubicumque
2089 3308 2133 3376 de
2149 3309 2252 3376 rebus
2266 3312 2301 3376 et
2316 3307 2402 3376 casis

427 3456 432 3462 '
546 3455 659 3540 adque
675 3458 857 3528 mobilibus
879 3459 951 3526 suis
969 3461 1147 3527 iubentum
1164 3461 1280 3538 suerit,
1300 3460 1456 3528 inolitam
1474 3463 1633 3545 quartam
1652 3461 1757 3528 michi
1773 3461 1900 3530 exinde
1915 3461 2117 3540 donaberat‚
2136 3463 2171 3529 et
2186 3461 2265 3530 aliis
2280 3461 2402 3546 quibus

546 3613 586 3679 in
601 3614 721 3682 eadem
737 3615 874 3681 cartula
890 3614 1063 3681 continet:
1083 3614 1215 3699 scripta
1230 3614 1307 3698 ipsa
1323 3617 1457 3682 cartula
1473 3633 1534 3699 per
1551 3614 1700 3699 gaidone
1724 3613 1934 3682 subdiacono
1958 3614 2070 3699 adque
2092 3614 2230 3681 notario
2253 3614 2291 3680 in
2314 3629 2405 3680 anno

547 3766 697 3850 septimo
719 3765 851 3834 decimo
875 3767 1091 3852 principatus
1115 3767 1232 3836 domni
1250 3768 1390 3836 landolfi
1407 3769 1581 3853 gloriosus
1596 3771 1758 3856 princeps
1780 3773 1816 3838 et
1830 3787 1921 3837 anno
1936 3767 2173 3838 tertiodecimo
2188 3766 2403 3851 principatus

546 3915 663 3984 domni
687 3918 830 4002 paldolli
852 3920 916 3986 filii
939 3920 1080 3988 eiusde
1103 3939 1221 3990 mense
1247 3921 1351 3989 iulius
1374 3940 1437 4006 per
1460 3920 1649 3989 indictione
1661 3920 1933 4007 quartadecima,
1949 3923 1984 3989 et
1996 3919 2121 3990 ibidem
2133 3923 2208 3989 erat
2223 3919 2303 3986 testi
2320 3917 2404 3984 ilde-

547 4072 701 4157 prandus
725 4077 759 4138 et
782 4072 876 4138 maio
901 4077 935 4142 et
957 4091 1065 4142 sasso.
1092 4077 1144 4140 set
1169 4073 1251 4142 dum
1275 4075 1431 4143 causabit
1453 4092 1520 4159 ego
1543 4093 1622 4141 cum
1645 4074 1712 4158 ipsi
1735 4072 1967 4160 prenominati
1991 4069 2148 4150 dicendo,
2173 4070 2211 4138 ut
2237 4071 2327 4136 melo
2350 4086 2405 4134 or·

546 4224 628 4292 dine
651 4225 685 4292 et
707 4225 783 4292 sine
806 4224 977 4292 rationem
1001 4226 1139 4294 tulisset
1164 4227 1318 4312 frugium
1342 4226 1385 4294 de
1412 4227 1489 4311 ipsa
1513 4225 1708 4310 portionem
1731 4244 1842 4294 meam
1860 4224 1903 4293 de
1915 4225 2026 4310 ipsam
2040 4225 2139 4293 rebus
2154 4226 2189 4291 et
2203 4223 2283 4291 illos
2298 4221 2402 4289 michi

548 4377 759 4460 contrasset3
784 4395 891 4460 quero
916 4377 1009 4444 enim
1036 4378 1164 4447 exinde
1187 4381 1230 4444 ab
1253 4397 1293 4446 eo
1316 4396 1520 4464 responsum
1546 4378 1667 4446 audire
1685 4381 1721 4446 et
1744 4378 1878 4463 legibus
1902 4375 2028 4445 exinde
2050 4393 2127 4444 oum
2155 4393 2195 4443 eo
2221 4375 2326 4444 finem
2356 4375 2403 4439 fa-

548 4548 637 4598 cere.
659 4529 878 4616 supradictus
901 4549 1015 4600 comes
1040 4533 1162 4616 palatii
1184 4533 1415 4616 interrogabit
1438 4549 1516 4599 eum
1533 4531 1610 4616 quis
1625 4531 1752 4601 exinde
1768 4531 1897 4617 dicere3
1917 4530 1975 4596 ille
1990 4530 2103 4595 autem
2118 4529 2267 4606 dicebat,
2286 4529 2405 4594 utnon

548 4683 639 4746 esset
663 4681 802 4748 beritas
828 4682 923 4760 Quod
954 4683 1072 4750 audito
1095 4683 1313 4768 supradictus
1336 4683 1495 4762 iudicem,
1513 4681 1682 4752 iudicabit
1704 4682 1814 4767 adque
1837 4699 1900 4766 por
1923 4699 2023 4749 suum
2040 4678 2204 4749 iudicium
2228 4681 2403 4746 internos

550 4831 721 4915 guadiare
745 4835 836 4912 lecit,
863 4838 900 4901 ut
921 4835 1109 4902 secundum
1134 4837 1247 4920 legem
1271 4837 1401 4902 iuraret
1423 4836 1528 4902 miolri
1551 4835 1595 4902 ad
1618 4838 1738 4903 sancta
1758 4834 2085 4918 deievvangeliaet
2107 4831 2290 4910 dicerent
2313 4833 2402 4898 malo

547 4983 669 5052 ordine
693 4989 727 5052 et
750 4988 826 5055 sine
851 4988 1019 5056 rationem
1049 4989 1204 5073 liugium
1228 4990 1270 5056 de
1293 4990 1405 5074 ipsam
1429 4990 1622 5075 portionem
1647 5007 1758 5057 meam
1783 4987 1826 5055 de
1847 4987 1934 5072 ipsis
1956 4988 2060 5055 rebus
2081 5005 2151 5053 non
2173 4985 2309 5054 tulisset
2337 5004 2400 5054 uec

547 5143 624 5212 illos
647 5147 752 5214 michi
776 5145 979 5219 contrasset
1001 5143 1044 5211 de
1072 5143 1189 5212 taliter
1217 5143 1324 5210 michi
1347 5143 1539 5223 iurandum,
1566 5143 1790 5212 mediatorem
1815 5143 1920 5209 michi
1946 5141 2061 5226 posuit
2084 5140 2239 5208 bisanteo
2271 5158 2401 5226 genero

545 5296 761 5382 rodelgrimi,
779 5303 814 5365 et
835 5315 902 5383 ego
925 5295 1149 5366 mediatorem
1168 5297 1200 5364 ei
1224 5297 1349 5380 posuit.
1375 5314 1442 5381 ego
1462 5296 1647 5382 gaiderissi
1670 5294 1899 5364 subdiaconus
1920 5293 2032 5378 adque
2053 5293 2208 5362 notarius
2234 5309 2275 5360 oc
2299 5296 2401 5362 brebe

519 5405 524 5414 ἱ
544 5450 685 5534 scripsit
707 5440 751 5516 e'x
776 5450 957 5520 iussionem
980 5449 1174 5535 supradicti
1198 5451 1333 5518 comitis
1356 5451 1491 5535 palatii.

604 5572 633 5685 †
649 5618 715 5685 ego
731 5601 789 5685 qui
802 5619 908 5687 supra
925 5601 1110 5670 siconolfus
1125 5619 1251 5669 comes

584 5824 606 5894 ⁴)
625 5823 731 5894 Volueo,
750 5827 794 5881 rel
810 5827 922 5896 Boium,
941 5827 1073 5898 Capritia,
1090 5824 1146 5881 vici
1162 5825 1236 5881 intra
1252 5829 1324 5882 finos
1340 5828 1454 5884 Salerni
1468 5837 1495 5884 et
1511 5827 1651 5883 Arelliui.
