5216 7092
973 585 1342 660 nlpnontlnlotts

868 955 870 962 '
932 941 1362 1025 CCCLXXXIII.

1005 1162 1060 1236 A.
1096 1157 1147 1236 D.
1185 1155 1289 1236 986.

276 1409 312 1541 Τ
327 1459 366 1523 ln
381 1455 522 1523 nomine
537 1453 668 1520 domini
685 1453 787 1532 tertio
802 1467 894 1519 anno
909 1448 1127 1535 principatus
1142 1449 1260 1518 domni
1276 1450 1387 1520 nostri
1399 1429 1545 1521 ⁴iohanni
1560 1457 1595 1521 et
1610 1453 1728 1522 domni
1745 1455 1890 1540 guidoni
1913 1457 1987 1526 eius
2001 1459 2073 1526 filio

214 1607 363 1691 gloriosi
379 1605 609 1692 principibus,
627 1622 744 1672 mense
759 1603 954 1672 februarius
970 1602 1228 1687 quartadecima
1244 1603 1445 1673 indictione.
1464 1607 1745 1676 memoratorium
1762 1609 1853 1676 factu
1869 1627 1890 1676 a
1904 1629 1959 1678 me
1981 1630 2073 1680 mar-

212 1761 312 1826 tinus
327 1759 500 1858 presbiter
516 1761 551 1826 61
567 1760 674 1827 abbas
689 1757 832 1826 ecclesie
848 1755 961 1824 sancti
978 1757 1135 1834 maximi,
1156 1773 1197 1824 66
1214 1756 1303 1842 quod
1322 1762 1401 1826 aute
1417 1759 1590 1843 presentia
1612 1762 1703 1846 petri
1720 1762 1837 1842 iudici,
1856 1767 2074 1836 combenien·

170 1931 185 1953 ·
212 1912 309 1979 tibus
323 1891 377 1980 me
393 1929 470 1981 cum
489 1911 604 1978 maria
619 1910 726 1978 libera
740 1908 884 1986 femina,
903 1924 967 1995 pro
992 1906 1115 1992 quibus
1137 1909 1199 1975 illa
1221 1907 1367 1976 sociabit
1388 1908 1452 1978 sibi
1476 1909 1577 1977 modo
1602 1911 1716 1979 virum
1735 1913 1883 1982 andreas
1906 1916 2072 1985 famulum

213 2064 370 2148 predicte
385 2065 526 2132 ecclesie
541 2064 650 2131 fllium
669 2061 815 2140 iordani‚
833 2065 872 2128 ut
888 2061 1008 2130 liceret
1022 2061 1099 2146 ipsa
1116 2062 1230 2129 maria
1245 2062 1360 2147 ipsum
1377 2063 1507 2132 andrea
1524 2067 1628 2132 abere
1644 2067 1758 2133 virum
1774 2069 1808 2135 et
1825 2067 1886 2135 illa
1902 2087 1976 2136 cum
1994 2089 2071 2138 eum

213 2219 253 2282 in
270 2218 373 2283 rebus
388 2217 496 2301 ipsius
510 2219 652 2286 ecclesie
667 2217 817 2285 residere
839 2221 873 2285 et
895 2215 976 2284 filiis
991 2215 1131 2284 filiabus
1146 2217 1235 2302 quod
1259 2217 1446 2286 ieceritde
1469 2219 1582 2303 ipsum
1605 2219 1758 2306 andrea;
1776 2223 1811 2287 61
1834 2239 1896 2288 nec
1919 2239 1985 2306 ego
2008 2242 2072 2292 nec

214 2385 312 2435 meos
327 2384 539 2437 successores
560 2387 630 2436 non
646 2371 825 2437 aberemus
849 2371 1020 2454 potestate
1038 2369 1172 2438 ¹enindc
1196 2369 1464 2454 compreendere
1486 2371 1529 2439 ad
1553 2391 1696 2439 manum
1719 2373 1938 2442 serbiendum
1960 2377 2069 2456 nobis,

214 2524 269 2586 set
284 2519 380 2585 omni
395 2475 550 2604 tempore
565 2519 685 2586 liceret
702 2521 771 2589 illis
786 2521 823 2588 in
840 2521 942 2587 rebus
958 2520 1067 2605 ipsius
1088 2521 1234 2587 ecclesie
1251 2519 1403 2588 residere
1419 2521 1453 2588 et
1470 2521 1602 2590 abitare
1626 2525 1715 2589 sicut
1737 2524 1835 2591 liberi
1859 2528 2068 2595 hominibus.
2128 2591 2132 2596 .

213 2673 263 2740 sic
282 2677 409 2748 tamen,
429 2678 466 2739 ut
480 2671 523 2739 (16
539 2675 705 2757 quantum
722 2673 947 2750 laborabant,
963 2691 1043 2758 pars
1055 2672 1210 2757 predicte
1224 2673 1369 2740 ecclesie
1384 2673 1510 2740 exindo
1526 2677 1631 2742 abere
1647 2675 1713 2742 due
1728 2678 1843 2756 sortis,
1858 2681 1894 2745 61
1906 2679 1976 2746 illis
1987 2698 2068 2757 una,

220 2819 417 2894 laciendum
435 2827 522 2910 quod
538 2828 699 2913 voluerit;
717 2830 751 2893 et
767 2827 795 2892 si
811 2826 976 2894 animalia
991 2825 1217 2910 guardaberit
1234 2824 1302 2910 ipsi
1321 2827 1384 2895 filii
1401 2828 1465 2905 sui,
1484 2828 1645 2896 similiter
1668 2830 1807 2896 tertiam
1831 2835 1968 2915 partem
1989 2831 2073 2898 inde

164 3023 166 3027 -
217 2980 355 3057 tollere,
374 2979 569 3048 iaciendum
586 2980 675 3064 quod
692 2981 858 3066 voluerit;
876 2980 967 3047 unde
982 2980 1096 3047 taliter
1115 2978 1373 3065 adimplendum
1390 2979 1520 3064 guadia
1542 2981 1619 3065 ipsa
1643 2983 1754 3049 maria
1766 2983 1864 3050 mihi
1887 2983 1981 3052 dedit
2003 3004 2074 3054 una

220 3149 298 3197 cum
315 3131 509 3199 domnellus
524 3132 766 3199 adbocatorem
782 3150 881 3199 suum
897 3133 932 3198 et
947 3149 984 3198 se
999 3132 1077 3215 ipsa
1092 3133 1188 3216 posui
1207 3132 1418 3210 mediatrice,
1437 3134 1476 3198 ut
1493 3133 1523 3200 si
1547 3133 1665 3201 taliter
1688 3135 1806 3202 omnia
1830 3139 2074 3222 suprascripta

216 3300 287 3348 non
314 3282 557 3367 adimpleberit
581 3287 615 3352 et
641 3283 764 3369 aliquit
790 3281 917 3351 exinde
944 3267 1121 3352 remobere
1148 3285 1324 3368 quesierit,
1353 3301 1555 3368 componere
1582 3285 1669 3350 mihi
1698 3250 1751 3351 vel
1781 3285 1824 3352 ad
1852 3304 1936 3369 pars
1963 3287 2071 3371 ipsius

215 3436 360 3502 ecclesie
387 3437 526 3503 centum
557 3437 634 3503 auri
669 3421 798 3512 solidos
824 3438 1044 3505 costantinos.
1075 3441 1109 3504 ct
1135 3442 1224 3505 hunc
1257 3438 1394 3508 brebem
1427 3438 1550 3523 scripsi
1585 3456 1651 3522 ego
1680 3441 1799 3522 petrus
1833 3441 1988 3510 notarius
2017 3443 2074 3526 qui

214 3587 370 3653 interfui.

246 3833 250 3842 ‚
274 3711 303 3822 †
320 3757 387 3822 ego
403 3740 462 3823 qui
479 3757 587 3823 supra
602 3741 721 3823 petrus
738 3738 854 3806 iudex.

818 4245 832 4268 ,
919 4175 1351 4256 CCCLXXXIV.

981 4405 1036 4480 A:
1076 4403 1127 4480 D.
1164 4401 1267 4480 986.

235 4673 239 4682 ·
271 4601 306 4737 †
322 4655 360 4719 ln
377 4651 516 4719 nomine
532 4651 663 4717 domini
679 4649 781 4716 tertio
797 4666 889 4715 anno
904 4647 1121 4734 principatus
1137 4647 1254 4714 domni
1270 4649 1381 4716 nostri
1398 4647 1537 4714 iohanni
1562 4649 1596 4716 et
1610 4647 1728 4715 domni
1745 4651 1853 4718 nostri
1870 4651 2015 4718 iohanni
2038 4659 2072 4719 61

211 4805 329 4872 domni
345 4805 477 4874 widoni
493 4805 568 4872 eius
584 4805 649 4873 dlii
665 4804 810 4890 gloriosi
833 4804 1062 4888 principibus,
1077 4820 1194 4870 mense
1218 4803 1347 4887 aprelis
1370 4801 1628 4887 quartadecima
1651 4802 1851 4872 indictione.
1870 4810 2073 4876 memorato

213 4961 304 5026 rium
329 4961 458 5026 sactum
482 4977 504 5025 a
527 4975 583 5026 me
610 4957 827 5044 guaimarius
855 4955 927 5023 filio
955 4957 1042 5021 bone
1058 4954 1223 5022 memorie
1251 4954 1399 5038 guaiferi
1428 4955 1573 5033 comitis,
1601 4973 1642 5023 66
1668 4957 1758 5041 quod
1782 4959 1863 5025 ante
1889 4959 2072 5044 subscriptl

214 5115 387 5181 movilibus
411 5114 486 5182 vice
509 5131 587 5180 mea
609 5116 645 5180 61
665 5113 740 5178 ((166
763 5111 912 5196 gualieri
936 5125 1120 5194 germanus
1144 5127 1241 5177 meus
1264 5107 1409 5176 tradidit
1431 5127 1498 5194 ego
1522 5109 1564 5176 ad
1588 5109 1773 5177 tenendum
1797 5111 1831 5176 61
1854 5109 2070 5178 residendum

213 5267 305 5352 petri
323 5267 505 5350 magister,
524 5265 582 5349 qui
599 5263 662 5330 suit
676 5262 719 5331 (16
734 5262 820 5330 lines
836 5279 1018 5347 grecorum
1034 5264 1067 5329 et
1089 5279 1182 5330 nunc
1205 5264 1446 5330 commanente
1468 5264 1519 5330 est
1535 5262 1571 5328 in
1586 5280 1625 5330 ec
1648 5263 1751 5339 cibes,
1769 5261 1881 5328 tribus
1897 5261 2072 5345 applitora

213 5417 256 5484 (16
272 5421 370 5484 terra
384 5421 418 5483 61
433 5435 513 5484 oasa
528 5419 645 5484 nostra
661 5415 706 5493 (16
719 5417 815 5482 intus
830 5417 919 5481 hanc
934 5415 1184 5483 salernitanam
1201 5415 1342 5483 civitate
1360 5434 1382 5482 a
1396 5433 1499 5500 super
1522 5413 1665 5481 ccclesia
1688 5411 1798 5478 sancti
1822 5412 1953 5479 mathei
1978 5413 2072 5480 infra

214 5570 276 5636 hec
293 5569 390 5636 finis:
409 5568 452 5636 de
467 5585 511 5636 ex
527 5569 621 5635 omni
636 5570 738 5653 parte
761 5567 831 5634 line
854 5573 983 5636 nostra.
1004 5565 1082 5632 idco
1106 5565 1198 5633 inira
1221 5566 1297 5650 ipse
1321 5565 1400 5634 linis
1423 5565 1497 5649 ipsa
1520 5565 1627 5633 tribus
1650 5565 1827 5648 applitora
1850 5564 1893 5632 (16
1917 5567 2014 5632 terra
2037 5567 2072 5632 et

214 5737 293 5788 oasa
307 5721 418 5805 ipsius
433 5720 524 5805 petri
548 5718 693 5787 tradidit
715 5718 759 5786 ad
783 5717 1015 5797 residendum,
1040 5715 1164 5784 amodo
1185 5717 1218 5784 61
1240 5733 1346 5800 usque
1368 5713 1483 5782 decem
1508 5716 1546 5782 61
1568 5717 1644 5780 6616
1667 5715 1750 5783 anni
1773 5715 1935 5802 completi
1957 5715 2070 5782 licead

214 5871 312 5940 illum
332 5877 367 5940 61
381 5873 452 5942 eius
466 5871 612 5942 heredes
628 5870 756 5941 ividem
773 5869 926 5940 residere
942 5873 976 5937 61
991 5869 1134 5946 abitare,
1152 5869 1187 5934 61
1202 5867 1313 5932 omnis
1329 5884 1390 5933 sue
1404 5866 1570 5933 hutilitati
1594 5865 1686 5934 iusta
1702 5869 1838 5937 ratione
1861 5869 1909 5934 ivi
1935 5869 2068 5952 iacere3
