5216 7092
964 574 1335 648 orruouamcus
1961 599 2022 661 195

214 819 292 906 ipsa
303 819 475 888 hecclesie
485 820 614 886 habent
626 817 664 885 in
676 816 803 884 finibus
813 815 967 893 nucerio,
980 816 1040 882 ubi
1053 816 1196 901 proprio
1208 818 1324 901 agella
1335 815 1462 884 dicitur
1474 838 1540 904 que
1552 821 1656 888 habet
1667 823 1748 890 finis
1759 827 1794 893 et
1805 827 1989 896 mensuriis
2001 829 2077 914 ipsa

217 973 420 1060 supradicta
436 973 606 1042 clusuria:
627 989 745 1056 apars
761 969 1020 1054 septemtrionis
1036 969 1105 1038 fine
1128 970 1185 1037 via
1207 971 1359 1055 publica,
1378 971 1469 1039 unde
1494 991 1584 1058 aqua
1606 974 1648 1043 de
1671 975 1777 1044 fiubio
1799 976 1844 1046 da
1866 979 1943 1064 ipsa
1966 981 2077 1050 forma

212 1124 378 1203 decurrit,
397 1125 478 1192 sunt
494 1121 576 1191 inde
592 1139 656 1207 per
672 1121 854 1190 mensuria
869 1121 965 1206 passi
987 1121 1184 1205 nonaginta
1200 1122 1353 1205 septem:
1374 1140 1396 1188 a
1411 1140 1494 1207 pars
1511 1123 1666 1204 orientis,
1685 1128 1855 1210 quomodo
1871 1129 1982 1198 limite
2004 1131 2077 1200 dis-

215 1277 342 1356 cernit,
360 1277 430 1344 fine
446 1275 489 1344 de
505 1274 651 1343 heredes
667 1273 811 1352 autumi,
830 1274 912 1340 sunt
928 1271 1009 1340 inde
1030 1273 1126 1358 passi
1150 1275 1287 1341 centum
1303 1273 1442 1361 decem3
1460 1274 1504 1343 de
1526 1294 1631 1361 super
1654 1281 1752 1362 parte
1775 1298 1797 1346 a
1819 1280 1976 1360 meridie,
1994 1300 2076 1367 quo

218 1428 318 1496 modo
333 1429 417 1514 polu
433 1427 611 1506 discernit,
628 1427 698 1493 fine
714 1425 756 1492 de
771 1424 917 1493 heredes
934 1424 1089 1504 adelferi,
1108 1426 1190 1493 sunt
1205 1425 1285 1494 inde
1301 1427 1392 1512 passi
1408 1428 1593 1511 sexaginta
1607 1427 1687 1508 duo,
1705 1431 1903 1498 revolvente
1917 1451 1978 1516 per
2001 1433 2077 1518 ipsa

216 1579 286 1646 fine
301 1579 448 1648 saliente
462 1578 500 1645 in
516 1577 673 1663 partibus
688 1576 846 1655 meridie,
865 1577 946 1644 sunt
961 1575 1043 1644 inde
1058 1577 1152 1661 passi
1168 1577 1295 1662 viginti
1312 1577 1499 1663 quadtuor:
1519 1598 1541 1646 a
1557 1598 1641 1664 pars
1657 1580 1802 1649 meridie
1818 1581 1860 1649 de
1883 1601 1986 1668 super
2008 1585 2077 1652 fine

134 1722 140 1732 '
215 1737 311 1800 terra
326 1732 435 1816 ipsius
452 1731 621 1800 hecclesie
638 1729 749 1796 sancti
766 1728 925 1808 maximi,
944 1729 1032 1796 sicut
1047 1731 1273 1799 castanietum
1291 1729 1470 1810 discernit,
1487 1737 1569 1800 sunt
1581 1732 1660 1801 inde
1675 1734 1769 1818 passi
1786 1735 1934 1819 triginta
1952 1738 2038 1806 tres:
2055 1755 2076 1805 a

214 1903 298 1970 pars
321 1883 509 1968 occidentis
531 1883 601 1950 fine
625 1881 734 1966 ipsius
758 1882 926 1950 hecclesie
948 1881 1059 1948 sancti
1084 1883 1242 1960 maximi,
1262 1885 1344 1950 sunt
1367 1882 1448 1950 inde
1470 1885 1562 1968 passi
1585 1885 1794 1969 nonaginta,
1820 1889 2017 1955 revolvente
2041 1890 2076 1954 in

212 2035 371 2122 partibus
387 2013 575 2103 occidentis
590 2033 683 2118 passi
700 2031 827 2117 viginti
851 2032 931 2110 duo,
950 2035 985 2100 et
1007 2034 1135 2101 iterum
1158 2036 1356 2103 revolvente
1379 2038 1416 2102 in
1439 2035 1595 2121 partibus
1617 2038 1885 2120 septemtrionis,
1905 2037 2074 2124 quomodo

212 2189 299 2272 poiu
314 2165 492 2264 discernit,
510 2205 573 2271 per
589 2187 659 2252 fine
676 2185 829 2270 predicte
844 2187 1013 2256 hecclesie
1027 2188 1140 2255 sancti
1164 2188 1311 2255 maximi
1334 2191 1368 2256 et
1391 2191 1527 2258 exiente
1550 2209 1656 2274 usque
1679 2190 1716 2257 in
1739 2191 1817 2274 ipsa
1841 2191 1900 2258 via
1923 2192 2072 2276 publica,

216 2362 285 2427 que
300 2344 352 2410 est
366 2341 485 2424 priore
507 2339 577 2406 fine
601 2337 692 2405 unde
706 2357 795 2423 aqua
810 2338 974 2417 decurrit,
993 2338 1039 2406 da
1054 2341 1130 2424 ipsa
1147 2343 1280 2409 revolta
1294 2343 1328 2410 et
1344 2361 1450 2427 usque
1473 2343 1510 2409 in
1535 2343 1610 2428 ipsa
1633 2345 1791 2430 predicta
1813 2348 1872 2413 via
1895 2349 1975 2413 sunt
1999 2345 2078 2414 inde

215 2515 282 2581 per
299 2494 476 2563 mensuria
492 2493 587 2578 passi
603 2493 827 2577 septuaginta
842 2495 923 2561 tres.
944 2495 1006 2561 hec
1022 2512 1103 2562 vero
1125 2497 1227 2564 rebus
1242 2514 1305 2580 per
1328 2495 1526 2580 supradicte
1548 2495 1628 2590 finis
1652 2499 1686 2564 et
1709 2498 1894 2566 mensuriis
1918 2500 1961 2566 ad
1985 2501 2077 2566 iusto

215 2662 358 2730 passum
374 2643 525 2711 hominis
542 2644 794 2728 mensuratum3
812 2641 902 2711 unde
920 2661 985 2727 pro
1001 2644 1118 2710 taliter
1141 2664 1203 2728 per
1226 2647 1353 2712 honam
1377 2646 1665 2714 convenientiam
1689 2653 1724 2715 et
1748 2666 1813 2715 sua
1835 2650 1923 2715 bona
1946 2651 2078 2716 volum-

217 2799 317 2880 ptate
333 2795 468 2880 guadia
484 2794 582 2861 nobis
599 2796 674 2879 ipse
688 2794 836 2864 domnus
853 2796 1023 2863 martinus
1039 2797 1209 2881 presbiter
1224 2799 1258 2864 et
1274 2798 1378 2864 abbas
1394 2816 1472 2864 curn
1489 2799 1565 2882 ipso
1581 2798 1778 2866 romoaldus
1796 2799 2001 2868 advocatore
2016 2817 2078 2868 suo

139 3019 142 3023 ,
217 2945 391 3013 dederunt
408 2947 442 3012 et
457 2945 680 3013 mediatorem
698 2945 798 3012 nobis
815 2947 1004 3028 posuerunt
1021 2949 1157 3014 amatus
1179 2948 1271 3014 filius
1294 2947 1480 3032 adelgrimi
1503 2948 1546 3014 de
1570 2948 1689 3015 eodem
1714 2950 1827 3015 locum
1844 2951 1997 3036 nuceria3
2015 2951 2078 3017 tali

219 3099 314 3164 enim
338 3098 470 3174 ordine,
490 3099 619 3202 utipse
634 3097 781 3164 domnus
797 3098 902 3163 abbas
918 3098 1060 3181 eiusque
1084 3116 1296 3168 successores
1319 3102 1352 3166 et
1376 3117 1458 3184 pars
1481 3099 1644 3168 iamdicta
1667 3103 1836 3169 hecclesie
1859 3103 1937 3186 ipsa
1959 3121 2081 3187 supra-

219 3249 313 3316 dicta
330 3251 431 3316 rebus
446 3249 545 3318 nobis
560 3251 613 3317 vel
635 3248 678 3316 ad
702 3249 833 3316 nostris
857 3248 1000 3318 heredes
1023 3249 1203 3318 defensent
1224 3269 1301 3317 cum
1323 3250 1397 3318 vice
1422 3251 1464 3318 da
1488 3252 1544 3319 via
1567 3251 1696 3319 suada
1719 3253 1830 3319 omnis
1853 3253 2031 3340 homines;
2047 3257 2082 3321 et

184 3383 188 3390 ¹
221 3403 348 3471 amodo
362 3405 397 3471 et
414 3422 518 3488 usque
535 3402 652 3471 decem
670 3403 754 3469 anni
771 3403 933 3488 completi
949 3422 1013 3472 nos
1028 3405 1196 3470 nominati
1213 3405 1366 3471 sollictus
1383 3406 1416 3472 et
1433 3406 1525 3472 maio
1542 3407 1596 3474 vol
1612 3405 1740 3472 nostris
1763 3404 1948 3474 heredibus
1971 3409 2085 3490 paste-

223 3573 346 3624 nemus
361 3557 438 3640 ipsa
455 3557 551 3623 terra
566 3554 659 3621 infra
674 3555 751 3638 ipse
765 3553 920 3638 predicte
936 3555 1028 3635 finis',
1048 3575 1112 3641 que
1127 3560 1180 3624 est
1196 3575 1342 3626 vacuam
1358 3555 1404 3622 da
1419 3558 1497 3641 ipsa
1520 3556 1653 3622 rebolta
1669 3556 1706 3621 in
1729 3573 1844 3640 super,
1871 3574 1979 3640 usque
2003 3555 2085 3624 dum

222 3711 282 3775 uhi
300 3711 478 3793 complunt
494 3708 538 3806 ad
555 3709 666 3792 ipsum
684 3707 921 3792 supradictum
940 3711 1166 3778 castanietum
1190 3710 1257 3794 ipsi
1283 3709 1431 3794 predicti
1458 3707 1653 3792 nonaginta
1675 3709 1781 3792 passi,
1801 3707 1843 3775 de
1866 3709 1983 3774 subter
2007 3713 2088 3775 sunt

221 3861 372 3929 latitudo
388 3860 429 3928 de
444 3863 521 3945 ipsa
536 3863 633 3928 terra
649 3878 760 3927 vacua
776 3861 871 3945 passi
887 3861 1147 3946 trigintaocto:
1167 3879 1188 3927 a
1205 3879 1287 3946 pars
1304 3858 1447 3927 orientis
1463 3859 1634 3944 quomodo
1648 3860 1731 3926 salit
1753 3878 1859 3944 usque
1883 3820 1926 3926 ad
1951 3859 2020 3926 fine
2043 3858 2104 3956 de⁸

223 4012 370 4084 heredes
393 4012 541 4098 predicti
566 4012 722 4091 adelferi,
742 4013 823 4083 sunt
844 4011 927 4079 inde
949 4014 1043 4098 passi
1068 4013 1256 4098 sexaginta
1278 4031 1353 4089 sex,
1380 4012 1578 4078 revolvente
1600 4027 1663 4092 per
1687 4010 1765 4092 ipsa
1786 4009 1856 4075 fine
1878 4007 1921 4074 de
1944 4009 2087 4076 heredes

223 4165 336 4248 ipsius
352 4165 497 4234 adelseri
516 4167 552 4234 in
568 4185 649 4252 pars
666 4167 852 4236 occidentis
867 4166 961 4251 passi
978 4163 1283 4250 quadtuordecim;
1301 4164 1426 4230 iterum
1443 4162 1643 4228 revolvente
1658 4178 1720 4245 per
1745 4159 1822 4244 ipsa
1845 4158 1914 4225 fine
1929 4157 1971 4226 de
1987 4161 2086 4225 here·

222 4319 286 4386 des
301 4321 412 4405 ipsius
428 4320 573 4388 adelferi
589 4320 626 4387 in
641 4321 800 4405 partibus
823 4318 967 4387 meridie
990 4319 1071 4384 sunt
1088 4315 1169 4384 inde
1192 4315 1383 4400 supradicti
1408 4314 1500 4399 passi
1522 4313 1650 4398 viginti
1674 4313 1861 4398 quadtuor:
1880 4311 1922 4380 de
1938 4331 2042 4396 super
2066 4331 2088 4378 a

222 4491 309 4557 pars
325 4473 471 4541 meridie
486 4474 556 4540 fine
571 4475 682 4558 ipsum
699 4473 894 4559 predictum
912 4471 1139 4540 castanietum
1155 4471 1264 4555 ipsius
1280 4467 1448 4536 hecclesie
1472 4467 1582 4535 sancti
1605 4466 1764 4543 maximi,
1782 4466 1864 4532 sunt
1887 4463 1969 4530 inde
1992 4466 2085 4548 passi

222 4627 377 4711 triginta
390 4627 475 4696 tres,
494 4629 579 4711 ipsa
589 4627 791 4711 supradicta
807 4629 903 4694 terra
919 4643 1031 4692 vacua
1045 4643 1109 4692 nos
1124 4625 1158 4690 et
1173 4622 1301 4691 nostris
1317 4620 1502 4688 heredibus
1526 4636 1584 4686 eos
1607 4620 1785 4724 teneamus
1801 4621 1835 4686 et
1857 4616 2086 4696 dominamus,

224 4782 263 4845 et
278 4781 499 4863 pastenemus
514 4780 656 4845 arbores
671 4779 705 4846 et
720 4777 812 4856 vitis,
831 4779 865 4844 et
882 4778 1051 4844 faciamus
1067 4777 1195 4843 ibidem
1211 4775 1388 4859 pastinum
1406 4773 1534 4838 bonum
1549 4770 1692 4848 cultum,
1711 4771 1746 4836 et
1761 4771 1895 4836 surium
1912 4771 1947 4836 et
1969 4787 2090 4854 opera-

226 4933 314 5008 tum,
333 4931 421 4997 sicut
439 4931 535 4997 locus
549 4929 624 5014 ipse
640 4929 808 4996 meruerit
824 4929 859 4995 et
873 4928 916 4995 de
933 4931 1047 4995 tantos
1063 4945 1174 4994 annos
1190 4927 1307 5002 fuerit,
1324 4925 1359 4992 et
1373 4922 1484 4991 licead
1500 4939 1563 4988 nos
1579 4923 1613 4988 et
1624 4920 1754 4988 nostris
1765 4919 1951 4988 heredibus
1963 4919 2089 4987 ibidem

224 5081 266 5146 in
282 5081 353 5145 tota
367 5079 445 5164 ipsa
466 5077 666 5164 supradicta
681 5077 835 5146 clusuria
851 5077 948 5144 fobee
964 5079 998 5143 et
1014 5093 1131 5142 omnes
1154 5076 1293 5142 nostras
1315 5072 1480 5140 utilitates
1503 5071 1616 5137 facere
1639 5071 1673 5136 et
1696 5067 1824 5136 ibidem
1847 5066 2038 5151 habitaret3
2055 5069 2090 5132 et

227 5233 354 5301 amodo
371 5235 406 5300 et
422 5251 531 5318 usque
547 5232 615 5316 ipsi
632 5232 781 5317 predicti
797 5232 914 5300 decem
931 5226 1014 5298 anni
1030 5230 1072 5296 de
1087 5232 1255 5315 quantum
1271 5228 1391 5296 vinum
1407 5227 1444 5293 in
1461 5225 1573 5310 ipsum
1590 5223 1763 5307 pastinum
1780 5219 1975 5296 fecerimus,
1990 5237 2091 5303 quem

226 5383 276 5448 ibi
294 5385 493 5451 abuerimus
509 5385 739 5468 pastenatum,
759 5385 868 5450 totum
887 5385 922 5450 et
938 5382 1095 5449 inclitum
1113 5379 1191 5447 illos
1205 5379 1306 5446 nobis
1323 5379 1512 5445 habeamus
1528 5377 1562 5441 et
1576 5373 1742 5439 faciamus
1757 5370 1884 5437 exinde
1907 5369 2025 5437 omnia
2048 5368 2091 5437 de

230 5538 311 5621 ipso
326 5535 481 5622 frugium
498 5555 562 5622 que
576 5537 676 5604 nobis
691 5536 874 5622 placuerit,
893 5538 928 5603 et
951 5534 994 5602 de
1016 5553 1117 5619 quem
1140 5534 1179 5601 in
1202 5533 1317 5618 ipsum
1342 5531 1559 5616 pastoratum
1582 5523 1869 5592 seminaverimus
1892 5541 2000 5607 usque
2024 5523 2093 5606 ipsi

233 5687 353 5756 decem
369 5689 452 5755 anni
470 5689 644 5774 completi,
659 5687 779 5757 demus
794 5687 922 5756 exinde
936 5687 974 5755 in
989 5703 1070 5771 pars
1087 5685 1198 5772 ipsius
1214 5683 1382 5751 hecclesie
1396 5679 1596 5748 terraticum
1612 5675 2091 5768 secundumconsuetudinem

229 5841 343 5926 ipsius
373 5819 469 5922 roci‘s,
489 5846 524 5910 et
538 5844 652 5928 ipsum
668 5841 905 5926 supradictum
929 5841 1158 5926 arbustatum,
1177 5855 1281 5923 quam
1305 5835 1397 5902 infra
1419 5834 1494 5918 ipse
1516 5828 1713 5916 supradicte
1737 5829 1817 5897 finis
1840 5829 1903 5906 est,
1923 5831 2031 5894 totum
2056 5829 2090 5894 et
