5252 7102
959 607 1326 686 diplomaticus
1957 634 2018 696 317

208 868 276 934 per
292 867 356 917 nos
372 849 452 918 illut
466 851 521 918 vel
537 850 665 919 exindo
680 851 797 919 datum
816 854 877 920 aut
892 853 1160 939 obligatumseu
1177 856 1435 939 manifestatum
1453 859 1621 944 paruerit,
1636 845 1670 926 61
1681 859 1739 943 qui
1753 878 1817 946 pro
1833 863 1951 934 nostra
1967 867 2071 948 parte

210 1003 247 1069 in
264 1021 348 1087 pars
364 1000 475 1087 ipsius
491 1005 637 1092 ecclesie
653 1005 734 1072 inde
750 1007 907 1074 emiserit
920 992 983 1074 'aut'
997 1009 1217 1094 preposuerit
1232 1010 1468 1097 quodcumque
1484 1013 1651 1080 causatio.
1671 1015 1705 1081 et
1721 1013 1757 1082 Si
1785 1010 1899 1086 taliter
1927 1035 1984 1084 eos
2000 1034 2069 1084 non

206 1154 515 1236 defensaberimus,
534 1161 595 1225 aut
619 1159 650 1228 si
676 1178 739 1244 per
762 1162 1008 1247 qualecumque
1031 1164 1168 1231 ratione
1190 1163 1233 1232 de
1249 1167 1417 1250 potestate
1432 1166 1586 1251 predicte
1609 1168 1758 1240 ecclesie¹
1777 1167 1856 1235 illut
1871 1172 1926 1237 vel
1942 1169 2068 1238 exinde

209 1312 337 1378 tollere
353 1313 413 1378 aut
428 1317 593 1380 contrare
609 1313 851 1399 quesierimus,
869 1317 923 1383 vel
940 1317 1054 1401 alique
1069 1317 1285 1386 causationes
1301 1320 1427 1387 exinde
1451 1321 1733 1405 proposuerimus
1749 1321 1792 1388 ad
1810 1343 1894 1408 pars
1916 1323 2070 1408 predicte

208 1465 369 1542 ecclesie,
397 1483 604 1550 componere
627 1468 946 1553 obligabimusnos
969 1472 1003 1538 61
1025 1471 1154 1538 nostris
1176 1471 1336 1540 eredibus
1350 1471 1392 1539 ad
1409 1472 1477 1558 ipsi
1500 1471 1694 1544 sacerdotes
1717 1443 1970 1562 quinquaginta
1992 1480 2067 1545 auri

206 1616 338 1684 solidos
355 1617 601 1695 constantines,
620 1621 655 1686 et
669 1636 708 1685 ec
725 1619 927 1704 supradicta
942 1623 1061 1688 nostra
1076 1623 1259 1690 offertione
1284 1624 1387 1690 firma
1412 1624 1645 1709 permanead,
1665 1629 1699 1692 et
1714 1627 1847 1711 questio
1863 1633 1897 1694 et
1913 1616 2068 1696 causatio

206 1775 333 1837 nostra
347 1771 418 1838 sint
434 1772 562 1840 exinde
577 1773 686 1840 tacita
702 1777 736 1840 61
753 1775 875 1841 bacua.
896 1779 1147 1855 verumtamen,
1167 1777 1197 1844 si
1214 1779 1415 1864 supradicta
1426 1782 1546 1846 nostra
1561 1779 1741 1874 offertione
1752 1781 2066 1867 quomodocumque

208 1925 409 1990 substracta
425 1925 530 1991 suerit
558 1926 602 1994 de
628 1928 798 2011 potestate
829 1927 986 2012 predicte
1011 1891 1391 2015 ecclesie,p0testatem
1417 1933 1579 2000 abeamus
1606 1950 1669 2000 nos
1695 1935 1729 1999 et
1755 1934 1885 2000 nostris
1908 1934 2068 2002 eredibus

206 2039 338 2144 exinde
354 2097 499 2146 causare
515 2082 645 2164 absque
673 2084 764 2148 omni
791 2083 941 2150 colludio
957 2086 992 2153 et
1009 2083 1052 2151 ad
1076 2089 1198 2152 nostra
1221 2088 1420 2171 potestatem
1446 2089 1523 2154 illos
1547 2087 1723 2167 reducere,
1742 2089 1914 2157 etiterum
1933 2089 1968 2156 in
1993 2089 2068 2174 ipsa

203 2231 356 2298 ecclesia
372 2235 558 2312 rebertere,
586 2235 680 2301 omni
708 2237 864 2320 tempore
891 2237 1162 2320 permanendum
1181 2241 1217 2304 in
1233 2239 1309 2323 ipsa
1325 2239 1467 2306 ecclesia
1493 2238 1529 2304 in
1557 2239 1719 2306 iamdicta
1745 2232 1888 2307 ratio'ne.
1916 2260 2018 2326 quarn
2036 2244 2069 2308 tc

206 2382 363 2451 ademari
381 2387 556 2452 notarium
574 2389 724 2455 scribere
740 2357 953 2474 rogabimus.
971 2392 1111 2457 hactum
1129 2393 1276 2460 salerno.

262 2509 292 2624 †
307 2557 371 2622 ego
388 2540 448 2622 qui
463 2557 571 2624 supra
586 2541 679 2608 wido

262 2663 291 2776 †
307 2709 372 2775 ego
388 2691 595 2776 guaiferius.

916 3201 1345 3281 CCCCXXXIX.

993 3455 1049 3524 A.
1087 3448 1138 3524 D.
1176 3447 1275 3526 991.

260 3707 349 3846 †ln
365 3759 504 3826 nomine
520 3758 653 3828 domini
670 3762 791 3826 octabo
808 3777 900 3826 anno
917 3759 1134 3845 principatus
1149 3759 1265 3826 domni
1279 3761 1389 3828 nostri
1406 3761 1548 3828 iohanni
1560 3765 1595 3829 et
1610 3762 1711 3830 tertio
1733 3777 1824 3830 anno
1847 3763 2065 3849 principatus

196 3909 318 3978 domni
335 3910 510 3996 guaimari
527 3912 604 3980 eius
621 3913 696 3979 tilio
714 3912 861 3996 gloriosi
880 3911 1112 3996 principibus,
1131 3932 1248 3980 mense
1265 3911 1380 3980 iunius
1405 3915 1530 3997 quarta
1556 3913 1757 3981 indictione.
1776 3915 1812 3980 in
1828 3915 2063 3983 sacratissimo

198 4063 416 4132 salernitano
432 4066 563 4150 palatio
580 4069 662 4132 anto
678 4064 881 4149 supradicta
898 4067 1055 4148 gloriosa
1071 4069 1253 4150 potestate,
1272 4067 1307 4132 et
1321 4065 1436 4148 ibique
1460 4067 1540 4132 ante
1556 4065 1630 4132 eius
1647 4065 1803 4150 vestigiis
1818 4039 1973 4136 astarent
1995 4086 2063 4152 ego

199 4221 322 4301 petrus
337 4218 456 4298 iudex,
477 4219 635 4288 causabit
650 4219 892 4286 constantinus
910 4219 1111 4286 atrianense
1126 4220 1220 4287 filius
1235 4219 1359 4286 sellicti
1376 4222 1410 4286 61
1426 4221 1478 4286 166
1493 4179 1663 4303 presbiter
1686 4218 1778 4286 filius
1801 4220 1895 4304 sergi
1911 4219 2063 4289 dicentes

197 4373 242 4450 ei,
262 4377 299 4441 ut
316 4375 392 4458 ipse
407 4375 459 4440 leo
475 4374 646 4458 presbiter
663 4378 698 4442 et
721 4374 899 4442 ominibus
923 4373 999 4442 eius
1022 4375 1113 4440 malo
1138 4373 1261 4440 ordine
1277 4378 1311 4441 et
1327 4374 1402 4442 sine
1419 4373 1555 4440 ratione
1571 4373 1747 4441 introisset
1762 4375 1865 4440 rebus
1882 4373 1992 4459 ipsius
2009 4391 2064 4440 co-

196 4523 347 4591 stantini
364 4524 406 4592 de
423 4527 536 4591 locum
553 4526 723 4593 lirno‘illa
739 4528 840 4610 parte
857 4525 932 4610 ipso
948 4524 1052 4590 dubio
1068 4525 1160 4591 lirno
1176 4523 1305 4590 finibus
1328 4524 1567 4602 salernitanis,
1586 4526 1621 4590 et
1643 4525 1769 4591 fobeas·
1784 4525 1831 4591 ibi
1856 4525 2003 4604 lecisset,
2029 4529 2064 4592 et

195 4676 351 4744 frudium
370 4678 450 4745 inde
465 4678 601 4745 tulisset
615 4681 650 4744 et
664 4681 769 4746 rebus
793 4679 869 4763 ipsa
884 4679 916 4745 ei
935 4681 1138 4745 coutrasset.
1166 4677 1242 4762 ipse
1258 4678 1311 4744 leo
1327 4677 1498 4760 presbiter
1522 4675 1703 4760 respondit
1725 4675 1923 4755 dicendum,
1943 4673 2059 4761 plure's

198 4829 303 4896 rebus
318 4833 438 4896 tenere
453 4829 490 4895 in
506 4829 623 4898 eodem
640 4830 727 4908 loco,
747 4833 799 4897 set
813 4830 946 4898 nescire
963 4828 1053 4896 unde
1069 4847 1147 4897 curn
1164 4847 1241 4897 eum
1267 4829 1427 4915 causabi3
1446 4826 1536 4898 unde
1552 4827 1644 4894 inter
1667 4825 1718 4894 cis
1741 4827 1893 4894 iudicabi
1909 4830 1943 4896 et
1957 4825 2062 4894 utris-

203 4996 271 5062 que
288 4979 359 5046 illis
376 4979 546 5063 guadiare
562 4980 641 5059 feci,
661 4984 699 5046 ut
713 4981 845 5065 pariter
872 4998 976 5064 super
1003 4982 1105 5046 rebus
1121 4979 1197 5064 ipsa
1213 4997 1363 5063 pergere
1385 4997 1463 5044 cum
1489 4976 1598 5046 iudice
1620 4965 1655 5046 et
1677 4979 1827 5058 notario,
1853 4981 1888 5046 et
1909 4979 1984 5062 ipse
2006 4996 2063 5043 co-

201 5131 378 5198 stantinus
393 5135 605 5200 monstraret
620 5131 729 5217 ipsius
746 5133 837 5200 leoni
855 5132 1041 5216 presbiteri
1056 5130 1147 5198 uude
1164 5149 1240 5197 cum
1257 5127 1334 5198 euru
1348 5129 1501 5197 causabit
1516 5129 1559 5196 de
1574 5131 1676 5214 quale
1691 5130 1807 5207 rebus,
1822 5131 1856 5195 et
1871 5147 1932 5212 per
1944 5130 2063 5212 partes

204 5287 358 5370 plicaret
380 5305 509 5356 secum
526 5288 597 5355 suis
614 5288 805 5355 rationibus
821 5295 856 5355 61
871 5286 1057 5382 secundum
1074 5289 1186 5371 legem
1211 5287 1303 5352 inter
1320 5307 1356 5354 66
1372 5284 1500 5352 exinde
1524 5284 1626 5350 finem
1651 5283 1778 5350 facere.
1796 5281 1886 5349 unde
1909 5283 1982 5366 ipse
2009 5300 2065 5348 co-

203 5441 382 5509 stantinus
398 5443 515 5526 posuit
529 5442 736 5511 mediatores
748 5449 853 5510 'ursus
869 5444 1071 5510 atrianense
1085 5441 1178 5509 tilius
1194 5441 1298 5519 leoni,
1318 5444 1353 5507 et
1369 5441 1444 5525 ipse
1460 5440 1514 5506 leo
1530 5438 1701 5522 presbiter
1717 5436 1833 5521 posuit
1858 5434 2067 5504 mediatores

204 5594 297 5661 salco
313 5595 487 5680 presbiter
502 5595 595 5662 filius
610 5595 759 5662 maraldi
775 5596 975 5680 presbiteri.
993 5597 1028 5664 et
1043 5596 1161 5662 taliter
1177 5613 1242 5678 pro
1259 5597 1361 5678 parte
1377 5591 1488 5676 ipsius
1509 5590 1693 5658 costantini
1721 5590 1787 5656 hoc
1813 5589 1963 5657 scribere
1986 5589 2067 5658 feci-

209 5749 338 5812 musto
355 5751 474 5831 petrus
490 5747 647 5815 notarius
664 5746 721 5832 qui
739 5745 940 5816 interfuisti.

263 5868 375 5986 †ego
391 5902 448 5987 qui
467 5920 574 5986 supra
591 5906 711 5988 petrus
729 5902 845 5970 iudex.
