5216 7092
955 567 1323 644 DlPLOMfiTlCUS
1406 635 1412 646 .

997 1019 1270 1100 CCCLXI.

961 1250 1046 1342 'A.
1084 1264 1134 1343 D.
1174 1261 1278 1342 983.

275 1529 484 1664 †fihartula
498 1578 602 1645 firma
616 1575 810 1645 securitatis
826 1579 932 1660 atque
946 1573 1176 1643 diffinitionis.
1192 1590 1213 1639 a
1228 1591 1283 1640 me
1299 1573 1435 1659 sergius
1446 1573 1539 1641 filius
1554 1574 1727 1661 quondam
1743 1577 1875 1643 stefano
1887 1578 2065 1646 calendola

206 1749 226 1796 a
243 1729 401 1816 presenti
416 1729 472 1796 die
487 1727 712 1814 prontissima
727 1727 904 1794 voluntate
919 1724 1187 1794 deliveravimus
1205 1726 1308 1810 atque
1331 1727 1365 1793 et
1388 1726 1425 1792 in
1448 1725 1619 1809 presentis
1642 1725 1868 1797 diffinivimus
1890 1729 2064 1798 vobiscum

206 1882 333 1950 domno
350 1881 471 1967 lupino
486 1881 559 1948 filio
575 1879 747 1966 quondam
763 1880 925 1949 mauroni
942 1879 1078 1946 comitis
1092 1879 1134 1947 de
1150 1881 1360 1963 pantaleone
1376 1878 1500 1948 comite
1515 1880 1559 1949 de
1574 1880 1816 1961 causationem,
1834 1899 1936 1966 quarn
1952 1882 2064 1950 vobis-

205 2051 286 2098 cum
304 2033 490 2100 habuimus
506 2031 550 2099 de
566 2031 684 2098 omnia
699 2031 792 2115 ipsas
808 2030 1018 2100 hereditates
1034 2030 1122 2115 quod
1139 2031 1271 2101 havetis
1286 2033 1324 2099 in
1341 2033 1440 2120 sonti3
1458 2031 1603 2100 dicendo
1625 2049 1647 2098 a
1669 2035 1769 2117 parte
1782 2035 1911 2112 nostra,
1927 2035 2010 2118 quia
2028 2034 2065 2100 in

205 2185 328 2250 omnia
343 2183 454 2268 ipsam
469 2181 709 2261 hereditatem,
724 2179 813 2267 quod
829 2179 866 2246 in
882 2180 969 2247 sonti
983 2181 1129 2260 havetis,
1145 2184 1308 2249 havemus
1324 2179 1449 2251 ividem
1464 2182 1576 2266 ipsam
1593 2182 1787 2266 portionem
1803 2183 2006 2249 nostramet
2023 2181 2065 2252 de

208 2334 408 2401 niciforium
427 2351 634 2420 germanum
650 2337 805 2402 nostrum
823 2336 969 2412 tantum,
988 2337 1155 2420 quantum
1172 2335 1272 2404 nobis
1286 2333 1412 2404 exinde
1428 2353 1491 2419 per
1508 2335 1701 2402 chartulam
1716 2334 1912 2402 donationis
1926 2334 2067 2403 donavit

211 2489 247 2551 et
263 2485 362 2553 dedit
379 2487 485 2553 michi
500 2489 535 2554 et
550 2487 587 2554 at
602 2486 875 2571 suprascriptum
899 2485 1098 2552 niciforium
1123 2505 1329 2570 germanum
1352 2488 1508 2554 nostrum
1532 2485 1659 2553 domno
1675 2504 1756 2553 urso
1771 2487 1821 2553 tio
1848 2490 1967 2554 nostro
1992 2487 2066 2555 filio

210 2635 334 2720 lupino
350 2636 392 2704 de
407 2638 542 2723 hereni3
561 2639 595 2704 et
609 2653 670 2704 vos
685 2635 830 2704 dicendo
847 2639 985 2721 aparte
1002 2638 1117 2706 vestra
1132 2655 1251 2704 verum
1269 2635 1397 2717 dicitis,
1415 2636 1498 2721 quia
1513 2639 1772 2722 suprascriptus
1794 2655 1896 2706 ursus
1919 2639 1988 2706 tius
2010 2656 2067 2706 ve-

205 2789 280 2854 ster
297 2787 430 2855 dimisit
447 2788 696 2856 nobistantum
711 2790 755 2857 de
771 2791 882 2874 ipsam
898 2789 1090 2874 portionem
1106 2809 1215 2868 suam,
1235 2791 1401 2875 quantum
1426 2791 1538 2874 ipsam
1555 2792 1750 2859 chartulam
1774 2795 1886 2860 vestre
1909 2791 2067 2860 donatio-

135 3015 138 3019 ,
207 2942 262 3006 nis
283 2942 490 3027 proclamal3
507 2943 560 3008 set
582 2941 686 3008 finem
711 2942 834 3008 saltam
858 2939 985 3008 exinde
1008 2942 1181 3008 vobiscum
1205 2943 1383 3020 navemus,
1402 2941 1622 3011 medietatem
1648 2943 1747 3010 nohis
1769 2942 1896 3010 exinde
1919 2943 2067 3012 firmasti

204 3111 267 3177 per
287 3095 484 3162 chartulam
503 3093 591 3180 quod
606 3112 669 3164 nos
683 3096 850 3162 havemus
866 3096 927 3172 sic,
946 3096 1034 3162 sicut
1048 3096 1124 3181 ipsa
1138 3097 1300 3163 chartula
1321 3097 1442 3162 nostra
1464 3114 1528 3180 per
1552 3094 1707 3162 ordinem
1730 3095 1862 3180 scripta
1884 3099 1948 3182 est;
1966 3098 2001 3162 et
2023 3096 2066 3163 de

208 3245 291 3329 ipsa
305 3247 477 3331 reliquam
495 3247 724 3326 medietatem,
742 3249 799 3332 qui
816 3249 912 3317 vobis
928 3247 1055 3316 exinde
1070 3249 1238 3318 remansit
1254 3249 1436 3335 postquam
1452 3248 1530 3332 ipsa
1540 3247 1698 3314 chartula
1708 3249 1827 3315 nostra
1838 3246 1967 3313 fecistis
1979 3247 2064 3313 scri--

207 3412 301 3472 vere,
321 3394 466 3462 fecimus
489 3395 616 3464 exinde
633 3393 753 3481 postea
776 3398 880 3465 finem
905 3397 1080 3464 vobiscum
1104 3399 1185 3467 ante
1206 3399 1365 3465 homines
1388 3399 1506 3476 bonos,
1525 3399 1563 3463 ut
1584 3395 1669 3465 dare
1691 3397 1787 3464 vobis
1809 3396 1852 3464 (16
1878 3397 1953 3482 ipse
1974 3399 2073 3502 terre

211 3565 322 3615 vacue
338 3547 463 3616 ividem
481 3551 519 3615 in
535 3550 621 3616 sonti
637 3549 681 3616 de
697 3551 933 3635 suprascripta
947 3554 1048 3634 parte
1063 3553 1173 3618 saneti
1191 3552 1284 3618 felici
1301 3570 1365 3636 per
1382 3551 1635 3618 nominatibum
1652 3566 1758 3633 supra
1773 3549 1886 3633 ipsum
1904 3567 2068 3634 quercum

208 3701 347 3767 maiore
363 3704 399 3767 at
414 3701 490 3787 ipsa
504 3703 609 3781 lama,
627 3700 717 3768 idest
732 3703 826 3787 passi
844 3705 1035 3771 cammisali
1053 3703 1288 3788 quadraginta
1303 3704 1346 3771 de
1362 3702 1617 3788 longitudinem
1639 3705 1675 3770 et
1689 3703 1782 3788 passi
1805 3703 1998 3770 cammisali
2020 3704 2071 3770 vi-

204 3854 300 3936 ginti
318 3852 363 3920 de
379 3835 595 3921 latitudinem
601 3876 611 3940 ;
629 3858 663 3921 et
678 3855 816 3939 quando
832 3872 910 3922 eam
926 3855 1082 3939 incipere
1099 3857 1137 3922 at
1150 3854 1392 3940 scippandum‚
1411 3853 1496 3922 dare
1510 3853 1607 3922 vobis
1618 3852 1685 3921 tari
1697 3856 1872 3940 quattuor3
1886 3856 1921 3922 et
1932 3853 2069 3938 quando

204 4003 341 4072 ividem
358 4021 499 4072 armare
517 4005 664 4082 vineam,
683 4005 812 4072 iterum
828 4004 913 4072 dare
930 4003 1027 4072 nohis
1043 3991 1130 4072 alios
1144 4005 1214 4071 tari
1230 4006 1406 4090 quattuor3
1423 4006 1458 4072 et
1481 4003 1618 4088 quando
1634 4003 1703 4071 ista
1724 4003 1830 4070 finem
1846 4003 2000 4083 lecimus,
2019 4003 2070 4071 sic

205 4159 306 4226 stetit
324 4159 417 4226 inter
433 4160 545 4237 nobis,
564 4163 603 4226 ut
619 4177 728 4243 neque
743 4157 786 4226 de
802 4161 913 4244 ipsam
930 4160 1125 4244 portionem
1141 4159 1295 4226 vestram
1310 4165 1370 4226 aut
1385 4158 1428 4228 de
1443 4147 1636 4244 predictum
1653 4155 1851 4222 niciforium
1868 4174 2069 4240 germanum

207 4315 366 4378 vestrum
385 4315 464 4396 plus
480 4313 618 4398 aliquod
635 4330 705 4380 non
722 4330 868 4398 querere
882 4311 927 4379 de
942 4317 1015 4379 tota
1031 4313 1239 4398 pertinentia
1260 4312 1304 4380 de
1326 4314 1425 4380 fonti.
1452 4311 1576 4379 iterum
1601 4309 1746 4377 dicendo
1768 4327 1791 4376 a
1812 4312 1913 4394 parte
1934 4311 2065 4390 nostra,

205 4463 302 4530 absit
318 4465 386 4530 hoc
400 4465 435 4532 et
448 4467 578 4532 veritas
593 4483 664 4531 non
681 4466 745 4543 est,
763 4465 803 4530 ut
817 4463 859 4530 de
875 4465 987 4548 ipsam
1005 4465 1201 4548 portionem
1218 4463 1260 4534 de
1272 4463 1470 4531 niciforium
1483 4479 1689 4548 germanum
1701 4463 1857 4528 nostrum
1871 4463 2070 4530 fecissemus

203 4615 329 4694 finem,
347 4619 402 4684 set
419 4619 551 4684 lantum
567 4618 611 4684 de
625 4619 737 4702 ipsam
756 4618 953 4702 portionem
969 4635 1082 4684 meam
1099 4619 1243 4686 fecimus
1258 4620 1327 4686 ista
1338 4618 1613 4703 suprascriptam
1624 4618 1740 4695 finem,
1755 4634 1856 4703 quem
1869 4633 1929 4684 vos
1939 4615 2067 4694 dicitis,

201 4770 290 4852 qula
306 4769 421 4853 ipsam
437 4770 632 4854 portionem
646 4769 689 4838 de
705 4770 900 4856 predictum
927 4771 1127 4838 niciforium
1151 4789 1214 4855 per
1238 4771 1486 4839 absolutionem
1510 4773 1660 4838 vestram
1683 4771 1804 4854 postea
1826 4770 2026 4855 comparavi
2049 4788 2071 4837 a

201 4923 305 4990 leone
322 4907 496 4990 monacho
513 4925 585 4992 filio
600 4941 676 5012 suo;
701 4925 826 4993 iterum
850 4924 1046 5003 dicendae
1068 4927 1169 5010 parte
1193 4927 1309 4992 vestra
1331 4942 1451 4993 verum
1474 4923 1601 5004 dicitis,
1620 4923 1701 5010 quia
1728 4942 1791 5008 per
1814 4922 2065 4991 absolutionem

198 5078 362 5142 nostram
381 5095 459 5146 eam
474 5078 695 5162 comparasti,
710 5093 775 5162 pro
786 5094 827 5143 eo
839 5075 928 5161 quod
940 5077 1041 5144 nobis
1054 5077 1180 5144 exinde
1195 5078 1339 5161 obligati
1355 5077 1462 5155 luisti,
1477 5078 1513 5143 et
1525 5075 1662 5162 quando
1674 5094 1751 5144 eam
1764 5075 2002 5159 comparastis,
2017 5073 2066 5140 sic

199 5229 306 5296 stetit
323 5230 417 5296 inter
433 5230 544 5308 nohis,
564 5233 603 5297 ut
618 5230 661 5298 de
678 5233 742 5298 hec
757 5231 875 5298 omnia
891 5233 928 5299 in
945 5231 1058 5317 ipsum
1075 5231 1348 5316 suprascriptum
1365 5231 1531 5316 placitum
1552 5233 1671 5300 staret.
1688 5229 1785 5298 Unde
1807 5229 1898 5296 inter
1919 5245 1983 5294 nos
2006 5227 2067 5292 ha·

201 5378 348 5448 huimus
364 5381 610 5452 altercationes
625 5385 763 5462 multas,
782 5386 818 5450 et
832 5383 931 5451 nobis
947 5380 1194 5452 altercantibus
1209 5385 1348 5470 placuit,
1367 5384 1493 5451 ivimus
1509 5380 1637 5449 exinde
1651 5383 1688 5448 at
1702 5378 1867 5446 iudicium
1893 5381 1974 5446 ante
1989 5396 2067 5462 pre-

198 5531 319 5598 sentia
336 5531 457 5598 domni
477 5536 655 5603 mansonis
671 5535 816 5620 gloriosi
831 5535 927 5624 ducis
943 5539 977 5603 et
992 5537 1185 5621 imperialis
1201 5539 1340 5623 patricii
1364 5539 1400 5604 et
1421 5535 1587 5621 principi,
1605 5535 1639 5603 et
1660 5532 1779 5600 domni
1803 5531 1967 5600 iohannis
1990 5533 2065 5616 glo-

198 5683 290 5749 riosi
307 5681 408 5750 ducis
425 5686 459 5750 et
474 5685 627 5771 principi
642 5687 706 5754 filii
723 5687 807 5768 eiua,
826 5691 860 5756 et
876 5707 939 5774 per
955 5706 1075 5757 eorum
1094 5707 1171 5758 ores
1187 5691 1382 5774 recepimus
1398 5689 1531 5756 rectum
1555 5685 1733 5767 iudicium,
1750 5688 1788 5752 ut
1803 5685 1833 5754 si
1849 5701 1910 5752 vos
1932 5704 1952 5751 a
1967 5686 2067 5769 parte

199 5835 327 5902 vestra
342 5837 527 5919 potueritis
543 5839 670 5907 havere
685 5837 753 5906 duo
767 5839 977 5920 testimonia,
1004 5841 1062 5925 qui
1082 5840 1181 5908 nohis
1204 5839 1331 5908 exinde
1352 5839 1469 5908 iurare
1492 5841 1527 5906 et
1548 5838 1724 5906 firmarem
1749 5837 1840 5904 inter
1867 5855 1930 5904 nos
1955 5835 2065 5919 ipsam
