5216 7092
617 554 678 616 196
1291 532 1456 607 cobux
1499 533 1732 606 CAVENSIS

571 782 729 850 inclitum
746 799 804 848 eos
819 781 1017 847 lavoremus
1032 779 1067 845 61
1082 777 1249 845 cultemus
1264 774 1306 841 de
1321 793 1426 861 super
1441 775 1531 846 etde
1543 777 1660 844 subter
1675 776 1747 844 suis
1763 778 1986 863 temporibus,
2001 780 2040 844 ut
2053 781 2139 846 bene
2153 781 2267 866 paread
2278 785 2390 853 lavora-

569 933 694 1000 tumet
710 931 890 1009 6111161616,
907 928 1015 998 etubi
1033 927 1199 995 meruerit
1220 928 1364 995 arbores
1387 930 1423 996 et
1445 928 1534 996 viles
1557 946 1616 995 eos
1640 929 1838 1013 plantemus
1860 931 1895 996 61
1918 929 2199 1014 propaginemus,
2216 932 2296 1000 sicut
2313 937 2390 1006 locus

569 1087 643 1170 ipse
658 1083 838 1162 meruerit,
858 1080 952 1151 etde
967 1101 1066 1167 quem
1090 1081 1126 1148 in
1153 1082 1231 1166 ipso
1258 1082 1475 1150 arbustatum
1502 1079 1798 1151 seminaverimus.
1824 1098 1960 1148 omnem
1981 1099 2111 1150 annum
2133 1081 2245 1152 demus
2267 1086 2304 1153 ad
2326 1107 2390 1172 pars

568 1235 678 1323 ipsius
694 1234 865 1306 1166616616
881 1233 1008 1302 exinde
1023 1231 1225 1302 terraticum
1242 1232 1430 1301 secundum
1454 1231 1736 1301 consuetudinem
1759 1231 1869 1318 ipsius
1891 1233 1988 1311 locis,
2003 1235 2039 1300 61
2060 1232 2182 1300 616616
2193 1235 2228 1301 in
2238 1237 2390 1306 6616666-

568 1406 648 1456 6616
663 1405 795 1456 666616
810 1404 917 1472 usque
931 1383 998 1470 ipsi
1014 1383 1162 1469 predicti
1177 1382 1295 1452 decem
1311 1384 1395 1452 anni
1412 1384 1572 1469 completi
1591 1383 1634 1451 de
1657 1383 1826 1470 quantum
1841 1382 1961 1449 ninum
1984 1383 2021 1451 16
2045 1384 2121 1468 1666
2144 1387 2336 1455 arbustatum
2354 1393 2379 1458 1,

568 1540 730 1618 serimus,
748 1541 858 1606 totum
875 1536 1573 1620 611661116616661116116161666666616
1590 1533 1634 1603 ad
1647 1537 1861 1621 pulmentum
1885 1553 1949 1620 per
1965 1535 2114 1604 medium
2131 1536 2310 1610 dividamus
2328 1561 2391 1610 cum

568 1713 652 1781 6616
667 1695 776 1779 166166
791 1693 978 1761 hecclesie:
993 1709 1075 1776 pars
1091 1690 1202 1775 ipsius
1218 1689 1386 1758 hecclesie
1402 1691 1525 1758 tollant
1540 1689 1582 1757 de
1598 1689 1673 1774 ipso
1696 1689 1815 1757 vinum
1839 1689 2067 1792 medietatem,
2086 1695 2121 1759 61
2142 1709 2205 1760 666
2225 1694 2393 1763 1616661116

450 1893 451 1896 η
567 1845 754 1914 heredibus
768 1845 931 1912 tollamus
947 1840 1074 1910 exinde
1090 1840 1323 1909 medietatem.
1343 1842 1377 1908 61
1391 1840 1437 1908 da
1452 1840 1653 1925 1661166616
1668 1839 1751 1906 anni
1766 1840 1929 1925 completi
1944 1841 1981 1906 16
2002 1844 2117 1920 66166,
2136 1840 2180 1909 16
2194 1845 2341 1926 quantum
2355 1846 2393 1910 vi·

568 2016 653 2064 num
677 1999 714 2063 in
731 1997 845 2081 ipsum
861 1994 1035 2080 pastinum
1051 1993 1244 2074 fecerimus
1263 2009 1327 2059 uos
1343 1994 1456 2058 aulem
1472 1993 1528 2058 vel
1542 1991 1672 2058 nostris
1693 1989 1877 2059 heredibus
1893 1991 2019 2060 exinde
2034 1991 2077 2060 de
2092 1993 2102 2058 i
2105 2009 2169 2077 pso
2185 1993 2294 2059 vinum
2315 1995 2393 2061 tolla-

568 2168 645 2216 mus
659 2148 787 2215 duobus
798 2146 1022 2224 sortionibus,
1036 2147 1071 2213 et
1082 2163 1166 2229 pars
1178 2145 1349 2229 prephate
1360 2144 1529 2210 hecclesie
1546 2144 1673 2210 tollant
1683 2142 1812 2211 exinde
1825 2160 1926 2213 omne
1940 2161 2068 2210 annum
2079 2143 2122 2211 de
2136 2120 2211 2229 ipso
2222 2145 2328 2212 vinum
2342 2147 2403 2212 161--

566 2299 653 2366 11616
671 2299 820 2383 6611616;
840 2298 873 2364 61
888 2296 932 2363 16
947 2297 1023 2381 1666
1039 2296 1240 2363 terraticum
1258 2313 1358 2378 quem
1375 2293 1502 2362 ibidem
1527 2294 1632 2361 fuerit
1647 2291 1690 2360 de
1713 2292 1788 2378 ipso
1810 2293 1996 2378 pastinum,
2015 2310 2116 2361 omne
2139 2311 2262 2360 annum
2281 2292 2321 2361 16
2343 2296 2396 2380 ipsi

567 2421 686 2518 decem
704 2449 787 2516 anni
804 2448 967 2532 completi
984 2447 1020 2514 in
1036 2451 1142 2515 antea
1157 2427 1320 2515 similiter
1336 2445 1456 2514 demus
1472 2446 1514 2513 ad
1539 2464 1623 2530 pars
1646 2446 1754 2530 ipsius
1770 2445 1944 2514 hecclesie
1966 2446 2103 2512 tertiam
2127 2447 2268 2530 partem,
2284 2450 2316 2514 et
2335 2446 2395 2531 ipso

568 2599 726 2684 predicto
748 2600 866 2666 vinum
883 2616 984 2684 quem
1003 2597 1046 2664 ad
1063 2615 1146 2683 pars
1161 2595 1322 2664 iamdicte
1338 2598 1504 2666 1166616616
1521 2595 1726 2664 hevenerint
1741 2595 1785 2663 de
1807 2596 1884 2680 ipsa
1905 2594 2107 2680 supradicta
2129 2599 2238 2676 rebus,
2255 2600 2350 2666 totum
2368 2603 2394 2666 61

567 2751 725 2817 inclitum
741 2748 822 2817 illud
835 2767 898 2816 nos
910 2751 1087 2833 portemus
1103 2747 1145 2814 ad
1162 2748 1230 2833 ipsi
1245 2749 1370 2832 parieti
1386 2747 1429 2814 de
1447 2747 1677 2816 nucerianum
1694 2764 1814 2814 carros
1829 2747 1864 2815 et
1879 2746 1981 2815 robes
1996 2750 2031 2813 61
2046 2764 2204 2833 organea
2218 2749 2335 2825 nostra,
2349 2749 2395 2814 ubi

565 2901 752 2970 habuerint
767 2919 922 2986 organea
937 2919 999 2968 sua
1014 2901 1165 2985 reposita
1181 2899 1224 2967 ad
1242 2901 1318 2985 ipso
1333 2873 1452 2967 vinum
1468 2899 1721 2986 recipiendum,
1736 2901 1771 2970 et
1785 2917 1848 2967 nos
1864 2902 1916 2968 vel
1932 2901 2061 2968 nostris
2073 2902 2220 2969 heredes
2230 2901 2395 2996 conciemus

565 3072 667 3120 omne
683 3072 813 3120 annum
830 3052 874 3120 ad
891 3070 1027 3120 omnem
1045 3055 1201 3120 nostrum
1218 3051 1373 3120 ordinem
1390 3057 1424 3120 61
1440 3053 1650 3138 expendium
1673 3053 1751 3137 ipsa
1766 3069 1921 3136 organea
1936 3069 2055 3118 eorum
2074 3052 2117 3118 ad
2134 3053 2211 3138 ipso
2232 3053 2334 3120 vinum
2354 3071 2397 3118 re

563 3205 774 3290 cipiendum,
792 3203 882 3288 quod
899 3206 952 3271 661
965 3205 1154 3275 6611166661
1170 3203 1325 3287 predicte
1341 3204 1530 3290 hecclesie3
1549 3204 1628 3272 etsi
1652 3205 1745 3271 16116
1768 3205 1844 3288 1666
1867 3202 2025 3288 predicta
2047 3206 2152 3272 rebus
2177 3205 2249 3290 ipso
2268 3201 2397 3290 predicto

565 3355 683 3423 vinum
700 3356 875 3423 voluerint
889 3372 1058 3440 reponere
1074 3355 1111 3420 in
1128 3373 1191 3421 sua
1208 3371 1362 3439 organea
1375 3354 1412 3420 in
1435 3355 1511 3440 ipsa
1534 3354 1746 3423 habitatione
1768 3356 1898 3432 nostra,
1916 3373 1979 3422 nos
2004 3357 2119 3422 autem
2136 3357 2191 3423 vel
2214 3354 2330 3423 nostris
2348 3355 2396 3419 he

566 3465 706 3574 redibus
728 3508 803 3591 ipso
819 3507 938 3574 vinum
953 3524 1072 3574 eorum
1089 3509 1222 3574 salbum
1239 3509 1406 3576 faciamus
1433 3511 1560 3594 absque
1587 3507 1859 3594 degeneratione
1883 3509 1919 3576 et
1942 3507 1986 3576 de
2007 3511 2140 3594 ignem,
2166 3509 2270 3576 donec
2293 3504 2397 3575 exindo

566 3657 654 3724 illud
675 3659 814 3736 tollant,
833 3660 867 3726 61
889 3659 1001 3742 1666111
1017 3629 1167 3726 16166166
1191 3676 1318 3738 eorum,
1337 3678 1439 3744 quem
1463 3660 1510 3726 ibi
1526 3659 1697 3728 direxerit
1713 3659 1756 3727 ad
1773 3662 1848 3746 1666
1864 3660 1982 3728 vinum
1999 3661 2234 3762 recipiendum
2248 3675 2398 3726 6166666-

564 3827 661 3887 num,
683 3773 746 3876 nos
762 3809 858 3876 illum
883 3808 1078 3876 nutriamus
1094 3809 1137 3877 de
1152 3810 1272 3876 nostra
1293 3809 1443 3878 vivenda
1464 3809 1654 3878 secundum
1669 3811 1824 3880 nostram
1842 3811 2116 3896 possivilitatem,
2135 3812 2218 3879 dum
2233 3810 2353 3880 steterit
2365 3806 2399 3875 61

563 3961 642 4045 1666
656 3961 845 4049 vindemia3
864 3962 942 4028 etsi
961 3961 1122 4028 forsitans
1137 3979 1201 4028 666
1218 3963 1272 4029 161
1288 3961 1416 4030 6661116
1432 3961 1575 4031 11616166
1589 3964 1776 4042 hominem,
1796 3981 1896 4048 quem
1911 3962 2041 4031 ibidem
2057 3965 2253 4032 miserimus
2267 3961 2305 4030 ad
2320 3959 2400 4026 habi-

563 4110 719 4188 tandum,
745 4109 789 4177 de
812 4111 1010 4196 principatu
1034 4111 1247 4178 salernitano
1272 4113 1400 4190 exierit
1422 4113 1529 4180 aliubi
1555 4112 1599 4180 ad
1622 4113 1868 4193 habitandum,
1893 4115 2056 4183 similiter
2078 4116 2183 4183 rebus
2206 4117 2279 4199 1666
2300 4109 2399 4178 inclita

563 4263 723 4329 rebcrtas
747 4262 1147 4350 61666-6666166661
1170 4265 1199 4330 si
1224 4263 1316 4331 infra
1339 4265 1510 4350 quadtuor
1534 4267 1619 4333 anni
1642 4267 1774 4334 rebersi
1798 4267 1966 4336 fuerimus
1989 4265 2191 4335 abitandum
2214 4260 2400 4346 161166116-

495 4379 502 4400 ’
565 4415 717 4500 61661616
741 4413 965 4492 salernitano,
993 4415 1116 4481 inclita
1137 4413 1241 4482 rebus
1264 4415 1353 4500 ipsa,
1379 4416 1490 4524 qualis
1513 4416 1583 4484 illis
1605 4416 1727 4486 diebus
1750 4417 1866 4498 fuerit,
1884 4419 2088 4504 perveniant
2111 4419 2158 4486 ad
2181 4417 2400 4504 potestatem

451 4551 453 4558 ’
566 4565 661 4640 6116,
687 4561 882 4629 habendum
905 4561 999 4629 omni
1022 4567 1178 4648 ternpore
1201 4564 1238 4631 in
1262 4565 1503 4649 suprascripta
1525 4566 1674 4633 ratione.
1701 4565 1795 4642 Quod
1830 4569 1861 4634 si
1889 4568 2006 4637 taliter
2035 4569 2109 4636 etc:
2140 4567 2205 4640 oar
2224 4568 2327 4650 66616
2348 4576 2402 4625 ort

565 4717 687 4792 sainct,
713 4717 847 4782 1666166
869 4731 1068 4796 cormponere
1091 4717 1340 4802 quinquaqinta
1362 4733 1486 4784 cuneos
1508 4717 1633 4786 solidos
1647 4719 1949 4788 constantinianus.
1970 4718 2061 4788 6116
2076 4669 2154 4805 ipsa
2176 4733 2293 4805 pomas
2320 4727 2404 4799 quem

565 4866 602 4933 in
626 4867 702 4951 ipsa
724 4866 880 4950 predicta
903 4867 1006 4970 rebus
1029 4868 1367 4948 1161661161,166166
1391 4869 1470 4938 inde
1493 4888 1610 4938 eorum
1635 4889 1736 4940 omne
1751 4890 1882 4939 annum
1899 4871 2128 4950 medietatem,
2148 4875 2184 4940 61
2199 4867 2364 4938 licentiam
2377 4863 2404 4928 61

562 5021 767 5102 potestatem
791 5020 979 5086 habeamus
1003 5035 1066 5086 nos
1089 5023 1124 5086 et
1146 5022 1274 5090 nostris
1298 5022 1443 5091 heredes
1466 5025 1540 5091 tota
1556 5023 1632 5108 ipsa
1648 5023 1848 5108 supradicta
1864 5026 1967 5093 rebus
1985 5024 2126 5093 cludere
2141 5041 2206 5109 per
2223 5017 2403 5107 supradicte

567 5167 648 5237 finis
663 5171 698 5238 et
713 5168 898 5237 mensuriis
915 5167 959 5235 ad
975 5170 1088 5237 forcas
1104 5169 1195 5237 etad
1214 5173 1337 5240 assari.

622 5295 732 5408 1666
748 5321 849 5406 guiso
865 5323 1023 5388 notarius
1039 5321 1181 5389 interlui
1198 5325 1233 5390 et
1248 5325 1340 5392 hunc
1356 5323 1493 5393 brebem
1509 5327 1633 5412 scripsi

621 5444 650 5556 †
664 5489 730 5557 ego
745 5473 804 5557 qui
820 5441 928 5556 supra
943 5472 1112 5542 martinus
1128 5475 1299 5559 presbiter
1313 5478 1347 5546 et
1362 5480 1450 5546 abba

620 5595 649 5708 †
665 5641 729 5708 ego
747 5624 804 5708 qui
821 5642 924 5726 supra
941 5627 1089 5693 romoalt

620 5748 649 5858 †
663 5791 728 5859 ego
742 5773 951 5843 benedictus
