5252 7102
855 647 859 656 ¹
947 637 1321 712 DIPLOMATIGUS
1947 651 2006 714 961

202 889 235 952 et
248 884 324 966 ipsa
341 879 439 966 pecia
455 880 498 948 de
513 883 610 948 terra
624 879 718 946 infra
732 878 970 966 suprascripte
985 878 1065 946 linis
1090 881 1125 946 et
1140 879 1326 959 mensurie,
1344 880 1499 949 rebertar
1522 879 1567 948 ad
1590 881 1725 948 nostras
1748 881 1953 966 potestatem
1977 899 2055 948 cum

206 1032 387 1102 medietate
402 1031 445 1099 de
460 1032 537 1116 ipso
551 1031 779 1101 castanietum
795 1030 837 1100 de
852 1032 1016 1116 quantum
1035 1047 1094 1099 vos
1108 1031 1301 1109 tenueritis,
1319 1033 1354 1098 et
1368 1023 1430 1100 vos
1443 1033 1576 1101 abeatis
1598 1031 1675 1118 ipsa
1697 1034 1856 1118 quartam
1878 1033 1924 1102 de
1944 1034 2055 1101 totum

193 1188 277 1270 ipso
294 1183 527 1252 castanietum
544 1199 632 1267 erga
646 1183 716 1250 fine
731 1180 774 1248 de
790 1179 866 1266 ipsa
880 1179 979 1265 pecia
994 1151 1036 1248 de
1051 1183 1159 1259 terra,
1179 1179 1260 1248 dum
1284 1181 1333 1248 ibi
1355 1181 1580 1251 abitaberitis.
1599 1181 1643 1250 ad
1668 1182 1828 1267 completi
1852 1183 1964 1250 autem
1989 1183 2057 1268 ipsi

205 1337 278 1402 octo
294 1333 377 1401 anni
395 1334 468 1418 ipse
482 1332 699 1400 (temnendus
715 1335 750 1400 et
765 1333 898 1400 omines
914 1331 1065 1417 quodibi
1082 1330 1126 1398 ad
1142 1331 1366 1400 laborandum
1383 1333 1552 1412 miserint,
1571 1334 1606 1400 et
1619 1333 1756 1400 illarum
1773 1332 1916 1401 heredes
1931 1335 2057 1402 abeant

207 1490 240 1554 in
255 1485 332 1571 ipsa
347 1491 442 1554 terra
457 1504 519 1570 per
535 1486 772 1569 suprascripte
787 1483 868 1552 finis
883 1485 917 1552 et
932 1485 1118 1563 mensurie,
1133 1483 1222 1551 etde
1238 1486 1403 1569 quantum
1420 1484 1680 1569 pastenaberint
1695 1484 1738 1552 de
1749 1485 1825 1569 ipsa
1838 1486 1932 1552 terra
1945 1487 2056 1552 bacua

206 1639 333 1706 aloras
348 1639 426 1722 ipsa
445 1635 631 1716 mensurni,
649 1637 788 1703 tertiam
811 1638 946 1720 partem
971 1635 1012 1704 de
1035 1638 1211 1704 arbustum
1237 1636 1281 1703 de
1304 1637 1394 1703 bono
1418 1637 1549 1716 bitinia,
1568 1639 1602 1704 et
1623 1639 1653 1704 si
1677 1636 1788 1718 pomis
1810 1641 1845 1704 et
1865 1636 1932 1704 due
1953 1635 2056 1707 sortis

204 1787 448 1857 abellanietum
464 1789 590 1854 sactum
607 1789 641 1856 et
656 1791 835 1873 operatum
851 1785 894 1855 de
909 1804 1013 1870 super
1028 1787 1063 1854 et
1077 1785 1120 1854 de
1135 1789 1250 1854 subter
1267 1789 1302 1854 et
1316 1789 1496 1866 cultatum,
1514 1788 1604 1856 sieut
1617 1789 1712 1866 locus
1728 1787 1803 1872 ipse
1817 1789 1852 1856 et
1874 1787 1917 1855 de
1939 1789 2055 1858 tantos

202 1961 308 2011 anuos
324 1942 525 2020 meruerint,
543 1943 578 2008 et
592 1943 750 2028 clusum;
774 1943 810 2008 et
832 1941 902 2008 iam
920 1939 956 2007 in
972 1942 1072 2009 antea
1087 1941 1182 2009 omni
1204 1945 1360 2028 tempore
1376 1943 1445 2010 illis
1460 1943 1581 2028 suique
1603 1898 1764 2010 eredibus
1778 1961 1836 2010 eos
1859 1942 1946 2009 actis
1968 1944 2055 2010 tem-

206 2091 344 2176 poribus
359 2090 438 2157 dum
455 2089 639 2168 boluerint,
658 2107 717 2156 eos
732 2107 793 2156 sue
809 2087 988 2174 potestatis
1003 2091 1122 2157 tenere
1136 2091 1171 2157 et
1185 2088 1364 2156 dominare
1378 2093 1413 2157 et
1428 2108 1486 2156 sue
1508 2089 1669 2159 utilitatis
1691 2091 1740 2156 ibi
1751 2091 1927 2170 iacerent,
1945 2092 1981 2158 et
1996 2109 2054 2160 eos

203 2245 403 2314 laborarent
418 2242 459 2308 de
474 2260 578 2326 super
593 2244 628 2308 et
642 2241 685 2308 de
699 2243 827 2320 subter,
845 2243 880 2307 et
894 2231 1037 2317 cultare,
1055 2241 1089 2307 et
1103 2239 1251 2318 cludere,
1269 2245 1304 2307 et
1319 2239 1480 2325 bigilare,
1498 2245 1533 2308 et
1548 2243 1682 2309 salbum
1701 2241 1816 2311 facere
1839 2241 2054 2309 rationabili·

204 2399 264 2474 ter,
279 2396 315 2463 et
331 2393 381 2462 sic
396 2411 454 2461 eos
471 2393 642 2472 laborare,
656 2395 695 2459 ut
710 2393 895 2477 proficiant
917 2395 952 2460 et
967 2409 1035 2468 non
1051 2392 1251 2476 dispereant
1264 2395 1299 2459 et
1313 2393 1379 2460 loci
1396 2391 1486 2460 illius
1501 2395 1554 2460 est
1567 2391 1790 2478 consuetud03
1806 2394 1841 2458 et
1855 2389 2054 2459 annualiter

204 2545 332 2611 saciant
346 2561 410 2610 nos
424 2535 479 2610 vel
495 2543 650 2628 partibus
664 2543 776 2627 ipsius
792 2542 936 2612 ecclesie
951 2541 1054 2620 scire,
1072 2544 1111 2608 ut
1127 2540 1317 2626 dirigamus
1341 2542 1389 2608 ibi
1405 2542 1531 2610 missus
1555 2545 1682 2620 noster,
1701 2543 1736 2609 et
1752 2543 1822 2609 illis
1845 2545 1955 2608 totum
1979 2544 2053 2627 ipso

204 2697 374 2762 arbustum
389 2713 451 2778 per
466 2695 623 2776 tempore
638 2691 894 2760 rationabiliter
911 2692 1135 2770 bindemiare,
1153 2695 1188 2760 'et
1211 2691 1287 2778 ipso
1309 2693 1427 2792 binum
1445 2693 1560 2778 ibique
1576 2693 1619 2760 ad
1635 2695 1847 2777 palmentum
1870 2711 1949 2758 cum
1972 2691 2054 2760 mis-

204 2865 257 2913 sus
271 2844 388 2911 noster
404 2842 567 2911 dibidere:
586 2842 656 2910 illis
672 2844 794 2910 tollere
810 2841 890 2910 inde
905 2842 971 2910 due
987 2841 1091 2910 sortis
1113 2845 1148 2909 et
1169 2859 1232 2910 nos
1254 2843 1394 2910 tertiam
1418 2845 1575 2930 partem3
1592 2844 1670 2929 ipsa
1692 2843 1829 2912 tertiam
1852 2845 1987 2928 partem
2010 2842 2053 2910 de

204 2995 274 3078 ipso
289 2995 408 3060 binum
424 3011 486 3063 nos
501 2993 619 3062 demus
633 3011 753 3062 eorum
769 2995 851 3061 illuc
868 3011 1025 3079 organea
1039 2993 1085 3060 da
1101 2992 1230 3073 binum,
1245 2997 1279 3062 et
1294 2994 1365 3063 illis
1381 3013 1440 3063 eos
1457 2995 1616 3064 conoiare
1633 2997 1724 3062 bona
1738 2997 1773 3062 et
1786 3011 1959 3080 reponere
1969 2995 2052 3062 illuc

204 3147 237 3212 in
252 3165 333 3214 casa
347 3164 422 3226 sua,
441 3149 475 3215 et
489 3101 660 3232 reponere
676 3148 875 3215 annualiter
891 3146 967 3233 ipsa
981 3149 1135 3217 sortione
1151 3148 1194 3215 de
1209 3149 1285 3233 ipso
1300 3149 1420 3215 binum
1444 3149 1554 3233 ipsius
1576 3149 1720 3216 ecclesie
1742 3150 1778 3215 et
1799 3146 1930 3216 iaciant
1952 3147 2050 3215 illum

203 3300 346 3375 salbum,
364 3299 447 3365 dum
469 3316 527 3368 eos
550 3298 631 3365 inde
647 3298 791 3366 tulerint
813 3317 918 3384 asque
941 3298 1209 3384 degeneratione
1231 3301 1266 3366 et
1288 3298 1371 3384 igne
1394 3301 1429 3366 et
1451 3317 1590 3366 mures:
1616 3298 1691 3383 ipso
1713 3299 1956 3367 abellanietum
1980 3299 2053 3366 suis

204 3452 415 3534 temporibus
430 3450 594 3536 colligere
609 3454 644 3518 et
660 3453 802 3519 seclrare
825 3455 859 3520 et
874 3451 1012 3520 tertiam
1036 3455 1171 3537 partem
1195 3451 1277 3520 inde
1301 3454 1345 3520 ad
1361 3471 1442 3537 pars
1464 3453 1574 3537 ipsius
1596 3452 1741 3520 ecclesie
1756 3451 1850 3530 dare,
1868 3451 1934 3520 due
1949 3452 2053 3518 sortis

204 3599 278 3668 inde
294 3567 416 3668 tollere
431 3602 513 3668 illis:
531 3601 656 3669 missus
672 3601 779 3686 ipsius
794 3601 1044 3679 ecclesiarium
1059 3620 1123 3687 pro
1139 3603 1217 3687 ipsa
1229 3600 1405 3670 bindemia
1420 3601 1548 3668 ibidem
1562 3601 1734 3680 steterint,
1749 3599 1818 3668 illis
1833 3619 1908 3668 eum
1921 3601 2055 3698 nutrire

204 3752 386 3820 secundum
400 3772 498 3820 suam
511 3753 739 3838 possibilitate
753 3757 788 3822 et
803 3754 877 3822 eius
893 3756 1022 3822 fuerint
1038 3773 1211 3823 mensura.
1227 3758 1364 3822 tantum
1381 3755 1427 3822 da
1442 3755 1603 3839 completi
1620 3751 1688 3838 ipsi
1703 3755 1780 3820 octo
1794 3753 1876 3820 anni
1889 3753 2051 3831 inantea,

203 3905 301 3986 quale
317 3906 472 3989 tempore
488 3905 564 3989 ipsa
579 3924 635 3973 res
651 3907 769 3973 tenere
784 3905 971 3983 noluerint,
990 3908 1050 3971 aut
1072 3905 1102 3972 si
1118 3905 1160 3972 de
1180 3905 1398 3990 principatus
1420 3905 1633 3972 salernitano
1656 3904 1818 3981 exierint,
1836 3902 1955 3970 inclita
1978 3903 2056 3987 ipsa

204 4072 256 4122 res
270 4057 477 4139 perbeniant
492 4056 529 4122 in
545 4057 621 4140 ipsa
636 4056 790 4134 ecclesia,
808 4036 837 4125 si
853 4054 937 4124 illud
953 4057 1114 4123 laborare
1129 4056 1305 4124 noluerint
1319 4054 1355 4122 in
1371 4053 1609 4141 suprascripta
1623 4053 1768 4121 ratione:
1786 4057 1903 4138 sceptu
1917 4041 1949 4120 si
1960 4054 2056 4121 inira

204 4201 312 4272 tribus
330 4204 411 4272 anni
434 4206 467 4270 ic
484 4207 615 4273 rebersi
631 4207 760 4274 fuerint
775 4206 818 4273 ad
835 4209 1025 4274 abitantum
1043 4207 1095 4273 illi
1112 4208 1167 4273 vel
1183 4225 1302 4275 eorum
1317 4205 1447 4286 eredes,
1465 4207 1541 4290 ipso
1557 4207 1737 4273 arbustum
1761 4223 1837 4270 oum
1861 4205 1937 4288 ipso
1962 4206 2055 4274 abel-

206 4353 367 4420 lanietum
384 4354 591 4439 perbeniant
605 4355 648 4423 ad
665 4373 785 4425 eorum
800 4358 1005 4442 potestatem
1020 4357 1063 4423 ad
1081 4356 1264 4425 tenendum
1282 4359 1318 4422 in
1333 4357 1571 4442 suprascripta
1585 4357 1732 4423 ratione.
1746 4354 1843 4424 Unde
1858 4371 1922 4440 pro
1939 4353 2055 4423 taliter

206 4520 266 4584 per
281 4506 373 4571 bona
388 4505 630 4573 convenientia
643 4507 761 4576 wadia
776 4507 852 4592 ipse
866 4507 1081 4575 damnandus
1098 4507 1185 4573 mihi
1200 4511 1234 4575 et
1256 4507 1364 4592 ipsius
1378 4506 1510 4574 waiferi
1529 4506 1625 4574 dedit
1647 4509 1682 4573 et
1705 4505 1932 4572 mediatorem
1956 4506 2056 4574 nobis

205 4655 315 4737 posuit
330 4659 410 4742 gari
427 4657 470 4725 de
483 4653 603 4727 'eodem
619 4661 694 4726 loco
709 4663 870 4726 muntoru
885 4639 978 4728 filius
994 4661 1084 4728 idem
1107 4659 1200 4746 gari;
1220 4663 1254 4728 et
1269 4674 1330 4744 per
1346 4660 1464 4728 eadem
1479 4659 1598 4728 wadia
1613 4659 1783 4744 obligavit
1806 4678 1844 4761 se
1867 4663 1902 4726 et
1925 4658 2057 4726 omines

203 4803 260 4886 qui
274 4804 322 4871 ibi
339 4806 508 4885 miserint,
523 4809 558 4875 et
568 4809 707 4904 illorum
720 4808 852 4888 eredes,
866 4812 904 4876 ut
915 4811 945 4876 si
959 4809 1094 4894 aliquit,
1110 4809 1153 4878 de
1165 4810 1333 4895 quomodo
1345 4810 1504 4894 superius
1516 4808 1659 4895 legitur,
1674 4809 1864 4895 quesierint
1880 4813 2057 4882 remobere

206 4957 264 5021 aut
280 4962 441 5026 contrane
457 4961 493 5027 et
507 4962 595 5027 talia
610 4960 697 5027 mihi
713 4964 748 5028 et
764 4961 921 5046 partibus
937 4963 1047 5046 ipsius
1069 4962 1212 5032 ecclesie
1227 4965 1260 5030 et
1276 4982 1316 5030 ac
1339 4980 1541 5032 succesores
1563 4981 1659 5032 meos
1681 4981 1752 5031 non
1776 4964 2053 5050 adimpleberint,

206 5104 284 5172 tunc
307 5127 369 5192 per
393 5111 483 5176 bona
506 5111 758 5180 cumvenientia
781 5131 843 5197 per
869 5114 949 5198 ipsa
971 5112 1087 5180 wadia
1109 5131 1316 5199 componere
1340 5113 1509 5198 obligavit
1530 5132 1568 5181 se
1590 5133 1718 5198 suoque
1742 5113 1844 5182 erede
1867 5116 1902 5180 et
1924 5114 2057 5180 omi-nes

203 5258 292 5339 quod
317 5259 368 5327 illi
392 5260 440 5326 ibi
463 5261 633 5342 miserint,
651 5266 686 5330 et
707 5281 787 5332 suos
808 5264 929 5334 eredes
952 5263 1038 5331 mihi
1063 5265 1200 5351 meique
1222 5267 1465 5335 succesoribus
1487 5268 1522 5336 et
1544 5265 1581 5332 in
1604 5263 1762 5349 partibus
1785 5262 1893 5348 ipsius
1916 5262 2057 5332 ecclesie

206 5412 347 5477 centum
370 5414 447 5480 auri
470 5415 601 5482 solidos.
622 5418 852 5498 costantinos,
878 5421 1004 5486 etune
1028 5421 1164 5489 brebem
1193 5421 1318 5505 scripsi
1345 5419 1412 5505 ego
1435 5416 1615 5486 mirandus
1637 5415 1794 5484 notarius
1817 5415 1877 5502 qui
1900 5416 2054 5486 interfui.

261 5533 291 5645 †
315 5580 381 5647 ego
404 5566 523 5647 petrus

261 5686 292 5799 †
315 5732 383 5799 ego
405 5717 594 5786 maraldus.

265 5867 296 5929 A
320 5868 416 5950 terpo
439 5867 538 5935 baius
560 5872 779 5941 menuae
797 5875 955 5958 tepenter
977 5877 1149 5959 sequeutia
1170 5876 1285 5952 verbu,
1309 5890 1397 5956 qaue
1418 5874 1614 5954 scripturae
1639 5871 1675 5935 X
1691 5873 1819 5940 saecuti
1841 5875 2062 5942 characteres
