5216 7092
980 513 1355 622 oi'ruouurioos
1799 521 1807 530 “
1985 567 2046 629 oo
2104 613 2107 618 ,

240 790 369 857 militer
394 790 464 857 fine
487 791 596 875 ipsius
619 793 735 880 nostre
752 791 930 868 liecclesie
950 791 984 856 et
1001 788 1079 858 inde
1095 795 1176 857 silut
1202 791 1320 877 passos
1338 794 1464 878 biginti
1482 812 1567 862 sex:
1595 796 1666 862 alia
1691 813 1774 880 pars
1797 795 1865 863 tlne
1887 795 1982 879 polu,
2008 794 2098 863 unde
2127 752 2128 756 Ἰ

241 942 296 1008 bia
311 943 363 1010 est
379 942 614 1027 coniungento
630 943 669 1010 iu
683 941 886 1026 supradicta
901 941 1019 1027 priore
1036 941 1104 1021 bia,
1120 947 1200 1011 sunt
1216 943 1296 1012 inde
1312 964 1432 1030 passos
1449 947 1644 1031 octuaginta
1659 945 1843 1031 quadtuor,
1858 949 1966 1014 totum
1983 945 2025 1014 ad
2037 945 2094 1020 ,iu-

238 1099 292 1164 sto
308 1113 448 1179 passum
474 1096 607 1162 homini
632 1099 878 1164 mensuratum.
905 1098 970 1162 heo
994 1089 1074 1164 vero
1097 1115 1152 1164 res
1175 1097 1266 1164 inira
1288 1101 1525 1184 suprascripte
1548 1101 1628 1167 finis
1650 1101 1685 1167 et
1707 1100 1882 1168 mensurio
1905 1101 1976 1166 tota
1991 1103 2025 1168 et
2041 1102 2093 1170 in·
2117 1057 2122 1066 Ι

235 1249 316 1316 clita
350 1266 458 1332 usque
482 1249 548 1334 ipsi
572 1247 748 1319 duodecim
774 1252 858 1318 anni
882 1253 1041 1318 tenerent
1064 1253 1098 1319 et
1125 1270 1183 1319 eos
1206 1251 1383 1320 eluderent
1405 1252 1494 1320 sicut
1517 1253 1692 1331 meruerit,
1711 1255 1747 1320 et
1769 1254 1848 1322 illut
1870 1256 2092 1338 pastenarent

237 1404 413 1469 arbustum
438 1403 481 1471 de
503 1423 594 1472 vona
618 1405 745 1474 bitineo
769 1405 857 1473 sicut
880 1407 1073 1492 meruerit3
1098 1409 1134 1473 et
1156 1409 1323 1491 quantum
1347 1408 1465 1501 binum
1489 1408 1523 1475 et
1547 1408 1664 1491 fruges
1685 1406 1807 1475 amodo
1830 1408 1864 1476 et
1887 1425 1993 1492 usque
2016 1407 2091 1492 ipso

232 1556 454 1622 constitutum
479 1555 558 1625 inde
581 1557 720 1637 exierit,
746 1561 855 1625 totum
880 1559 958 1626 illut
980 1555 1043 1627 sibi
1069 1562 1222 1629 aberent:
1248 1563 1383 1628 tantum
1407 1561 1449 1630 de
1471 1560 1664 1639 medietate,
1683 1560 1772 1647 quod
1796 1561 1923 1630 ibidem
1940 1562 2092 1630 semina-

230 1705 328 1784 berit,
349 1705 475 1774 darent
491 1706 617 1776 exinde
633 1709 832 1776 annualiter
850 1709 892 1776 ad
911 1727 995 1792 pars
1013 1710 1123 1793 ipsius
1141 1711 1311 1778 hecclesie
1327 1711 1530 1778 terraticum
1548 1711 1734 1778 secundum
1751 1691 2030 1779 consuetudinem
2047 1711 2089 1781 de

231 1857 305 1940 ipso
323 1857 447 1924 locum.
475 1857 519 1924 ad
543 1857 704 1944 completi
729 1861 795 1943 ipsi
813 1859 993 1927 duodecim
1017 1862 1098 1954 anni
1123 1861 1201 1928 illis·
1216 1863 1329 1930 autern
1353 1839 1474 1946 suique
1498 1860 1682 1930 heredibus
1706 1832 1831 1928 abeant
1853 1863 1891 1954 in
1915 1864 1987 1930 tota
2010 1863 2087 1946 ipsa

230 2015 325 2079 terra
340 2030 403 2096 per
418 1995 497 2096 ipsa
512 2015 686 2082 mensoria
703 2017 920 2098 pastenatum
938 2019 1115 2082 arvustum
1132 2017 1308 2082 etinctum
1325 2018 1359 2083 et
1374 1991 1565 2100 operatum,
1584 2017 1619 2084 et
1641 2017 1832 2083 laboratum
1849 2019 1883 2084 et
1905 2019 2084 2096 collatum,

228 2168 316 2234 sicut
331 2168 427 2234 locus
444 2167 519 2252 ipse
542 2169 709 2237 meruerit
723 2168 765 2237 de
780 2187 884 2253 super
902 2168 994 2236 etde
1011 2170 1126 2236 subter
1142 2171 1179 2235 ut
1196 2170 1283 2236 bene
1298 2169 1424 2254 paread
1442 2171 1569 2236 sactum
1584 2171 1619 2236 et
1640 2171 1836 2244 laboratum
1852 2191 1862 2256 ;
1887 2171 1922 2238 et
1944 2170 1988 2238 da
2014 2172 2082 2255 ipsi

228 2320 404 2388 duodecim
421 2321 504 2387 anni
522 2321 559 2387 in
576 2329 682 2390 antea
698 2323 792 2388 omni
811 2325 966 2407 tempore
982 2323 1052 2390 illis
1068 2323 1189 2408 suique
1211 2323 1407 2402 heredibus
1425 2322 1505 2390 dum
1524 2324 1673 2391 voluerit
1693 2326 1869 2409 totumque
1885 2342 1949 2409 per
1964 2343 2087 2409 sopra-

228 2474 321 2540 dicta
335 2473 512 2541 mensoria
527 2474 606 2542 illos
622 2476 797 2552 tenerent,
816 2476 851 2540 et
865 2473 1063 2540 annualiter
1080 2447 1294 2558 temporibus
1309 2472 1380 2542 suis
1395 2475 1506 2540 totum
1522 2474 1636 2558 ipsum
1659 2476 1835 2541 arvustom
1859 2474 1901 2548 do
1923 2494 2027 2560 super
2051 2479 2084 2545 et

228 2624 270 2692 de
287 2627 403 2693 subter
419 2627 622 2694 devorarent
647 2629 682 2693 et
696 2629 879 2705 cultarent,
899 2627 988 2694 siout
1003 2627 1167 2694 meruerit
1188 2629 1228 2693 ut
1241 2645 1329 2694 uene
1343 2626 1474 2712 paread
1491 2629 1665 2694 laboratus
1680 2629 1715 2694 et
1736 2629 1861 2707 salbos
1881 2629 1978 2695 illum
1995 2628 2085 2696 face-

223 2779 313 2847 rent.
329 2781 373 2847 ot
388 2797 449 2864 per
465 2778 639 2846 bindemie
654 2778 766 2845 saciad
782 2779 873 2846 scire
891 2797 974 2862 pars
990 2777 1097 2863 ipsius
1113 2779 1291 2858 hecclesie,
1307 2780 1345 2844 ut
1359 2777 1485 2847 ibidem
1502 2778 1696 2862 dirigamus
1711 2778 1850 2845 missum
1867 2783 2035 2859 nostrum,
2050 2785 2085 2847 et

224 2936 333 2999 totum
350 2933 463 3017 ipsum
478 2933 657 3002 arbustum
674 2932 928 2999 bindemiarent
945 2933 980 2998 et
995 2949 1098 3016 poma
1114 2931 1241 2998 exinde
1256 2931 1463 3015 colligerent
1479 2931 1569 2998 sicut
1596 2931 1773 3008 meruerit,
1793 2934 1828 2997 et
1844 2941 2009 3016 quantum
2033 2935 2085 3000 bi-

223 3104 308 3152 num
325 3084 405 3152 inde
422 3085 550 3153 exierit
565 3087 601 3152 et
615 3103 717 3169 poma
732 3067 937 3151 collexerint
953 3083 1067 3168 ibique
1083 3081 1126 3150 ad
1143 3085 1370 3168 pulmentum,
1388 3081 1582 3150 dividerent
1604 3081 1641 3147 in
1655 3083 1794 3149 tertiam
1811 3086 1944 3166 partem
1961 3105 1969 3148 :
1999 3103 2082 3168 pars

223 3237 343 3304 nostre
358 3237 527 3303 hecclesie
542 3234 648 3303 tollad
666 3233 746 3304 inde
761 3253 832 3301 una
847 3236 940 3302 sorte
956 3237 991 3300 et
1006 3234 1077 3302 illis
1093 3231 1171 3314 dhe,
1191 3237 1226 3301 et
1241 3253 1304 3302 nos
1320 3229 1441 3302 demus
1466 3252 1586 3302 eorum
1614 3251 1805 3319 organeum
1829 3232 2020 3311 dabinum,
2046 3239 2082 3302 et

224 3392 297 3458 illis
313 3391 525 3474 temporibus
540 3389 612 3458 suis
628 3365 703 3476 ipso
719 3407 911 3474 organeum
929 3388 1129 3468 concierent
1145 3391 1178 3456 et
1194 3387 1384 3457 studiarent
1398 3389 1488 3455 sicut
1510 3387 1685 3465 meruerit,
1715 3389 1750 3454 et
1772 3387 1809 3454 in
1830 3386 1930 3454 domo
1953 3407 2016 3456 sua
2039 3389 2082 3457 de
2134 3447 2136 3450 .

221 3545 301 3628 ipso
324 3545 435 3610 locum
459 3542 556 3609 illum
582 3559 761 3626 reponere,
787 3545 822 3608 et
844 3541 998 3642 sortione
1022 3543 1143 3608 nostra
1165 3540 1207 3608 de
1231 3541 1305 3624 ipso
1329 3541 1448 3606 binum
1472 3540 1599 3607 ibidem
1629 3541 1806 3608 mitterent
1828 3543 1863 3608 et
1886 3544 2020 3610 salbum
2043 3544 2084 3610 il-

222 3699 276 3762 los
301 3695 401 3762 nobis
424 3695 579 3762 facerent
610 3696 733 3773 nobiS,
759 3693 840 3760 dum
866 3712 926 3762 eos
947 3693 1027 3760 inde
1051 3693 1263 3760 adducamus
1287 3694 1417 3778 absque
1438 3691 1708 3776 degeneratione
1732 3693 1767 3758 et
1796 3693 1933 3779 ingne3
1959 3696 1994 3765 et
2015 3714 2081 3780 que

219 3849 259 3914 in
284 3849 362 3932 ipsa
384 3849 487 3917 rebus
508 3847 732 3917 seminaberit
757 3847 804 3914 da
828 3847 894 3931 ipsi
920 3846 1100 3913 duodecim
1124 3845 1208 3912 anni
1229 3847 1266 3912 in
1288 3847 1402 3922 antea,
1423 3843 1465 3910 de
1500 3845 1638 3912 tertiam
1669 3847 1804 3929 partem
1834 3845 1956 3914 darent
1981 3850 2080 3916 nobis

221 4002 438 4080 terraticum,
467 4003 559 4069 siout
574 4001 810 4087 supradictum
828 4003 892 4080 est,
912 4003 946 4068 et
962 4000 1042 4070 dum
1061 4000 1167 4066 suerit
1182 4000 1308 4066 missus
1323 3999 1442 4065 noster
1458 3995 1582 4063 ibidem
1598 4014 1663 4080 pro
1679 3998 1915 4082 recipiendum
1933 4001 2007 4082 ipsa
2022 4017 2085 4066 no-

219 4159 298 4226 stra
319 4156 471 4224 sortione
493 4155 535 4224 de
558 4156 634 4240 ipso
657 4157 803 4233 binum,
832 4155 903 4221 illis
927 4173 1004 4221 eum
1029 4153 1160 4222 notrire
1183 4131 1372 4220 secundum
1397 4169 1495 4220 suam
1523 4150 1788 4235 possibilitatem
1815 4152 1946 4218 eteius
1976 4153 2082 4220 suerit

217 4317 409 4378 mensura!
427 4313 462 4378 et
477 4328 499 4376 a
514 4327 581 4394 quo
598 4310 668 4377 illis
685 4313 737 4377 rel
754 4310 891 4376 illorum
910 4307 1055 4376 heredes
1077 4307 1112 4372 in
1129 4306 1368 4392 suprascripto
1392 4305 1513 4371 ordino
1537 4306 1639 4370 rebus
1663 4304 1740 4388 ipsa
1763 4306 1881 4371 tenere
1903 4306 2080 4373 noluerint

216 4462 263 4528 da
286 4463 354 4547 ipsi
376 4460 555 4529 duodecim
578 4463 662 4530 anni
686 4464 724 4530 in
747 4465 862 4540 antea,
887 4463 969 4529 tunc
992 4460 1113 4528 inclita
1140 4463 1239 4529 rebus
1263 4460 1349 4544 ipsu,
1375 4459 1486 4542 qualis
1505 4457 1575 4526 illis
1596 4456 1717 4526 diebus
1740 4441 1847 4523 tuerit
1864 4458 2018 4524 lavor-ata
2034 4457 2081 4524 si-

213 4615 276 4680 cut
298 4613 488 4691 meruerit,
516 4614 671 4681 nebertas
693 4613 731 4680 in
755 4613 832 4699 ipsa
855 4612 1025 4680 hecclesie
1047 4613 1082 4677 et
1111 4609 1181 4678 illis
1202 4611 1336 4677 nullam
1359 4609 1545 4676 sortionem
1571 4607 1650 4674 inde
1675 4608 1808 4674 tollere.
1850 4609 1885 4674 et
1910 4607 1941 4674 si
1968 4606 2010 4674 de
2039 4625 2081 4674 ac

214 4769 313 4833 terra
328 4766 544 4834 salernitana
566 4766 695 4834 exierit
718 4767 787 4834 illis
810 4767 862 4833 vel
886 4784 969 4833 exos
989 4763 1097 4832 aliubi
1121 4762 1332 4842 enitendum,
1359 4761 1519 4830 similiter
1546 4762 1649 4828 rebus
1671 4761 1748 4844 ipsa
1762 4759 1950 4828 sortionem
1973 4760 2079 4839 illius,

187 4956 190 4969 ·
213 4918 291 5002 qui,
311 4919 350 4986 ut
364 4917 528 4997 diximus
548 4885 686 4996 exierit,
711 4919 867 4985 rebertas
890 4917 925 4984 iu
950 4919 1026 5002 ipsa
1048 4915 1231 5002 hecclesia;
1245 4917 1280 4983 et
1302 4915 1332 4982 si
1355 4914 1450 4982 infra
1465 4915 1536 4982 tres
1553 4913 1636 4980 anni
1653 4912 1783 4983 rebersi
1799 4913 1928 4982 suerint
1943 4914 2080 4980 abitan-

213 5067 360 5136 durnin
384 5086 425 5135 ac
448 5071 556 5150 terra,
576 5071 764 5138 sortionom
788 5071 883 5137 illius
907 5068 965 5153 qui
988 5066 1143 5148 redierit,
1161 5069 1190 5136 si
1215 5067 1362 5136 voluerit
1385 5068 1464 5135 illut
1485 5068 1612 5144 tenere,
1638 5063 1725 5133 siout
1751 5065 1988 5150 supradictum
2011 5033 2076 5142 est,

213 5218 364 5288 redeant
378 5219 422 5288 ad
438 5221 512 5289 eius
528 5223 733 5308 potestatem
751 5221 920 5289 abendum
949 5221 985 5287 in
1001 5222 1239 5306 suprascripta
1255 5221 1403 5300 ratione,
1424 5222 1459 5287 et
1484 5220 1514 5288 si
1538 5221 1615 5288 illut
1638 5221 1755 5287 tenere
1771 5219 1806 5285 et
1832 5221 1990 5285 lavorare
2016 5232 2078 5282 no-

213 5374 363 5454 luerint,
378 5373 468 5442 sicut
490 5375 649 5461 superius
666 5375 808 5460 legitur,
826 5375 1034 5444 trasactibus
1049 5377 1152 5443 rebus
1169 5376 1246 5460 ipsa
1258 5375 1386 5473 sintad
1405 5376 1606 5460 potestatem
1623 5372 1731 5456 ipsius
1750 5371 1929 5449 hecclesie,
1949 5371 2077 5440 facien·

207 5529 299 5596 dum
327 5528 418 5614 quod
445 5529 604 5598 voluerit.
624 5528 713 5616 quod
736 5530 766 5598 si
789 5531 906 5599 taliter
929 5531 1046 5598 omnia
1061 5529 1300 5616 suprascripta
1316 5547 1387 5598 non
1403 5527 1668 5614 adinpleverint‚
1687 5527 1740 5594 vel
1757 5525 1878 5611 aliquit
1900 5523 1981 5593 inde
1997 5541 2079 5592 con-

211 5680 441 5760 tradixerint,
467 5699 674 5768 componere
698 5685 967 5768 hobligaberunt
988 5703 1025 5752 se
1048 5684 1186 5770 suisque
1209 5681 1393 5752 heredibus
1415 5679 1457 5748 ad
1483 5698 1566 5764 pars
1588 5679 1697 5763 ipsius
1720 5678 1887 5746 hecclesie
1909 5677 2081 5763 quinqua·

214 5831 324 5917 ginta
347 5831 427 5900 auri
450 5833 576 5903 solidos
599 5835 849 5904 constantines.
875 5837 909 5902 et
932 5837 1024 5903 hunc
1047 5836 1186 5905 brebem
1206 5833 1328 5901 scribsi
1348 5849 1417 5916 ego
1440 5830 1590 5898 arechisi
1623 5829 1777 5898 notarius
1800 5831 1834 5898 et
1856 5827 2009 5896 interfui.
