5378 7098
986 623 1357 694 bllatoblnfllcUs
2053 639 2072 693 ἴ)

275 867 385 935 titudo
401 867 495 952 passi
511 865 704 951 quindecim
722 868 757 932 et
772 862 920 934 medium
936 883 944 927 :
962 865 1005 929 ab
1021 862 1207 941 occidente,
1227 864 1374 948 qualiter
1391 864 1501 931 limite
1517 868 1550 932 et
1565 883 1645 949 sepe
1668 862 1842 941 discernit,
1861 865 1930 931 fine
1954 882 2032 931 mea
2055 883 2122 948 que

272 1017 376 1086 amati
393 1037 400 1081 :
419 1035 440 1084 a
455 1034 538 1102 pars
553 1013 812 1100 septemtrionis
828 1014 989 1082 similiter
1004 1015 1074 1080 fine
1090 1018 1209 1081 sancte
1224 1014 1348 1091 marie,
1368 1032 1468 1098 quern
1483 1030 1550 1098 ego
1571 1013 1614 1080 ad
1638 1013 1862 1081 laborandum
1885 1021 1919 1080 et
1942 1017 2124 1099 pastenan-

270 1170 351 1236 dum
367 1175 478 1252 teneo,
494 1173 546 1237 est
561 1169 643 1238 inde
659 1169 803 1237 latitudo
818 1168 910 1255 passi
929 1169 1087 1239 tridecim
1102 1172 1136 1237 et
1152 1168 1305 1238 medium
1324 1190 1332 1233 ε
1359 1172 1403 1236 ab
1426 1169 1556 1237 oriente
1579 1169 1739 1238 similiter
1762 1171 1830 1238 fine
1853 1171 1971 1236 sancte
1998 1170 2119 1247 marie,

269 1339 369 1405 quern
385 1339 452 1405 ego
467 1321 607 1388 reteneo
622 1319 666 1386 ad
682 1318 942 1404 pastenandum,
958 1323 993 1388 et
1009 1323 1060 1387 est
1077 1339 1138 1405 per
1156 1319 1409 1404 longitudinem
1427 1321 1472 1387 ab
1488 1321 1563 1404 ipso
1578 1319 1682 1387 fluvio
1698 1339 1804 1404 usque
1829 1320 1872 1387 ad
1890 1321 1957 1387 fine
1974 1322 2125 1406 prepha-

272 1474 307 1538 tc
321 1473 438 1538 sancte
454 1470 564 1537 marie
579 1470 673 1554 passi
691 1461 929 1554 quadraginta‘
938 1442 1024 1536 octe.
1043 1471 1169 1554 etipsa
1184 1471 1255 1536 alia
1270 1471 1370 1554 pecia
1386 1447 1496 1536 habet
1506 1469 1608 1536 finis:
1628 1489 1648 1535 a
1664 1469 1809 1546 meridie
1824 1470 1892 1536 fine
1908 1486 1996 1548 mea,
2014 1470 2126 1554 quali-

271 1629 326 1690 ter
342 1623 456 1692 media
470 1641 552 1707 sepe
568 1622 745 1703 discernit,
766 1629 819 1692 est
833 1623 963 1692 ibidem
981 1623 1126 1692 latitudo
1142 1625 1234 1710 passi
1251 1624 1377 1708 viginti
1394 1623 1462 1690 duo
1477 1627 1511 1690 et
1532 1622 1681 1689 medium
1699 1645 1706 1686 :
1726 1625 1770 1689 ab
1793 1622 1969 1690 occidente
1992 1623 2049 1690 via
2064 1642 2126 1690 an-

270 1778 390 1862 tiqua:
421 1795 443 1843 a
468 1779 715 1861 septemtrione
731 1777 800 1844 fine
815 1779 945 1855 simite,
964 1779 1016 1845 cst
1038 1777 1118 1845 inde
1142 1777 1287 1844 latitudo
1314 1779 1407 1862 passi
1436 1777 1605 1862 triginta:
1636 1781 1677 1843 ab
1703 1778 1835 1844 oriente
1862 1777 1931 1843 fine
1957 1779 2124 1863 prephato

270 1930 388 2012 sancte
405 1925 516 1995 marie
531 1928 566 1992 et
581 1927 633 1994 est
647 1944 711 2011 per
726 1926 946 2011 longitudine
962 1945 984 1994 a
1000 1927 1068 1993 fine
1085 1945 1161 1994 mea
1178 1945 1284 2011 usque
1300 1927 1343 1993 ad
1356 1927 1425 1994 fine
1440 1927 1560 1994 sicaite
1576 1928 1668 2010 passi
1682 1928 1938 2012 quinquaginta
1965 1931 2124 2012 quatuor.

274 2080 338 2144 hec
354 2095 436 2145 vero
451 2036 755 2163 predicteduabus
771 2078 866 2162 pecie
881 2076 923 2144 de
940 2079 1033 2144 terra
1049 2096 1110 2161 per
1126 2049 1325 2162 supradicte
1336 2077 1417 2143 finis
1433 2079 1468 2144 et
1483 2078 1661 2145 mensuris
1676 2077 1718 2145 ad
1738 2077 1825 2146 iusto
1841 2098 1981 2163 passum
1995 2080 2126 2146 homini

274 2230 511 2296 mensuratum
527 2231 598 2295 tote
613 2231 648 2294 et
663 2227 798 2313 integre
814 2229 920 2296 michi
937 2229 1012 2314 ipse
1024 2231 1127 2298 abbas
1143 2208 1248 2295 michi
1263 2228 1417 2295 tradidit.
1434 2229 1522 2297 unde
1535 2248 1598 2314 per
1612 2231 1734 2296 bonam
1747 2229 2024 2297 convenientiam
2038 2248 2124 2313 gua-

274 2380 331 2446 dia
347 2379 452 2445 michi
470 2377 543 2463 ipse
560 2385 744 2463 gregorius
760 2381 864 2446 abbas
879 2399 957 2448 cum
974 2400 1035 2448 suo
1050 2380 1287 2449 advocatorem
1304 2381 1398 2447 dedit
1414 2382 1448 2447 et
1463 2382 1683 2450 mediatorem
1700 2381 1807 2448 michi
1825 2382 1940 2467 posuit
1954 2381 2127 2449 maraldus

275 2532 505 2602 subdiaconus
521 2535 556 2599 et
571 2533 728 2600 notarius
743 2534 838 2602 filius
853 2535 944 2618 petri
959 2534 1002 2602 de
1020 2537 1132 2601 locum
1147 2535 1298 2612 noceria,
1316 2534 1376 2601 tali
1396 2535 1542 2610 ratione,
1563 2541 1600 2602 ut
1623 2533 1745 2601 amodo
1768 2539 1801 2601 et
1823 2534 1902 2601 dum
1927 2552 1990 2600 nos
2013 2539 2048 2602 et
2069 2553 2132 2602 no

275 2683 357 2752 stris
372 2683 493 2752 eredes
510 2682 731 2761 voluerimus,
750 2684 851 2750 liceat
865 2703 928 2751 nos
943 2685 1018 2768 ipse
1033 2683 1163 2750 duabus
1179 2685 1276 2768 pecie
1290 2683 1334 2750 de
1349 2681 1444 2752 terra
1459 2686 1577 2752 inclito
1601 2685 1644 2750 ad
1668 2687 1821 2752 nostram
1844 2691 1962 2751 tenere
1986 2687 2133 2768 potesta-

277 2839 346 2904 tem
362 2839 396 2907 et
411 2835 506 2902 fovee
522 2837 556 2902 et
572 2851 692 2901 omnes
707 2839 842 2902 nostras
858 2835 1026 2900 utilitates
1043 2833 1167 2900 ibidem
1185 2835 1299 2902 facere
1313 2855 1322 2920 3
1342 2833 1376 2900 et
1392 2835 1514 2901 amodo
1538 2837 1572 2900 et
1596 2854 1701 2920 usquc
1725 2853 1843 2902 novem
1869 2836 1963 2912 anni,
1982 2835 2130 2918 qualitor

280 2987 457 3064 meruerit,
474 2985 656 3053 arboribus
671 2989 706 3052 et
722 2985 802 3052 vitis
819 2987 1022 3070 plantemus,
1036 2989 1071 3052 et
1087 2987 1358 3071 propaginemus
1373 2991 1408 3054 et
1423 2989 1591 3054 cultemus
1601 3003 1659 3053 eas
1671 2986 1713 3052 de
1728 2987 1877 3069 superet
1892 2985 2073 3062 desubter,
2093 2992 2131 3051 ut

278 3139 364 3203 bene
385 3141 508 3221 pareat
523 3137 728 3222 laboratum,
745 3138 780 3201 et
796 3151 916 3201 omnes
933 3136 1051 3218 fruges
1068 3139 1102 3201 et
1118 3136 1249 3202 labores
1266 3133 1346 3201 inde
1363 3135 1483 3202 tollere
1505 3138 1539 3200 et
1562 3137 1691 3202 nullam
1715 3137 1900 3202 sortionem
1924 3135 2004 3202 inde
2027 3139 2128 3204 nobis

279 3291 400 3356 tollere
415 3291 549 3374 querat.
568 3288 610 3354 ad
635 3288 699 3372 ipsi
723 3275 869 3372 namque
892 3306 1016 3355 novem
1039 3289 1121 3354 anni
1145 3289 1304 3371 completi
1330 3305 1393 3356 nos
1416 3290 1578 3354 abeamus
1602 3289 1675 3371 ipse
1697 3288 1827 3354 duabus
1851 3289 1947 3371 pecie
1970 3287 2013 3382 de
2036 3293 2131 3354 terra

278 3440 371 3508 infra
385 3440 563 3508 nominate
579 3440 659 3507 finis
674 3443 709 3506 et
725 3441 901 3508 mensuria
916 3442 1096 3524 pastenate
1112 3439 1294 3506 arboribus
1311 3443 1346 3506 et
1359 3439 1439 3507 vitis
1455 3442 1489 3508 et
1500 3441 1625 3507 factum
1639 3439 1765 3506 ibidem
1783 3443 1957 3507 arbustum
1970 3441 2128 3516 vitatum,

278 3591 447 3676 quomodo
463 3594 578 3658 tantos
594 3607 701 3658 annos
717 3592 812 3658 locus
828 3591 902 3675 ipse
917 3593 1093 3678 meruerit;
1109 3595 1143 3661 et
1158 3591 1228 3657 iam
1245 3592 1282 3657 in
1299 3593 1411 3668 antea,
1437 3591 1519 3659 dum
1542 3609 1601 3658 eos
1625 3595 1741 3661 tenere
1756 3591 1976 3665 volucrimus,
1995 3607 2131 3657 omnem
2231 3575 2240 3586 ⁶

279 3761 409 3810 annum
426 3743 496 3811 suis
511 3742 730 3827 temporibus
740 3761 798 3810 eos
813 3743 1006 3812 laboremus
1021 3749 1055 3811 et
1072 3745 1239 3812 cultemus
1254 3746 1290 3811 et
1306 3743 1358 3811 illi
1375 3761 1512 3828 semper
1535 3762 1662 3810 novum
1685 3747 1841 3828 tempore
1863 3760 1901 3809 se
1923 3743 2080 3826 plicaret,
2099 3746 2133 3811 et

280 3895 391 3960 totum
407 3895 483 3978 ipso
499 3891 620 3960 vinum
635 3895 670 3961 et
684 3891 883 3960 terraticum
901 3892 936 3960 in
951 3895 1091 3961 tertiam
1109 3898 1240 3978 partem
1259 3863 1334 3960 cum
1350 3912 1432 3977 pars
1454 3895 1565 3962 eidem
1589 3893 1732 3962 ecclesie
1753 3893 1963 3969 dividamus,
1982 3910 2045 3958 nos
2068 3892 2133 3958 due

283 4047 457 4123 sortionis,
477 4049 512 4113 et
528 4047 598 4116 illis
611 4007 714 4114 unam
726 4067 736 4131 ;
753 4054 787 4113 et
802 4046 883 4114 dum
907 4063 965 4114 eos
988 4051 1107 4115 tenere
1130 4045 1340 4115 voluerimus
1362 4049 1400 4114 in
1423 4045 1577 4130 predicta
1599 4046 1744 4123 ratione,
1762 4063 1831 4113 non
1855 4045 1929 4130 ipse
1950 4046 2057 4111 abbas
2079 4048 2134 4111 vel

281 4214 398 4264 eorum
415 4199 668 4266 successoribus
683 4215 740 4266 eos
755 4199 855 4267 nobis
870 4201 990 4268 tollere
1005 4203 1065 4267 aut
1079 4203 1252 4278 contrare,
1272 4203 1324 4267 set
1339 4217 1416 4266 cum
1432 4201 1508 4266 vice
1523 4199 1566 4266 de
1582 4199 1638 4265 via
1660 4215 1723 4266 sua
1745 4216 1803 4265 eas
1827 4199 1926 4262 nobis
1948 4194 1993 4263 da
2015 4213 2134 4262 omnes

280 4351 438 4417 homines
454 4350 659 4418 defensaret.
678 4351 768 4436 quod
786 4353 815 4418 si
832 4351 930 4418 nobis
945 4370 1004 4419 eos
1019 4353 1143 4421 tollere
1158 4357 1193 4420 et
1216 4357 1377 4420 contrare
1392 4353 1564 4437 quesierit,
1582 4355 1617 4420 et
1639 4351 1668 4418 si
1692 4349 1735 4418 da
1758 4367 1875 4417 omnes
1899 4347 2055 4416 homines
2078 4365 2136 4416 eas

284 4502 383 4568 nobis
398 4506 432 4568 et
454 4503 497 4568 ad
512 4501 815 4572 nostriseredibus
831 4504 876 4570 da
891 4522 1009 4572 omues
1025 4505 1183 4572 homines
1199 4505 1525 4592 nondesensaverit‚
1545 4503 1623 4570 etsi
1640 4503 1766 4581 omnia,
1785 4519 1851 4587 que
1867 4518 1974 4584 supra
1989 4498 2131 4582 legitur,

282 4651 383 4718 nobis
406 4654 440 4718 et
463 4651 506 4719 ad
530 4654 658 4722 nostris
682 4652 841 4722 eredibus
864 4673 933 4722 non
958 4655 1212 4740 adimpleverit,
1230 4655 1399 4740 obligavit
1421 4673 1457 4722 se
1481 4673 1544 4738 per
1567 4653 1687 4720 eadem
1711 4651 1843 4736 guadio
1864 4651 1898 4718 et
1920 4667 2003 4734 pars
2026 4646 2136 4716 eidem

285 4805 427 4872 ecclesie
443 4810 477 4872 et
491 4823 571 4872 suos
587 4823 800 4874 successores
816 4806 860 4873 ad
876 4797 1147 4892 componendum
1164 4807 1271 4874 michi
1284 4807 1417 4892 meique
1431 4807 1589 4875 eredibus
1604 4805 1723 4873 decern
1735 4803 1827 4870 aurei
1842 4801 1969 4870 solidos
1980 4803 2140 4868 constan-

287 4951 391 5032 tinos,
405 4956 441 5020 et
454 4971 553 5039 aquo
565 4955 777 5022 noluerimus
791 4974 849 5024 eas
867 4957 903 5022 in
920 4957 1075 5042 predicta
1091 4955 1225 5025 ratione
1241 4973 1299 5024 eas
1315 4961 1441 5036 tenere,
1454 4961 1534 5023 tunc
1545 4948 1624 5041 'ipse
1638 4955 1767 5024 duabus
1783 4955 1877 5038 pecie
1894 4953 2046 5020 deterre
2059 4970 2137 5019 cum

287 5103 437 5173 arbustis
453 5105 571 5174 vitatis
588 5105 806 5174 remittamus
822 5107 864 5174 ad
883 5109 1021 5175 illorum
1038 5113 1241 5194 potestatem
1257 5113 1288 5178 el
1307 5111 1410 5204 soluti
1426 5109 1505 5177 inde
1522 5126 1724 5178 maneamus
1747 5109 1789 5174 ab
1812 5105 1905 5172 omni
1929 5105 2134 5188 calupmnie.

347 5228 377 5341 †
391 5276 457 5343 ego
473 5260 574 5344 guiso
589 5260 818 5332 subdiaconus
833 5263 867 5330 et
882 5265 1037 5330 notarius
1054 5265 1195 5331 interfui
1211 5267 1246 5331 et
1262 5267 1353 5332 bunc
1370 5266 1506 5333 brebem
1522 5263 1653 5331 scribsi.

347 5383 376 5496 †
390 5429 457 5496 ego
472 5412 531 5495 qui
548 5429 655 5495 supra
671 5413 762 5480 maio

348 5532 377 5645 †
392 5581 458 5648 ego
474 5564 641 5632 iohannes

348 5689 461 5799 †ego
477 5714 652 5784 maraldus
668 5716 889 5785 subdiaconus
905 5721 939 5785 et
956 5719 1111 5786 notarius
1126 5720 1265 5788 interlui

348 5837 459 5950 †ego
470 5866 660 5949 gregorius
677 5865 794 5934 abbas.

999 5952 1633 5966 uum—numm
