5286 7098
961 609 1329 683 [tiPLOMATlCUS
1985 631 2025 690 53

216 863 275 930 ubi
303 861 425 929 betera
451 857 622 943 liparrola
648 852 798 932 dicitur,
825 853 1025 920 continebat
1052 871 1115 938 per
1141 871 1180 920 ec
1207 852 1305 922 finis:
1331 854 1375 922 de
1398 873 1467 922 uno
1491 857 1605 941 capite
1628 857 1697 925 tina
1721 859 1777 924 bia
1798 859 1941 944 puplica
1964 864 1999 926 et
2030 861 2073 928 de

216 1037 286 1089 uno
302 1017 410 1084 latere
426 1014 495 1080 fine
510 1011 613 1080 rebus
629 1009 672 1078 de
687 1008 831 1077 heredes
847 1007 968 1075 domni
982 1007 1181 1086 radelchisi,
1200 1008 1260 1093 qui
1276 965 1342 1076 fuit
1357 1009 1532 1125 princepe,
1551 1014 1586 1078 et
1600 1010 1644 1078 de
1661 1012 1730 1080 alio
1746 1013 1856 1082 latere
1879 1015 1949 1082 fine
1972 1017 2076 1082 rebus

216 1173 261 1241 de
283 1170 432 1240 heredes
455 1167 574 1235 roffrid
598 1164 744 1236 castaldi
767 1167 801 1232 et
824 1161 984 1248 perbadit
1007 1179 1115 1248 usque
1139 1161 1176 1228 in
1200 1161 1275 1246 ipso
1298 1163 1395 1249 rib03
1413 1165 1447 1231 et
1470 1163 1668 1231 continebat
1690 1166 1758 1234 alia
1788 1167 1889 1256 pecia
1911 1186 1955 1234 ex
1979 1170 2075 1236 terra

215 1325 275 1414 qui
299 1323 418 1393 estad
444 1323 519 1408 ipso
542 1319 665 1390 tribio:
691 1317 718 1407 ¹)
741 1318 784 1385 de
807 1336 876 1384 uno
899 1313 1012 1400 capite
1035 1315 1094 1382 via
1116 1313 1275 1400 puplica:
1302 1314 1344 1384 de
1370 1335 1440 1384 uno
1474 1319 1581 1386 latere
1615 1320 1684 1386 flue
1717 1321 1819 1388 rebus
1853 1320 1896 1388 de
1930 1323 2074 1392 heredes

219 1478 340 1547 domni
364 1475 552 1545 radelchisi
574 1472 745 1560 principi:
770 1472 812 1540 de
835 1471 903 1540 alie
925 1467 1083 1555 partibus
1105 1469 1175 1536 fine
1197 1471 1299 1538 rebus
1322 1471 1378 1554 qui
1404 1469 1469 1537 suit
1491 1472 1678 1556 iopecasti,
1704 1477 1739 1542 et
1772 1478 1969 1544 continebat
1992 1495 2076 1562 quo-

215 1632 319 1700 modo
352 1629 545 1705 wilerada,
572 1625 631 1714 qui
665 1627 779 1694 fuerat
810 1641 901 1692 uxor
922 1622 1112 1708 supradicti
1137 1621 1289 1690 isenardi
1312 1627 1347 1690 et
1370 1623 1443 1690 filia
1464 1624 1702 1704 termenaudi,
1728 1628 1762 1693 et
1791 1625 1989 1706 adelchisa,
2015 1627 2074 1712 qui

215 1788 334 1854 suerat
356 1801 447 1851 uxor
471 1778 634 1850 erfelaitii
658 1775 928 1845 venumdederat
951 1776 1026 1860 ipse
1048 1777 1172 1860 quarte
1194 1793 1275 1853 sue,
1301 1777 1336 1842 et
1368 1776 1446 1859 ipsa
1469 1777 1602 1843 cartula
1625 1777 1822 1846 continebat
1842 1779 1906 1845 toti
1929 1779 1970 1847 de
2002 1781 2076 1866 ipse

216 1935 299 2004 finis
323 1935 367 2002 de
390 1935 463 2018 ipse
486 1932 606 2012 curtis,
632 1932 667 1998 et
689 1928 796 1997 alium
819 1928 1018 1994 continebat
1039 1927 1077 1993 in
1101 1926 1177 2011 ipsa
1198 1927 1354 1993 cartula:
1380 1926 1513 2011 scripta
1538 1925 1609 2012 ipsa
1624 1928 1760 1995 cartula
1776 1947 1838 2013 per
1862 1947 2000 1997 manum
2020 1951 2077 1999 ra-

217 2086 431 2174 gemprandi
454 2086 581 2154 notarii
605 2087 642 2152 in
666 2086 780 2170 primo
803 2102 895 2150 anno
919 2081 1137 2167 principatus
1160 2080 1276 2148 domni
1299 2081 1411 2148 nostri
1441 2080 1514 2148 ursi
1538 2065 1580 2149 da
1614 2100 1731 2150 mense
1763 2083 1892 2168 aprelis
1926 2103 1989 2170 per
2024 2087 2077 2154 in-

215 2241 372 2308 dictione
395 2257 499 2318 nona,
525 2242 559 2306 et
581 2236 707 2306 ibidem
731 2240 809 2304 erat
830 2237 929 2303 testis
952 2233 1138 2318 isengardo
1162 2235 1196 2300 et
1219 2233 1400 2312 isenard0,
1427 2237 1462 2300 et
1484 2253 1579 2302 ursu.
1609 2235 1681 2302 alia
1704 2236 1840 2304 cartula
1862 2237 2073 2318 continebat,

215 2391 389 2478 quomodo
413 2389 624 2474 sadelgrimo
646 2388 719 2455 fllio
743 2387 840 2472 gucti
863 2389 899 2454 et
920 2384 1132 2471 rodelgrimo
1155 2385 1227 2452 filio
1242 2384 1433 2453 domnolini
1450 2384 1718 2454 venumdederat
1732 2386 1894 2456 sadelsrid
1919 2391 2075 2458 omnibus

215 2549 321 2615 rebus
344 2547 438 2624 suiS,
464 2546 525 2630 qui
548 2541 613 2610 tuit
634 2541 813 2619 tassiloni,
839 2538 929 2626 quod
953 2541 1099 2607 abuerat
1124 2539 1161 2606 in
1184 2540 1259 2606 loco
1282 2556 1399 2617 vaneo,
1426 2540 1461 2606 ct
1484 2540 1591 2606 alium
1621 2538 1820 2608 continebat
1842 2539 1878 2608 in
1902 2540 1979 2627 ipsa
2002 2561 2078 2610 car-

217 2699 317 2765 tula:
343 2697 477 2780 scripta
500 2695 576 2780 ipsa
598 2695 732 2761 cartula
754 2711 817 2778 per
841 2710 980 2758 manum
1004 2689 1219 2757 nandelchisi
1243 2689 1442 2758 subdiaconi
1464 2689 1577 2776 adque
1606 2691 1735 2758 notarii
1759 2691 1796 2758 in
1830 2695 1952 2778 quarto
1987 2715 2078 2762 anno

217 2851 440 2936 principatus
463 2849 581 2916 domni
604 2847 714 2916 nostri
738 2847 880 2914 atenolfi
903 2844 1023 2914 eximii
1047 2845 1199 2930 principi
1222 2849 1256 2912 et
1288 2845 1440 2913 secundo
1474 2864 1565 2914 anno
1599 2847 1815 2932 principatus
1849 2847 1966 2919 domni
2002 2852 2078 2917 lan-

215 3001 300 3068 dolfi
323 3001 387 3068 filii
412 2999 485 3069 eius
508 2999 550 3068 de
573 3018 691 3068 mense
714 2997 923 3084 septembrio
946 3017 1013 3082 per
1037 2995 1226 3064 indictione
1247 2995 1418 3082 septima,
1445 3000 1481 3064 et
1503 2998 1629 3066 ibidem
1653 3002 1727 3068 erat
1748 2999 1871 3084 scripti
1904 3001 2077 3086 sadelgri-

215 3169 282 3232 mo,
310 3157 345 3221 et
368 3151 595 3237 rodelgrimo,
621 3154 656 3218 et
677 3149 829 3228 audoini,
855 3152 890 3216 et
911 3148 1118 3234 agenardus.
1145 3148 1260 3214 Alium
1283 3149 1399 3226 brebe,
1425 3149 1515 3234 quod
1540 3166 1686 3219 comune
1716 3107 1881 3230 abemus,
1908 3154 2074 3226 continet,

215 3304 389 3389 quomodo
412 3305 660 3381 castelmanno,
679 3305 737 3388 qui
761 3305 796 3369 et
818 3302 930 3368 cicere
952 3301 1093 3378 dicitur,
1112 3301 1254 3368 dederat
1275 3301 1316 3368 ad
1341 3302 1583 3387 pastinandam
1608 3303 1710 3371 biuea
1732 3301 1836 3370 ciceri
1861 3301 1933 3370 filio
1956 3304 2078 3371 iohan-

215 3455 253 3523 ni
276 3456 453 3523 lauretani
477 3455 512 3521 in
535 3457 649 3522 casale
671 3471 778 3524 vaneo
801 3473 862 3539 per
885 3453 965 3521 finis
980 3457 1015 3520 et
1029 3429 1214 3533 mensuris,
1234 3456 1329 3521 velut
1346 3457 1420 3539 ipse
1436 3453 1635 3523 iamdictam
1651 3453 1754 3522 brebe
1770 3454 1933 3534 continet,
1953 3455 2078 3540 etipsa

218 3609 439 3678 medietatem
462 3608 507 3674 de
530 3609 605 3692 ipsa
627 3608 729 3674 vinea
750 3610 802 3675 est
823 3605 927 3674 michi
952 3625 1127 3684 concessa,
1154 3607 1324 3693 simulque
1347 3611 1382 3674 et
1405 3607 1484 3675 aliis
1508 3595 1619 3676 causis
1642 3606 1852 3688 continebat,
1870 3627 1935 3693 que
1950 3609 2077 3676 ibidem

218 3759 390 3845 scriptum
407 3767 508 3828 erat:
528 3763 697 3847 scriptum
713 3763 790 3828 erat
805 3761 917 3846 ipsum
935 3763 1040 3828 brebe
1055 3779 1118 3846 per
1134 3759 1320 3846 gaiderissi
1338 3762 1499 3830 clericum
1518 3763 1629 3848 adque
1644 3765 1818 3831 notarium
1842 3768 1879 3829 in
1901 3765 1992 3830 anno
2017 3763 2079 3828 tri-

219 3912 351 3979 cesimo
375 3929 466 3978 nono
489 3915 663 3996 regnante
685 3911 810 3979 domno
834 3909 1051 3981 constantino
1075 3929 1203 4018 magno
1219 3909 1431 3997 imperatore
1446 3915 1482 3980 et
1498 3931 1588 3981 anuo
1604 3915 1838 3984 tertiodecimo
1862 3917 2080 4001 principatus

218 4065 341 4131 domni
358 4065 501 4132 landolfi
516 4069 550 4134 et
565 4083 658 4132 armo
674 4083 764 4132 nono
780 4065 999 4150 principatus
1013 4064 1130 4130 domni
1147 4065 1289 4150 paldolfi
1305 4065 1369 4131 filii
1381 4017 1467 4143 eius,
1483 4065 1526 4132 de
1539 4085 1654 4133 mense
1667 4067 1797 4150 aprelis
1810 4085 1871 4151 per
1887 4066 2077 4134 indictione

219 4215 365 4294 decima,
383 4221 417 4282 et
432 4237 454 4284 a
470 4219 613 4286 testibus
628 4220 713 4285 bene
728 4222 804 4285 erat
819 4220 1001 4285 roboratus
1017 4215 1217 4300 rodegrimo
1233 4221 1268 4283 et
1283 4215 1434 4301 guaiferi
1450 4219 1484 4283 et
1506 4218 1653 4285 arechis.
1674 4219 1788 4284 Alium
1812 4221 1915 4326 brebe
1938 4220 2083 4287 dibisio-

220 4371 275 4440 nis
291 4370 490 4440 continebat
504 4392 567 4458 per
582 4390 620 4440 ec
637 4373 738 4440 fluis:
757 4377 902 4457 septano
919 4373 944 4460 ²)
961 4375 1070 4441 latere
1092 4373 1161 4440 fine
1185 4373 1260 4458 ipso
1283 4373 1360 4438 ribo
1383 4371 1424 4439 de
1447 4375 1642 4440 cerasulum
1665 4373 1888 4470 ascendentes
1911 4393 2018 4460 usque
2042 4375 2079 4443 in

220 4523 299 4610 ipso
319 4524 407 4604 ribo,
433 4525 493 4611 qui
516 4525 693 4594 descendit
716 4527 760 4594 da
782 4529 858 4613 ipsa
880 4529 1046 4606 fontana,
1073 4532 1108 4594 et
1132 4546 1193 4613 per
1218 4527 1293 4612 ipso
1316 4525 1393 4594 ribo
1415 4525 1639 4596 ascendentes
1673 4547 1778 4612 usque
1801 4527 1844 4595 ad
1870 4528 1948 4613 ipsa
1970 4529 2081 4595 sunta-

220 4699 266 4747 na
289 4683 409 4748 nostra
431 4697 600 4768 comune;
626 4680 725 4748 etde
748 4698 898 4766 suprano
922 4683 1035 4766 capite
1057 4682 1126 4748 fine
1148 4681 1225 4766 ipsa
1246 4680 1302 4747 via
1324 4679 1384 4767 qui
1406 4679 1503 4748 badii
1525 4680 1568 4748 ad
1599 4682 1676 4766 ipsa
1710 4682 1876 4762 fontana,
1901 4685 1936 4752 et
1969 4685 2082 4751 rebol-

220 4831 339 4900 beritos
363 4849 425 4912 per
449 4833 517 4917 ipsi
539 4832 691 4911 termiti,
717 4834 776 4917 qui
800 4835 852 4901 est
875 4834 968 4900 infra
990 4835 1085 4900 curte
1107 4851 1184 4901 mea
1214 4835 1249 4900 et
1281 4834 1383 4900 rebus
1416 4835 1537 4901 nostra
1570 4851 1739 4912 comune,
1765 4838 1800 4901 et
1833 4834 2080 4906 descendentes

218 4987 254 5050 et
276 4984 495 5053 rebolbentes
518 5003 581 5071 per
604 4986 682 5071 ipsa
704 4989 904 5065 clusamen,
930 4987 987 5072 qui
1011 4989 1063 5056 est
1085 4987 1176 5052 infra
1203 4989 1280 5072 ipsa
1312 4991 1409 5056 curte
1444 5005 1520 5055 mea
1554 4989 1589 5055 et
1622 4989 1732 5073 ipsam
1768 4989 1894 5068 rebus,
1919 4988 1980 5073 qui
2014 4989 2080 5056 suit

221 5139 380 5218 iohanni,
399 5141 434 5208 ct
448 5139 691 5210 descendentes
708 5160 813 5228 usque
828 5142 865 5209 in
881 5141 959 5227 ipsa
975 5141 1043 5220 via,
1062 5142 1122 5227 qui
1138 5140 1255 5226 pergit
1279 5140 1321 5208 ad
1348 5159 1456 5227 porca
1481 5142 1538 5227 qui
1567 5143 1619 5210 est
1644 5159 1789 5209 comune
1815 5140 1890 5226 ipse
1916 5141 2024 5220 vinee,
2043 5147 2080 5208 ut

219 5291 389 5370 diximus,
408 5295 531 5378 quibus
547 5294 690 5361 suerunt
704 5295 871 5362 nominati
888 5291 1027 5362 iohanni
1044 5313 1132 5380 erga
1147 5295 1221 5380 ipso
1238 5295 1437 5363 nocellitum
1452 5297 1610 5362 nostrum
1625 5311 1782 5373 comune,
1801 5295 1835 5364 et
1857 5295 2074 5362 rebolbentes

220 5447 258 5510 et
273 5443 520 5513 descendentes
536 5443 572 5510 in
588 5443 664 5529 ipso
680 5445 756 5512 ribo
771 5445 815 5511 de
829 5445 1028 5524 cirasolum,
1047 5449 1085 5512 ut
1099 5445 1265 5524 diximus,
1283 5446 1340 5530 qui
1357 5449 1410 5513 est
1425 5447 1563 5531 prioras
1578 5445 1687 5532 fines3
1705 5446 1739 5515 et
1755 5445 1859 5513 aliurn
1877 5445 2075 5513 continebat

224 5641 401 5649 ———--
431 5643 629 5651 --..--—-·-—

281 5783 305 5855 ⁴)
323 5785 455 5855 d'ribium,
471 5784 546 5842 idest
560 5786 691 5842 Trinium.

283 5910 307 5982 ²)
322 5913 451 5984 sipiano,
468 5913 543 5971 idest
556 5919 670 5972 sablano
684 5946 710 5957 -
730 5914 877 5972 inferiore.
