5286 7098
1024 517 1394 648 orruouarrous
2048 591 2087 654 si

275 818 376 886 nibus
392 817 523 886 relecte
537 817 687 894 luerunt,
705 819 786 883 tuno
803 817 878 902 ipse
894 817 1065 900 alphanus
1080 833 1144 882 sua
1161 815 1336 882 boluntate
1351 816 1598 896 manifestabit,
1619 823 1656 884 ut
1671 820 1741 886 tote
1765 819 2000 904 suprascripte
2025 821 2135 906 scrip·

274 967 424 1038 tionibus
441 971 479 1036 in
495 970 666 1050 omnibus,
686 971 777 1037 sicut
791 971 983 1046 coutimini,
1006 972 1145 1036 beraces
1161 985 1248 1046 esse,
1266 972 1302 1034 et
1316 970 1449 1036 nullam
1465 967 1508 1036 de
1524 970 1641 1038 omnia
1657 973 1819 1055 quantum
1843 971 2036 1050 continunt,
2051 991 2133 1040 con-

271 1120 413 1190 tendere
428 1121 489 1189 aut
505 1137 646 1204 causare
663 1125 794 1209 potere3
812 1123 865 1190 set
880 1122 996 1206 ibique
1008 1123 1135 1190 iterum
1151 1119 1252 1188 modo
1268 1122 1398 1200 omnia,
1413 1123 1578 1206 quantum
1592 1121 1665 1205 ipse
1681 1121 1924 1207 scriptionibus
1935 1123 2127 1203 continunt,

274 1271 359 1338 mihi
375 1269 520 1339 tradidit
533 1273 568 1338 et
583 1271 802 1340 confirmabit
816 1271 859 1338 ad
876 1272 1043 1340 securiter
1060 1288 1127 1356 ego
1142 1273 1178 1340 et
1193 1272 1280 1339 meis
1295 1270 1457 1340 eredibus
1474 1271 1632 1340 inclitum
1648 1272 1726 1340 illut
1749 1247 1931 1350 abendum,
1950 1273 2133 1343 dominan-

272 1421 366 1500 dum,
384 1421 629 1508 possidendum
645 1425 681 1489 et
696 1423 814 1490 omnia
829 1421 957 1490 exinde
973 1421 1166 1490 iaciendum
1183 1421 1272 1506 quod
1299 1422 1527 1488 doluerimus:
1546 1422 1653 1490 etiam
1677 1440 1740 1490 sua
1762 1425 1940 1492 boluntate
1962 1425 2130 1510 obligabit

271 1592 309 1640 se
324 1575 358 1639 et
372 1589 452 1641 suos
468 1571 588 1641 eredes
602 1572 697 1640 omni
712 1573 869 1657 tempore
885 1571 1134 1640 defensandum
1150 1571 1229 1639 illut
1245 1571 1332 1638 mihi
1348 1571 1483 1654 meique
1498 1569 1667 1648 aradibus,
1687 1571 1776 1639 sicut
1791 1573 1867 1657 ipse
1882 1574 2128 1660 scriptionibus

268 1729 461 1805 continunt,
477 1729 512 1798 et
527 1727 645 1794 omnia
661 1726 761 1794 nobis
777 1725 970 1810 adinplere,
989 1726 1078 1792 sicut
1093 1725 1167 1808 ipse
1182 1723 1427 1808 scriptionibus
1443 1723 1627 1791 clarificati.
1644 1725 1678 1791 et
1693 1724 1722 1792 si
1738 1725 1856 1792 taliter
1874 1727 1992 1794 omnia
2006 1743 2128 1811 supra:

265 1880 400 1964 scripta
416 1897 477 1964 per
500 1880 570 1946 iam
588 1878 681 1945 dicto
695 1876 817 1944 ordine
834 1876 892 1944 ille
908 1879 942 1946 et
957 1894 1037 1944 suos
1060 1876 1181 1943 eredes
1197 1876 1294 1944 nobis
1316 1876 1512 1961 nostrisque
1535 1875 1693 1943 creditus
1715 1893 1786 1942 non
1810 1875 2052 1960 adinpleberit‚
2070 1880 2125 1942 vel

266 2031 296 2097 si
320 2029 362 2096 do
386 2031 515 2108 omnia,
548 2031 713 2113 quantum
737 2030 810 2112 ipso
838 2028 1085 2112 scriptionibus
1107 2027 1316 2104 continunt,
1346 2045 1408 2110 per
1434 2028 1674 2110 qualecumque
1702 2026 1837 2094 modum
1867 2031 1926 2095 aut
1952 2028 2124 2097 inienium

267 2181 487 2250 causaberint
503 2179 690 2258 nobiscum,
721 2197 927 2264 componere
950 2179 1120 2264 obligabit
1143 2198 1180 2246 se
1202 2181 1236 2248 et
1258 2197 1338 2247 suos
1360 2179 1480 2247 eredes
1502 2180 1600 2249 nobis
1623 2183 1819 2268 nostrisque
1842 2183 2003 2253 eredibus
2025 2149 2146 2270 qumss

271 2332 442 2417 quaginta
467 2331 593 2401 solidos
621 2333 868 2408 constantines,
887 2333 922 2398 et
945 2333 1038 2398 omni
1062 2333 1219 2416 tempore
1242 2331 1341 2397 taciti
1365 2330 1445 2398 indo
1469 2334 1661 2408 manerent,
1687 2335 1722 2400 ot
1746 2337 1862 2400 omnia
1885 2337 2124 2422 suprascripta

254 2503 330 2568 -per
347 2485 587 2568 suprascripto
610 2482 731 2552 ordine
754 2501 817 2568 per
841 2483 961 2550 inbitis
986 2483 1085 2549 nobis
1109 2481 1295 2568 complirc;
1312 2481 1403 2549 unde
1426 2501 1490 2568 pro
1515 2485 1630 2550 omnia
1653 2485 1892 2570 suprascripta
1915 2503 1978 2570 per
2002 2505 2127 2570 supra-

268 2635 360 2702 dicto
384 2635 505 2702 ordine
530 2635 629 2703 nobis
652 2637 845 2722 nostrisque
868 2637 1028 2706 eredibus
1052 2634 1311 2721 adinplendum,
1330 2635 1462 2721 guadia
1486 2637 1573 2704 mihi
1597 2637 1670 2722 ipso
1693 2639 1865 2722 alphanus
1879 2635 1974 2706 dedit
1996 2643 2032 2706 et
2055 2658 2127 2706 me-

265 2785 438 2854 diatorem
455 2785 555 2854 nobis
571 2786 686 2871 posuit
701 2806 737 2855 se
753 2787 878 2872 ipsum.
897 2793 933 2856 et
949 2807 1014 2855 unc
1029 2790 1167 2856 brebem
1184 2787 1324 2874 scripsit
1340 2805 1407 2872 ego
1423 2788 1599 2873 iaquintus
1612 2788 1781 2864 notarius
1800 2789 1857 2871 qui
1875 2787 2029 2854 interlui.

326 2909 355 3020 †
371 2955 438 3023 ego
454 2937 616 3008 radechis
631 2939 786 3008 notarius
801 2959 856 3007 me
872 2941 1056 3025 subscripsi

326 3059 355 3172 †
371 3103 438 3171 ego
454 3088 669 3172 grimoaldus

323 3210 352 3320 †
367 3254 436 3322 ego
452 3241 572 3322 petrus
586 3239 742 3308 notarius
758 3260 810 3308 mo
825 3242 1024 3325 subscripsi.

1033 3745 1340 3824 oenxxx.
1361 3833 1365 3848 ,

1049 3996 1102 4068 Α.
1139 3995 1189 4070 D.
1229 3992 1331 4070 974.

323 4251 358 4384 †
373 4305 441 4370 Nos
459 4299 604 4384 gisolfus
620 4300 656 4367 et
670 4315 811 4384 gemma
826 4299 881 4366 vir
896 4301 931 4365 et
946 4316 1035 4364 uxor
1051 4299 1086 4364 et
1100 4297 1270 4382 paldolfus
1285 4297 1421 4382 optatus
1436 4297 1526 4365 filius
1549 4297 1663 4364 noster
1680 4297 1734 4366 dei
1756 4295 1973 4381 previdentia
1998 4298 2117 4378 lango·

265 4449 451 4518 bardorum
468 4451 584 4537 gentis
599 4451 815 4538 principibus
829 4450 1049 4520 concedimus
1064 4450 1128 4517 tibi
1152 4451 1265 4546 nicole
1280 4451 1439 4535 magistri
1456 4449 1548 4518 filius
1571 4450 1667 4534 sergi
1683 4451 1779 4517 terra
1793 4450 1885 4515 sacri
1901 4450 2011 4515 nostri
2028 4450 2123 4532 pala-

263 4603 306 4668 tii
321 4601 417 4671 intus
432 4604 497 4670 hec
512 4602 759 4672 salernitanam
775 4601 950 4669 civitatem
964 4600 1163 4670 coniuntum
1180 4619 1260 4669 cum
1276 4599 1442 4684 parietem
1455 4603 1611 4667 nostrum
1624 4597 1667 4665 de
1682 4599 1757 4683 ipso
1773 4597 1961 4668 viridiareo
1977 4601 2065 4667 etas
2081 4600 2121 4667 fl·

270 4754 327 4823 nis
342 4758 378 4824 et
392 4755 564 4824 mensuris
580 4757 683 4824 habet
698 4755 855 4842 predicta
871 4758 979 4824 terra:
999 4773 1021 4824 a
1037 4773 1119 4840 pars
1135 4753 1280 4822 meridie
1296 4754 1366 4822 tine
1382 4755 1456 4839 ipso
1472 4753 1604 4838 pariete
1615 4753 1658 4821 de
1673 4754 1748 4838 ipso
1763 4753 1963 4832 viridiareo,
1975 4755 2056 4820 sunt
2069 4753 2124 4820 in-

133 4999 138 5008 ·
267 4904 311 4972 de
326 4905 430 4990 podes
446 4905 577 4974 decem:
592 4924 707 4998 apars
723 4905 909 4975 occidentis
919 4907 990 4974 tine
1002 4909 1073 4986 tua,
1091 4909 1173 4975 sunt
1188 4905 1268 4974 inde
1284 4906 1387 4992 pedes
1399 4906 1589 4976 duodecim:
1609 4924 1631 4974 a
1646 4925 1730 4992 pars
1746 4904 2040 4991 septemtrionalis
2054 4903 2122 4970 line

264 5061 392 5144 platea,
412 5061 494 5128 sunt
509 5059 590 5128 inde
604 5058 708 5145 pedes
723 5058 851 5127 decem:
871 5061 916 5126 ab
929 5057 1063 5127 oriente
1078 5059 1148 5126 llne
1162 5058 1272 5126 nostri
1288 5061 1427 5143 palatii,
1441 5063 1520 5128 sunt
1535 5058 1617 5128 inde
1629 5059 1789 5127 similiter
1808 5056 1912 5142 pedes
1927 5054 2117 5140 duodecim3

267 5211 377 5278 totum
392 5169 629 5277 mensuratum
647 5209 692 5277 ad
708 5210 802 5278 iusta
817 5226 957 5278 manum
973 5211 1119 5278 homini.
1138 5211 1307 5296 simulque
1323 5211 1358 5277 et
1371 5211 1586 5281 concedimus
1601 5210 1677 5284 tibi,
1693 5212 1729 5276 ut
1744 5205 1853 5275 licead
1868 5207 1903 5272 te
1917 5205 1953 5272 et
1967 5203 2037 5270 tuis
2059 5203 2120 5270 he·

267 5361 407 5432 redibas
421 5363 593 5431 fabricare
610 5363 647 5430 in
663 5362 738 5448 ipso
754 5363 885 5447 pariete
901 5362 944 5432 de
959 5363 1035 5448 ipso
1051 5362 1250 5442 viridiare0,
1269 5361 1312 5430 de
1335 5365 1501 5448 quantum
1525 5347 1601 5447 ipsa
1623 5365 1718 5430 terra
1739 5363 1801 5426 tua
1823 5361 1858 5426 et
1879 5345 2120 5442 suprascripta

266 5517 385 5582 nostra
400 5515 621 5584 concessione
635 5517 773 5592 retinet,
791 5516 916 5600 etipse
933 5516 1067 5601 pariete
1090 5515 1304 5584 abscondatis
1324 5511 1565 5584 fabricandum
1590 5515 1756 5600 quantum
1779 5509 1981 5597 volueritis3
1999 5511 2034 5577 et
2058 5509 2123 5577 ibi·

268 5668 346 5736 dem
362 5685 422 5738 uos
438 5667 683 5754 appreendatis
697 5672 732 5738 et
747 5669 918 5739 edificium
935 5671 1073 5739 faciatis
1088 5674 1124 5738 et
1138 5669 1290 5738 habeatis
1304 5690 1314 5756 3
1332 5670 1380 5737 ita
1395 5670 1433 5736 ut
1448 5669 1581 5736 nullam
1597 5667 1754 5735 foramen
1769 5663 1897 5734 ibidem
1921 5662 2071 5740 faciatis,
2085 5664 2124 5728 ut

264 5817 345 5888 inde
361 5818 518 5906 aspicere
534 5821 684 5906 possetis
699 5821 828 5907 inipso
843 5821 1053 5908 viridiare03
1078 5822 1204 5890 iterum
1221 5825 1256 5888 et
1278 5820 1497 5890 concedimus
1519 5818 1595 5897 tibi,
1622 5823 1661 5887 ut
1684 5817 1794 5900 licead
1817 5820 1852 5884 te
1874 5819 1909 5883 et
1932 5812 2119 5883 heredibus
