5378 7098
616 635 656 694 18
1280 612 1440 682 dollllx
1486 611 1718 683 davuhsls

567 863 657 931 iusto
681 861 924 945 conquisitum,
951 857 1007 924 ubi
1031 859 1087 923 aut
1114 855 1263 940 qualiter
1287 855 1463 922 volueritis
1478 854 1651 940 nichilque
1667 873 1772 940 super
1787 871 1846 922 vos
1863 856 2020 923 abentem
2038 857 2155 940 aliqua
2175 855 2422 943 conducione')

567 1017 621 1082 vel
646 1013 824 1090 aldietate,
841 1013 876 1079 et
892 1011 950 1078 ubi
967 1013 1011 1078 ab
1027 1010 1087 1078 illo
1103 1009 1159 1078 die
1176 1011 1357 1078 ambulare
1372 1013 1406 1077 et
1421 1029 1486 1078 exo
1503 1010 1694 1088 uolueritis,
1715 1011 1860 1078 liberam
1877 1009 2007 1078 abeatis
2031 1011 2234 1094 potestatem
2251 1013 2425 1078 ambulan-

567 1165 647 1232 dum
664 1169 698 1233 et
712 1183 777 1234 exe
795 1164 920 1249 ubique
937 1163 1041 1230 vultis
1053 1164 1181 1247 absque
1197 1162 1290 1228 omni
1307 1161 1557 1228 contrarietate
1572 1162 1627 1228 vel
1646 1161 1871 1247 requisitione
1888 1160 1931 1230 de
1946 1161 2075 1230 nostris
2090 1163 2271 1230 heredibus
2283 1164 2343 1228 aut
2355 1164 2425 1230 cui·

566 1335 633 1403 qua
648 1315 857 1402 homiuibus;
874 1317 908 1382 et
928 1333 990 1399 per
1014 1331 1081 1380 ano
1107 1309 1277 1380 cartulam
1301 1313 1496 1398 obligamus
1513 1311 1656 1380 heredes
1671 1315 1819 1389 nostras,
1846 1313 1883 1377 ut
1909 1312 1939 1378 si
1965 1311 2148 1396 aliquando
2170 1315 2324 1397 tempore
2346 1317 2423 1398 post

564 1473 721 1572 nostrum
738 1470 795 1555 qui
811 1488 917 1555 supra
934 1469 1001 1536 uiri
1018 1471 1053 1537 et
1077 1469 1180 1536 uxori
1203 1467 1346 1546 obitum,
1366 1469 1402 1533 ut
1424 1468 1453 1534 si
1470 1471 1502 1536 te
1517 1467 1718 1534 nominatus
1742 1467 1911 1533 iohannes
1934 1466 1972 1532 in
1995 1465 2174 1534 sorbitium
2197 1466 2342 1534 subdere
2364 1470 2422 1534 aut

565 1622 736 1707 replicare
752 1620 955 1706 quesierint,
974 1622 1034 1686 aut
1051 1620 1080 1686 si
1096 1619 1219 1705 aliquit
1234 1617 1277 1686 de
1294 1637 1332 1686 ec
1348 1621 1449 1685 carta
1471 1616 1742 1694 contradisserit‚
1762 1618 1844 1683 tunc
1871 1615 2020 1700 primum
2048 1615 2201 1681 omnium
2230 1616 2363 1700 questio
2389 1619 2423 1682 et

563 1775 717 1843 causatio
740 1775 878 1842 illorum
902 1775 947 1843 sit
968 1773 1095 1842 exindo
1107 1775 1212 1842 tacita
1240 1778 1275 1839 et
1289 1791 1410 1850 uacua,
1428 1775 1462 1840 et
1478 1771 1605 1857 biginti
1621 1771 1700 1839 auri
1722 1769 1849 1838 solidos
1873 1771 2084 1837 costantinos
2107 1787 2314 1854 componere
2337 1757 2420 1838 obli-

565 1931 721 2016 gabimus
736 1927 881 1996 heredes
904 1929 1041 1995 nostras
1058 1927 1121 1992 tibi
1137 1926 1306 1992 nominati
1322 1923 1476 2004 iohanni,
1495 1926 1549 1994 vel
1565 1924 1620 1992 oui
1632 1941 1697 1990 anc
1714 1925 1881 1990 cartulam
1898 1922 1972 1990 vice
1986 1924 2101 1990 vestra
2116 1922 2163 1988 im
2179 1941 2285 1990 manu
2300 1939 2421 2007 parue-

564 2082 623 2160 rit,
642 2085 687 2160 et,
706 2080 794 2148 sicut
809 2079 938 2147 dictum
958 2081 1020 2156 est,
1040 2079 1133 2144 omni
1151 2079 1304 2162 tempore
1322 2077 1466 2146 liberum
1484 2080 1519 2144 et
1535 2077 1729 2144 absolutum
1754 2075 1996 2160 permaneatis,
2015 2077 2050 2142 et
2076 2077 2227 2142 vestrum
2251 2075 2422 2160 conquisi-

562 2237 633 2302 tum
651 2233 798 2302 firmiter
814 2234 919 2300 abere
934 2234 969 2299 et
984 2231 1158 2316 possidere
1174 2231 1327 2298 ualeatis.
1343 2233 1378 2297 et
1395 2230 1510 2298 taliter
1535 2229 1685 2296 scribere
1702 2227 1905 2312 rogabimus
1929 2230 1963 2294 te
1987 2226 2178 2294 madelmus
2201 2227 2366 2294 notarius.
2385 2245 2422 2293 a·

562 2389 654 2454 ctum
671 2387 821 2454 salerno.
1598 2359 1601 2370 ’

621 2511 652 2624 †
667 2554 734 2622 ego
750 2536 933 2622 truppoald

620 2662 730 2774 †ego
746 2688 908 2756 radechis
922 2691 1078 2790 notarius
1094 2708 1149 2756 me
1161 2689 1344 2757 subscribsi

621 2815 651 2929 †
666 2857 732 2926 ego
748 2840 946 2908 romoaldus

620 2966 649 3079 †
665 3011 731 3078 ego
747 2993 836 3059 maio

619 3119 649 3231 †
665 3165 731 3232 ego
747 3165 830 3214 ursu

618 3272 647 3384 †
664 3316 731 3382 ego
747 3299 940 3383 truppoald.

1335 3799 1621 3880 CCXXVI.

1341 4045 1395 4120 A.
1433 4043 1484 4122 D.
1521 4039 1625 4120 964.

617 4300 706 4439 †ln
721 4348 1003 4419 nominedomini
1020 4367 1113 4418 anno
1128 4349 1301 4417 tricesimo
1317 4350 1466 4418 secundo
1484 4349 1700 4436 principatus
1715 4350 1832 4417 domni
1851 4351 1958 4418 nostri
1987 4350 2102 4436 gisolfi
2131 4351 2275 4436 gloriosi
2292 4353 2421 4437 princi-

561 4503 629 4588 pis,
648 4521 763 4573 mense
778 4502 883 4571 iulius
899 4501 1048 4588 septima
1065 4501 1265 4570 indictione.
1290 4502 1393 4570 hideo
1415 4521 1480 4588 que
1496 4520 1559 4571 nos
1575 4502 1751 4572 maraldus
1765 4507 1800 4572 et
1814 4501 1988 4588 iaquintus
2004 4503 2164 4588 germani
2171 4555 2416 4572 .....

561 4653 779 4725 declaramus
802 4657 932 4724 habere
954 4658 1047 4726 terre
1063 4659 1183 4725 nostre
1199 4659 1308 4726 bacue
1323 4657 1360 4726 iu
1377 4659 1490 4724 locum
1508 4657 1628 4738 hateri,
1648 4657 1707 4743 qui
1723 4659 1775 4726 est
1790 4660 1911 4742 suptus
1933 4657 2009 4742 ipso
2033 4661 2149 4726 monte
2172 4658 2208 4724 in
2224 4659 2301 4742 ipso
2316 4661 2420 4744 plano

560 4822 632 4873 non
647 4807 833 4875 multuma
856 4807 961 4892 longe
1002 4857 1306 4873 ......
1356 4807 1585 4876 communiter
1609 4807 1686 4876 illut
1709 4807 1836 4878 donare
1859 4807 2047 4876 domnandi
2063 4811 2097 4875 et
2113 4808 2258 4893 iaquinti
2282 4809 2418 4878 aurifici

561 4959 626 5027 filii
641 4959 812 5045 quondam
830 4960 1002 5030 amaslani
1016 4961 1152 5030 aurifex
1168 4963 1242 5030 tota
1258 4980 1312 5032 res
1329 4962 1405 5048 ipsa
1419 4980 1485 5048 que
1524 5013 1887 5028 .......
1938 4959 2036 5030 nobis
2052 4963 2266 5046 pertinentes
2289 4966 2340 5033 est
2362 4983 2417 5033 res

560 5113 639 5198 ipsa
653 5115 784 5182 habere
812 5112 1007 5200 apartibus
1029 5112 1074 5180 da
1097 5111 1253 5198 predicto
1276 5113 1428 5198 genitori
1449 5116 1579 5183 nostro.
1597 5118 1631 5181 et
1647 5082 1724 5181 ideo
1747 5131 1809 5181 nos
1830 5112 1960 5198 superii
1976 5113 2142 5181 nominati
2159 5117 2331 5198 germani,
2351 5134 2410 5181 vo·

558 5281 603 5330 na
624 5264 750 5334 etenim
773 5265 894 5332 nostra
917 5283 1006 5332 vona
1028 5265 1228 5344 volumtate,
1249 5283 1312 5352 per
1328 5267 1417 5334 hanc
1440 5267 1575 5335 cartula
1596 5265 1766 5335 donamus
1790 5268 1891 5351 atque
1914 5263 1956 5332 ad
1973 5282 2109 5350 semper
2124 5264 2320 5333 habendum
2336 5284 2417 5333 con·
2443 5257 2444 5260 ’

558 5415 736 5484 firmamus
751 5415 847 5484 vobis
863 5415 1032 5484 nominati
1056 5415 1241 5485 damnandi
1265 5421 1300 5486 et
1322 5415 1566 5504 iaquintitota
1587 5421 1621 5488 et
1643 5417 1765 5487 inolita
1787 5435 1842 5486 res
1866 5415 1954 5502 ipsa,
1972 5417 2137 5501 quantum
2160 5419 2355 5502 quantoque
2379 5418 2415 5483 in

557 5562 636 5647 ipso
651 5563 763 5631 locum
789 5564 898 5634 veteri
921 5567 1089 5635 habemus
1111 5567 1233 5650 suptus
1256 5567 1332 5652 ipso
1355 5569 1481 5646 monte,
1509 5569 1615 5636 sicin
1640 5567 1815 5653 integrum
1840 5565 1916 5634 illut
1932 5565 2027 5634 vobis
2045 5583 2103 5633 eos
2118 5565 2322 5634 donabimus
2337 5584 2415 5635 oum

569 5745 821 5754 ῌ--ἡ-
846 5749 921 5755 ...—..
936 5750 961 5754 --

613 5867 637 5939 ⁸)
654 5868 838 5940 Conductum,
861 5871 938 5928 idem
960 5885 993 5927 ac
1014 5873 1201 5929 corrdoclionc.

942 5969 951 5990 2
