5378 7098
496 579 544 627 nn
1267 545 1297 613 ll
1308 543 1496 616 OlllTllll

389 895 392 901 ,
448 796 702 886 Pandollum
744 793 872 906 lugat,
911 789 1084 899 eiusque
1127 787 1232 872 solio
1270 788 1441 899 potitur.
1477 761 1596 872 Haec
1639 815 1748 873 anno
1790 787 2109 906 nongentesimo
2160 797 2300 871 octua-

448 980 605 1096 gesimo
647 974 834 1060 evenisse
877 997 1075 1056 cavenses
1117 967 1286 1053 chartae
1335 979 1554 1052 testantur.
1591 969 1650 1054 At
1696 969 1763 1053 vix
1812 983 1883 1054 aut
1928 998 1979 1054 ne
2022 969 2093 1054 vix
2135 969 2302 1082 quidem

449 1158 611 1272 expleto
654 1155 856 1252 biennia,
891 1149 1122 1236 Salernitae
1166 1149 1415 1235 Mansonem
1464 1147 1639 1260 eiusque
1681 1146 1816 1232 filium
1840 1150 2022 1262 'imperii
2071 1165 2304 1237 consortem

450 1339 603 1454 perosi,
640 1335 810 1430 eiciunt,
847 1346 888 1416 et
929 1333 1131 1416 Ioannem
1168 1328 1442 1413 Lambortum
1480 1328 1556 1414 sibi
1599 1329 1832 1442 principem
1866 1341 2023 1414 creant.
2065 1331 2148 1417 Hic
2189 1332 2304 1444 equi-

449 1521 545 1604 dem
590 1519 801 1612 loannes,
845 1511 957 1598 filius
999 1511 1168 1597 loannis
1216 1510 1427 1595 lamberti
1473 1539 1493 1595 e
1537 1510 1765 1622 Spoletinis
1815 1511 2034 1607 Ducibus,
2078 1511 2304 1624 opitulante

450 1697 659 1785 Pandollo
686 1695 743 1792 ll,
776 1647 898 1779 cuius
924 1719 1127 1790 sororem,
1153 1691 1235 1788 vel,
1262 1704 1308 1774 ut
1337 1691 1406 1774 alii
1436 1705 1642 1788 asserunt,
1678 1688 1804 1773 filiam
1830 1690 2097 1804 Sigelgaitam
2133 1719 2330 1776 irrorem-

450 1881 638 1974 duxerat,
670 1875 791 1959 facile
835 1873 912 1958 sibi
953 1871 1232 1985 principatum
1276 1899 1421 1983 parare
1461 1883 1636 1984 poterat.

538 2058 746 2171 Equidem
785 2054 1056 2139 Lambertum
1095 2053 1145 2136 ad
1182 2053 1461 2165 principatum
1499 2065 1713 2150 evectum,
1750 2065 1936 2136 vertente
1975 2080 2085 2138 anuo
2118 2079 2304 2164 nongen-

450 2243 596 2326 tesimo
641 2235 925 2349 octuagesimo
966 2235 1103 2332 tertio,
1136 2235 1340 2319 nonnulla
1378 2234 1591 2319 Tabularii
1632 2234 1761 2318 nostri
1798 2234 2047 2319 documenta
2084 2202 2335 2319 testificans

451 2437 534 2518 tur,
569 2419 723 2534 quibus
767 2416 968 2503 Chronioi
1011 2397 1212 2502 Cavensis
1254 2417 1306 2500 ad
1351 2444 1537 2529 unguem
1578 2415 1706 2500 verba
1750 2417 2032 2528 respondent:
2071 2417 2193 2499 eto.
2220 2411 2308 2526 983

455 2597 715 2684 Salernitoni
744 2623 836 2680 saos
860 2581 1070 2708 principes
1098 2595 1361 2704 (Mansonem
1391 2595 1564 2707 eiusque
1604 2593 1755 2703 filium)
1784 2594 2007 2705 expellant,
2033 2607 2068 2678 et
2098 2597 2143 2678 ia
2165 2621 2306 2677 eoram

446 2781 681 2892 principem
722 2777 961 2860 extulerant
1002 2776 1202 2860 loannem
1242 2776 1290 2858 de
1332 2774 1552 2860 Lataberto
1600 2775 1857 2859 Tuscanease
1878 2776 1943 2882 'in
1975 2776 2112 2885 pridie
2153 2742 2306 2858 Kelen-

451 2962 525 3047 das
567 2960 776 3044 Ianuarii.
812 2956 934 3054 Quod
976 2984 1075 3041 vero
1112 2956 1398 3069 pratillianum
1437 2921 1667 3041 chronicon
1704 2957 1911 3054 reticete
1954 2955 2202 3039 cavensibus
2235 2955 2305 3038 do-

451 3143 660 3228 cumentis
690 3139 883 3236 habetur,
910 3138 1074 3221 scilicet
1110 3137 1312 3222 Ioannem
1343 3136 1617 3222 Lambortum
1651 3138 1748 3250 ipsis
1781 3137 1834 3220 ab
1867 3135 1995 3220 initiis
2019 3133 2153 3219 filium
2182 3161 2304 3218 suum

453 3324 692 3411 Guidorrem
735 3322 897 3407 socium
941 3319 1018 3404 sibi
1056 3319 1279 3412 addidisse,
1310 3333 1349 3402 et
1380 3320 1478 3404 huic
1510 3320 1696 3434 quinque
1725 3331 1819 3430 post
1847 3317 1967 3400 anuis
1998 3317 2081 3399 vita
2111 3314 2305 3400 defuncto

452 3505 632 3588 alterum
669 3502 800 3586 filium
841 3501 1133 3586 Guaimarium
1161 3503 1221 3587 lIl
1262 3503 1447 3599 nomine,
1479 3530 1761 3588 successorem
1799 3503 1985 3586 dedisse:
2024 3529 2134 3586 anno
2166 3513 2306 3626 autem

451 3681 774 3794 nongentesimo
817 3708 966 3776 nono,
1015 3710 1097 3792 quo
1148 3682 1398 3767 Lambortus
1454 3687 1671 3796 repentino
1713 3683 1858 3766 morbo
1906 3684 2170 3768 exanimatus
2212 3696 2302 3780 est,

449 3861 744 3949 Guaimarium
796 3863 935 3945 solum
985 3861 1268 3973 principatum
1316 3864 1513 3949 tenuisse.
1555 3865 1637 3948 Sed
1683 3865 1786 3948 hacc
1828 3863 2045 3946 hactenus.
2086 3864 2209 3949 Nunc
2253 3866 2304 3948 de

446 4040 626 4126 huiusce
669 4054 834 4125 nostrae
878 4038 1071 4124 editionis
1113 4041 1324 4153 proposito
1368 4071 1500 4154 pauca
1544 4044 1697 4128 addere
1741 4056 1874 4127 vacat.

536 4220 670 4334 Igitur
712 4218 799 4303 sive
844 4219 886 4303 iu
915 4219 1153 4331 diplomatis
1191 4221 1537 4318 transcribendis,
1569 4223 1654 4306 sivo
1689 4224 1729 4306 in
1763 4225 2000 4308 vernaculis
2028 4225 2202 4308 vocilius
2229 4227 2302 4310 'rid-

447 4396 659 4519 notandis,
701 4399 788 4482 sive
831 4399 1011 4510 denique
1055 4399 1098 4482 in
1145 4399 1354 4509 syllabicis
1391 4401 1596 4486 indicibus
1629 4399 1915 4499 conficiendis,
1955 4401 2100 4486 eodem
2134 4431 2302 4515 prorsus

447 4575 651 4670 instituto,
682 4575 911 4686 eademque
954 4576 1166 4673 methodo,
1199 4605 1283 4689 qua
1320 4579 1517 4692 primum,
1553 4607 1666 4663 nunc
1704 4579 1881 4663 alterum
1919 4580 2073 4665 codicis
2106 4582 2300 4665 volumen

447 4756 490 4838 in
534 4756 672 4840 lucem
714 4754 945 4867 prodimus.
983 4754 1066 4840 Sed
1108 4756 1216 4842 inter
1253 4771 1478 4870 utrumque
1519 4758 1561 4842 id
1598 4759 1859 4844 solummodo
1897 4761 2079 4858 interest,
2112 4762 2226 4872 quod
2259 4763 2301 4845 ia

447 4935 721 5047 diplomatum
764 4935 1084 5048 transcriptione
1127 4938 1410 5023 conclusionis
1451 4939 1692 5038 formulam,
1736 4969 1804 5038 ne,
1850 4941 1996 5026 eadem
2033 4968 2198 5054 semper
2235 4970 2300 5026 ca·

447 5118 601 5215 nenda,
627 5115 780 5202 frustra
812 5145 981 5231 operam
1013 5107 1213 5218 teramus
1246 5121 1517 5206 omittendam
1552 5123 1764 5208 duximus.
1796 5125 1911 5221 Quae
1940 5125 2110 5237 quidem
2132 5124 2301 5210 omissio
2400 5116 2402 5120 ’

447 5297 690 5381 nullatenus
713 5297 1063 5383 documentorum
1085 5300 1226 5384 sensui
1249 5298 1428 5398 oblimet,
1456 5329 1551 5387 cum
1581 5303 1737 5388 centies
1764 5303 1921 5388 eisdem
1949 5303 2086 5389 verbis
2114 5331 2301 5416 espressa

446 5476 674 5560 lectoribus
716 5489 943 5610 occurrat,
967 5477 1153 5563 scilicet:
1194 5477 1312 5576 and
1353 5484 1388 5566 si
1429 5484 1596 5583 taliter,
1630 5498 1673 5568 at
1714 5483 1868 5567 dictam
1909 5497 1966 5567 est
2006 5484 2113 5567 illud
2143 5509 2302 5594 semper

449 5655 522 5740 tibi
558 5658 719 5768 tuisque
761 5658 980 5744 heredibus
1016 5690 1096 5746 aaa
1131 5662 1498 5769 defensaverimus
1524 5681 1596 5750 aat
1627 5669 1663 5751 si
1695 5666 2019 5774 nosocomium
2055 5691 2302 5750 successores
