5378 7098
980 645 1355 720 nlllldllaTldUs

991 1095 1330 1176 CCXXXVL

1018 1342 1301 1423 eliam.

285 1605 322 1744 †
338 1661 378 1724 ln
394 1655 533 1724 nomine
548 1653 680 1722 domini
690 1638 876 1722 ¹tricesimo
887 1653 990 1722 tertio
1005 1671 1095 1720 anno
1111 1654 1327 1740 principatus
1344 1654 1460 1722 domni
1478 1657 1587 1724 nostri
1600 1657 1714 1742 gisolfi
1730 1659 1882 1743 glorioso
1899 1659 2085 1744 princeps,
2120 1659 2122 1664 '

230 1827 348 1878 meuse
363 1808 558 1878 februarius
573 1825 667 1876 nona
682 1806 881 1876 indictione.
900 1807 1181 1875 memoratorium
1198 1808 1292 1875 factu
1310 1826 1332 1877 a
1347 1827 1403 1876 me
1419 1809 1661 1894 maghenolfus
1678 1809 1770 1879 lilius
1792 1809 1962 1895 quondam
1980 1810 2084 1892 madi,

227 1982 265 2031 eo
280 1963 374 2048 quod
391 1963 429 2029 in
445 1961 589 2031 nuceria
604 1963 684 2032 ante
699 1961 970 2030 subscribtorum
986 1961 1126 2029 testium
1153 1979 1216 2046 per
1243 1979 1334 2028 vona
1361 1961 1612 2030 combenientia
1638 1967 1672 2030 et
1699 1980 1789 2031 vona
1813 1981 1879 2033 sua
1902 1965 2088 2035 bolumtate

230 2114 361 2200 guadia
375 2114 464 2181 mihi
480 2113 576 2182 dedit
590 2115 711 2198 petrus
727 2113 819 2183 illius
834 2113 974 2180 bisantii
989 2111 1031 2180 do
1046 2114 1157 2180 locum
1181 2129 1301 2192 sarnu,
1319 2115 1355 2180 et
1369 2111 1594 2181 mediatorem
1611 2114 1698 2180 mihi
1714 2114 1830 2198 posuit
1852 2125 1971 2199 petrus
1993 2116 2084 2183 filius

228 2263 405 2350 quondam
422 2261 610 2348 sadelperti
635 2262 679 2331 de
702 2282 746 2330 ex
761 2263 879 2332 ecdem
897 2265 1009 2330 locum
1027 2281 1155 2331 nucera
1171 2266 1205 2330 et
1220 2261 1390 2347 adalghisi
1413 2261 1579 2331 diaconus
1602 2263 1693 2333 filius
1715 2263 1813 2331 sarni
1836 2264 2018 2349 presbiteri
2042 2267 2085 2336 de

230 2434 272 2482 ex
287 2416 411 2484 eodem
429 2416 541 2483 locum
557 2434 675 2494 sarnu,
695 2417 757 2483 tali
774 2413 906 2494 ordine,
926 2417 964 2482 ut
978 2415 1044 2483 isto
1061 2433 1176 2484 mense
1191 2415 1369 2484 februario
1384 2417 1499 2484 stante
1513 2413 1605 2482 diem
1621 2433 1690 2481 una
1704 2414 1806 2484 daret
1827 2417 1914 2484 mihi
1938 2420 1975 2486 at
1998 2421 2087 2504 legi·

228 2571 347 2637 timam
365 2587 510 2639 uxorem
526 2568 724 2638 habendum
741 2567 869 2636 monda
883 2568 956 2635 illia
970 2585 1043 2656 sua3
1061 2567 1139 2636 etsi
1156 2568 1234 2653 ipsa
1249 2568 1370 2637 eadem
1387 2568 1462 2636 fllia
1476 2584 1538 2636 sua
1560 2568 1646 2635 milri
1671 2567 1865 2652 legitimam
1881 2587 2025 2639 uxorem
2050 2571 2085 2636 in

229 2720 357 2789 dictum
373 2719 597 2788 constitutum
612 2719 698 2786 mihi
715 2737 785 2787 non
800 2718 945 2798 dederit,
964 2717 1134 2804 obligavit
1148 2737 1185 2787 se
1201 2737 1264 2804 per
1282 2719 1359 2804 ipsa
1374 2717 1494 2786 eadem
1511 2717 1640 2804 guadia
1662 2721 1700 2786 at
1722 2718 1996 2804 componendum
2019 2739 2082 2788 no-

229 2871 279 2936 bis
303 2870 561 2957 quinquaginta
584 2869 661 2937 auri
685 2868 813 2938 solidos
836 2869 1072 2938 constantinus
1094 2871 1129 2936 ot
1143 2887 1207 2954 per
1222 2869 1353 2935 imvitis
1369 2869 1445 2954 ipsa
1459 2869 1533 2936 filia
1548 2886 1609 2936 sua
1624 2870 1711 2936 mihi
1736 2869 1927 2954 legitimam
1942 2887 2087 2938 uxorem

228 3022 337 3090 daret.
362 3021 454 3089 unde
485 3021 614 3090 ividem
636 3037 780 3105 presens
803 3038 866 3107 per
891 3021 1053 3090 baculum
1076 3020 1150 3104 ipso
1171 3022 1290 3104 petrus
1313 3019 1389 3104 ipsa
1411 3020 1484 3086 filia
1506 3037 1567 3087 sua
1600 3019 1686 3086 milri
1716 3021 1910 3105 legitimam
1940 3039 2086 3090 risorem

229 3171 385 3252 tradidit,
418 3175 454 3241 et
475 3190 557 3241 arre
580 3191 602 3240 a
625 3191 681 3240 me
704 3159 817 3258 recepi
841 3190 905 3258 pro
933 3173 1011 3258 ipsa
1036 3171 1108 3240 fllia
1133 3191 1197 3241 sua
1219 3171 1367 3240 solidum
1390 3189 1534 3240 aureum
1560 3171 1794 3239 costantinum
1818 3191 1936 3252 uuum,
1968 3174 2003 3239 et
2026 3191 2088 3257 per

229 3323 344 3407 ipsum
359 3322 479 3392 eadem
497 3325 656 3392 baculum
672 3325 783 3410 ipsius
797 3325 888 3411 petri
905 3326 1188 3395 recommandavi
1204 3326 1282 3412 ipsa
1297 3326 1371 3394 filia
1394 3343 1457 3394 sua
1471 3343 1580 3411 usque
1596 3325 1633 3392 in
1648 3324 1778 3392 dictum
1795 3326 2030 3403 constitutum,
2049 3330 2087 3392 ut

229 3473 325 3542 illam
345 3478 428 3560 aput
440 3493 496 3544 mo
507 3477 702 3562 legitimam
719 3494 863 3546 uxorem
881 3478 1084 3548 remidteret
1100 3478 1173 3564 ipsa
1187 3477 1329 3564 guadla,
1348 3477 1438 3547 sicut
1453 3476 1548 3545 illam
1566 3477 1651 3542 mihi
1665 3475 1793 3560 guadia
1808 3475 1926 3544 habui.
1945 3477 1979 3545 et
1995 3478 2088 3544 huno

230 3628 367 3696 brebem
390 3627 514 3696 scribsi
530 3646 597 3714 ego
612 3629 775 3698 ildericus
791 3630 1022 3700 subdiaconus
1037 3635 1071 3700 et
1086 3632 1243 3699 notarius
1259 3631 1318 3716 qui
1335 3629 1486 3700 interfui.

287 3752 401 3868 †ego
424 3787 543 3869 petrus
566 3783 743 3852 diaconus.

286 3906 317 4022 †
334 3951 401 4018 ego
424 3935 614 4003 romoaldo.
657 4013 661 4019 ,

980 4446 1344 4528 CCXXXVH.

1016 4692 1302 4774 allow.

296 4949 387 5088 †ln
410 5003 550 5072 nomine
573 5003 704 5072 domini
728 4981 820 5073 anno
843 5005 1018 5074 tricesimo
1033 5005 1135 5073 tertio
1152 5005 1370 5092 principatus
1384 5004 1502 5073 domni
1525 5004 1635 5072 nostri
1659 5003 1774 5088 gisolfi
1797 4999 1942 5087 gloriosi
1966 4999 2097 5083 priuci-

238 5154 304 5238 pis,
323 5173 444 5226 mense
461 5157 658 5228 februarius
673 5177 764 5229 nona
779 5160 979 5232 indictione.
999 5160 1086 5229 Ideo·
1101 5180 1168 5247 qua
1183 5179 1250 5247 ego
1267 5160 1412 5230 edelfert
1428 5159 1602 5229 castaldus
1618 5159 1711 5227 filius
1727 5154 1901 5242 quondam
1918 5151 2094 5230 roderissi,

237 5307 329 5376 sicut
351 5310 439 5377 milri
463 5329 656 5398 congruum
680 5316 758 5392 est,
785 5333 848 5400 per
871 5317 962 5383 hanc
983 5315 1151 5383 cartulam
1176 5330 1266 5382 vona
1290 5333 1368 5382 urea
1390 5314 1579 5381 volumtate
1601 5315 1681 5379 aute
1703 5311 1824 5396 petrus
1847 5304 1949 5374 iudex
1972 5305 2006 5372 et
2035 5304 2095 5371 alii

237 5461 345 5529 testes
368 5453 574 5533 venumdedi
602 5464 664 5532 tibi
688 5465 831 5534 landolfi
849 5467 942 5536 illius
963 5467 1082 5536 domui
1110 5468 1263 5545 atenolfi,
1289 5467 1346 5554 qui
1370 5467 1437 5534 luit
1454 5466 1629 5552 princeps,
1655 5467 1749 5530 terra
1780 5476 1858 5529 mea
1881 5476 1959 5526 cum
1985 5457 2100 5524 casta-

238 5611 373 5679 nietum
401 5615 435 5681 ct
457 5614 567 5694 silba,
593 5634 692 5702 quem
715 5618 825 5686 habeo
847 5619 883 5687 in
907 5621 1019 5687 locum
1044 5619 1124 5689 silla
1146 5619 1272 5688 finibus
1296 5617 1543 5693 salernitanis,
1569 5617 1628 5700 qui
1653 5617 1732 5684 suut
1755 5612 1847 5699 petie
1877 5611 1966 5680 due:
1995 5627 2096 5720 unam

237 5780 282 5829 ex
307 5763 383 5849 ipse
407 5767 499 5851 petie
521 5785 561 5836 as
576 5769 661 5838 fines
686 5772 721 5838 et
742 5771 918 5840 mensurie
941 5772 1069 5858 habet3
1094 5772 1137 5841 de
1161 5791 1231 5841 una
1253 5789 1335 5856 pars
1350 5772 1419 5838 flne
1435 5769 1592 5846 radecisi,
1618 5771 1700 5836 sunt
1716 5765 1842 5837 exinde
1865 5781 1984 5850 passos
1998 5762 2100 5848 quin-

239 5917 408 6003 quaginta
429 5925 527 5989 octo:
553 5923 625 5990 alia
649 5940 731 5991 vero
755 5927 855 6008 parte
869 5923 938 5994 fine
954 5923 1023 6000 bia,
1049 5928 1083 5993 et
1106 5923 1188 5992 inde
1210 5927 1291 5992 sunt
1316 5939 1433 6008 passos
1457 5923 1591 5990 centum
1615 5920 1761 6005 triginta
1775 5918 1865 6004 duo3
1883 5937 1927 5988 ex
1950 5915 2022 5983 alia
2038 5933 2113 5982 au·-
