<?xml version="1.0" encoding="UTF-8"?>
<!DOCTYPE html PUBLIC "-//W3C//DTD XHTML 1.0 Transitional//EN"
    "http://www.w3.org/TR/xhtml1/DTD/xhtml1-transitional.dtd">
<html xmlns="http://www.w3.org/1999/xhtml" xml:lang="en" lang="en">
 <head>
  <title>
</title>
<meta http-equiv="Content-Type" content="text/html;charset=utf-8" />
  <meta name='ocr-system' content='tesseract 3.04.00' />
  <meta name='ocr-capabilities' content='ocr_page ocr_carea ocr_par ocr_line ocrx_word'/>
</head>
<body>
  <div class='ocr_page' id='page_1' title='image "./codexdiplomatic07aragoog_0017.png"; bbox 0 0 5378 7098; ppageno 0'>
   <div class='ocr_carea' id='block_1_1' title="bbox 555 622 1554 702">
    <p class='ocr_par' dir='ltr' id='par_1_1' title="bbox 555 622 1554 702">
     <span class='ocr_line' id='line_1_1' title="bbox 555 622 1554 702; baseline -0.012 0"><span class='ocrx_word' id='word_1_1' title='bbox 555 653 613 702; x_wconf 81' lang='lat' dir='ltr'><strong>xrv</strong></span> <span class='ocrx_word' id='word_1_2' title='bbox 1326 622 1554 694; x_wconf 79' lang='lat' dir='ltr'><strong>MONlTllll</strong></span> 
     </span>
    </p>
   </div>
   <div class='ocr_carea' id='block_1_2' title="bbox 511 866 2373 2972">
    <p class='ocr_par' dir='ltr' id='par_1_2' title="bbox 511 866 2373 2972">
     <span class='ocr_line' id='line_1_2' title="bbox 511 866 2368 986; baseline -0.003 -29"><span class='ocrx_word' id='word_1_3' title='bbox 511 876 698 961; x_wconf 73' lang='lat' dir='ltr'><strong>«lendum</strong></span> <span class='ocrx_word' id='word_1_4' title='bbox 740 885 950 986; x_wconf 89' lang='lat' dir='ltr'><strong>reputant.</strong></span> <span class='ocrx_word' id='word_1_5' title='bbox 1007 873 1209 958; x_wconf 89' lang='lat' dir='ltr'><strong>Fatemur</strong></span> <span class='ocrx_word' id='word_1_6' title='bbox 1258 867 1367 950; x_wconf 89' lang='lat' dir='ltr'><strong>idem</strong></span> <span class='ocrx_word' id='word_1_7' title='bbox 1410 866 1669 979; x_wconf 88' lang='lat' dir='ltr'><strong>propositum</strong></span> <span class='ocrx_word' id='word_1_8' title='bbox 1714 866 1916 980; x_wconf 89' lang='lat' dir='ltr'><strong>principio</strong></span> <span class='ocrx_word' id='word_1_9' title='bbox 1958 868 2078 952; x_wconf 89' lang='lat' dir='ltr'><strong>nobis</strong></span> <span class='ocrx_word' id='word_1_10' title='bbox 2119 867 2280 966; x_wconf 90' lang='lat' dir='ltr'><strong>luisse,</strong></span> <span class='ocrx_word' id='word_1_11' title='bbox 2325 877 2368 952; x_wconf 90' lang='lat' dir='ltr'><strong>at</strong></span> 
     </span>
     <span class='ocr_line' id='line_1_3' title="bbox 511 1047 2369 1165; baseline -0.002 -27"><span class='ocrx_word' id='word_1_12' title='bbox 511 1057 623 1152; x_wconf 91' lang='lat' dir='ltr'><strong>inde,</strong></span> <span class='ocrx_word' id='word_1_13' title='bbox 658 1067 815 1139; x_wconf 88' lang='lat' dir='ltr'><strong>mutata</strong></span> <span class='ocrx_word' id='word_1_14' title='bbox 858 1065 1026 1148; x_wconf 91' lang='lat' dir='ltr'><strong>mente,</strong></span> <span class='ocrx_word' id='word_1_15' title='bbox 1067 1079 1215 1165; x_wconf 88' lang='lat' dir='ltr'><strong>operae</strong></span> <span class='ocrx_word' id='word_1_16' title='bbox 1258 1050 1438 1162; x_wconf 90' lang='lat' dir='ltr'><strong>pretium</strong></span> <span class='ocrx_word' id='word_1_17' title='bbox 1485 1047 1642 1134; x_wconf 86' lang='lat' dir='ltr'><strong>lactum</strong></span> <span class='ocrx_word' id='word_1_18' title='bbox 1685 1048 1734 1133; x_wconf 93' lang='lat' dir='ltr'><strong>iri</strong></span> <span class='ocrx_word' id='word_1_19' title='bbox 1777 1050 2044 1149; x_wconf 81' lang='lat' dir='ltr'><strong>arbitramur,</strong></span> <span class='ocrx_word' id='word_1_20' title='bbox 2087 1049 2120 1134; x_wconf 91' lang='lat' dir='ltr'><strong>si</strong></span> <span class='ocrx_word' id='word_1_21' title='bbox 2162 1048 2369 1136; x_wconf 89' lang='lat' dir='ltr'><strong>eiusmodi</strong></span> 
     </span>
     <span class='ocr_line' id='line_1_4' title="bbox 513 1230 2364 1350; baseline -0.002 -30"><span class='ocrx_word' id='word_1_22' title='bbox 513 1238 653 1334; x_wconf 85' lang='lat' dir='ltr'><strong>index,</strong></span> <span class='ocrx_word' id='word_1_23' title='bbox 686 1263 770 1350; x_wconf 86' lang='lat' dir='ltr'><strong>quo</strong></span> <span class='ocrx_word' id='word_1_24' title='bbox 798 1234 960 1349; x_wconf 85' lang='lat' dir='ltr'><strong>plenior</strong></span> <span class='ocrx_word' id='word_1_25' title='bbox 1002 1246 1042 1317; x_wconf 90' lang='lat' dir='ltr'><strong>et</strong></span> <span class='ocrx_word' id='word_1_26' title='bbox 1085 1260 1135 1317; x_wconf 84' lang='lat' dir='ltr'><strong>ex</strong></span> <span class='ocrx_word' id='word_1_27' title='bbox 1179 1232 1293 1316; x_wconf 83' lang='lat' dir='ltr'><strong>onrni</strong></span> <span class='ocrx_word' id='word_1_28' title='bbox 1326 1243 1440 1344; x_wconf 90' lang='lat' dir='ltr'><strong>parte</strong></span> <span class='ocrx_word' id='word_1_29' title='bbox 1481 1231 1696 1316; x_wconf 85' lang='lat' dir='ltr'><strong>absolutus</strong></span> <span class='ocrx_word' id='word_1_30' title='bbox 1730 1232 1796 1330; x_wconf 90' lang='lat' dir='ltr'><strong>sit,</strong></span> <span class='ocrx_word' id='word_1_31' title='bbox 1828 1232 1880 1316; x_wconf 91' lang='lat' dir='ltr'><strong>ad</strong></span> <span class='ocrx_word' id='word_1_32' title='bbox 1914 1246 2171 1345; x_wconf 89' lang='lat' dir='ltr'><strong>postremum</strong></span> <span class='ocrx_word' id='word_1_33' title='bbox 2200 1230 2364 1318; x_wconf 87' lang='lat' dir='ltr'><strong>Codicis</strong></span> 
     </span>
     <span class='ocr_line' id='line_1_5' title="bbox 511 1388 2370 1527; baseline -0.003 -25"><span class='ocrx_word' id='word_1_34' title='bbox 511 1419 724 1503; x_wconf 83' lang='lat' dir='ltr'>volumem</span> <span class='ocrx_word' id='word_1_35' title='bbox 767 1388 1030 1502; x_wconf 81' lang='lat' dir='ltr'><strong>amandetur.</strong></span> <span class='ocrx_word' id='word_1_36' title='bbox 1061 1416 1111 1501; x_wconf 90' lang='lat' dir='ltr'><strong>ln</strong></span> <span class='ocrx_word' id='word_1_37' title='bbox 1155 1415 1231 1500; x_wconf 90' lang='lat' dir='ltr'><strong>boc</strong></span> <span class='ocrx_word' id='word_1_38' title='bbox 1270 1427 1409 1498; x_wconf 87' lang='lat' dir='ltr'><strong>autern</strong></span> <span class='ocrx_word' id='word_1_39' title='bbox 1447 1411 1720 1512; x_wconf 74' lang='lat' dir='ltr'><strong>conficiendo</strong></span> <span class='ocrx_word' id='word_1_40' title='bbox 1758 1442 1895 1527; x_wconf 81' lang='lat' dir='ltr'><strong>neque</strong></span> <span class='ocrx_word' id='word_1_41' title='bbox 1934 1415 2208 1512; x_wconf 89' lang='lat' dir='ltr'><strong>voluntatem,</strong></span> <span class='ocrx_word' id='word_1_42' title='bbox 2233 1440 2370 1526; x_wconf 91' lang='lat' dir='ltr'><strong>neque</strong></span> 
     </span>
     <span class='ocr_line' id='line_1_6' title="bbox 512 1591 2368 1708; baseline -0.001 -29"><span class='ocrx_word' id='word_1_43' title='bbox 512 1594 772 1708; x_wconf 74' lang='lat' dir='ltr'><strong>diligentiam</strong></span> <span class='ocrx_word' id='word_1_44' title='bbox 814 1595 935 1680; x_wconf 91' lang='lat' dir='ltr'><strong>nobis</strong></span> <span class='ocrx_word' id='word_1_45' title='bbox 976 1592 1118 1679; x_wconf 83' lang='lat' dir='ltr'><strong>defore</strong></span> <span class='ocrx_word' id='word_1_46' title='bbox 1158 1591 1426 1705; x_wconf 85' lang='lat' dir='ltr'><strong>pollicemur:</strong></span> <span class='ocrx_word' id='word_1_47' title='bbox 1469 1619 1603 1704; x_wconf 90' lang='lat' dir='ltr'><strong>eoque</strong></span> <span class='ocrx_word' id='word_1_48' title='bbox 1636 1592 1766 1679; x_wconf 88' lang='lat' dir='ltr'><strong>veluti</strong></span> <span class='ocrx_word' id='word_1_49' title='bbox 1803 1593 1928 1678; x_wconf 86' lang='lat' dir='ltr'><strong>totius</strong></span> <span class='ocrx_word' id='word_1_50' title='bbox 1966 1592 2179 1678; x_wconf 86' lang='lat' dir='ltr'><strong>Tabularii</strong></span> <span class='ocrx_word' id='word_1_51' title='bbox 2217 1619 2368 1678; x_wconf 85' lang='lat' dir='ltr'><strong>caven-</strong></span> 
     </span>
     <span class='ocr_line' id='line_1_7' title="bbox 513 1771 2372 1898; baseline 0.001 -39"><span class='ocrx_word' id='word_1_52' title='bbox 513 1776 570 1860; x_wconf 91' lang='lat' dir='ltr'><strong>sis</strong></span> <span class='ocrx_word' id='word_1_53' title='bbox 614 1775 757 1860; x_wconf 90' lang='lat' dir='ltr'><strong>ordine</strong></span> <span class='ocrx_word' id='word_1_54' title='bbox 800 1775 1067 1862; x_wconf 85' lang='lat' dir='ltr'><strong>Collectanea</strong></span> <span class='ocrx_word' id='word_1_55' title='bbox 1109 1775 1324 1859; x_wconf 87' lang='lat' dir='ltr'><strong>redactum</strong></span> <span class='ocrx_word' id='word_1_56' title='bbox 1367 1771 1431 1871; x_wconf 88' lang='lat' dir='ltr'><strong>iri,</strong></span> <span class='ocrx_word' id='word_1_57' title='bbox 1476 1772 1532 1856; x_wconf 89' lang='lat' dir='ltr'><strong>ita</strong></span> <span class='ocrx_word' id='word_1_58' title='bbox 1574 1786 1619 1857; x_wconf 91' lang='lat' dir='ltr'><strong>ut</strong></span> <span class='ocrx_word' id='word_1_59' title='bbox 1658 1773 1853 1858; x_wconf 90' lang='lat' dir='ltr'><strong>universa</strong></span> <span class='ocrx_word' id='word_1_60' title='bbox 1893 1802 2001 1885; x_wconf 84' lang='lat' dir='ltr'><strong>quae</strong></span> <span class='ocrx_word' id='word_1_61' title='bbox 2039 1774 2149 1898; x_wconf 89' lang='lat' dir='ltr'><strong>apud</strong></span> <span class='ocrx_word' id='word_1_62' title='bbox 2188 1774 2372 1860; x_wconf 91' lang='lat' dir='ltr'><strong>eruditos</strong></span> 
     </span>
     <span class='ocr_line' id='line_1_8' title="bbox 516 1955 2373 2068; baseline 0.002 -30"><span class='ocrx_word' id='word_1_63' title='bbox 516 1957 557 2038; x_wconf 94' lang='lat' dir='ltr'><strong>in</strong></span> <span class='ocrx_word' id='word_1_64' title='bbox 601 1955 931 2041; x_wconf 89' lang='lat' dir='ltr'><strong>controversiam</strong></span> <span class='ocrx_word' id='word_1_65' title='bbox 974 1955 1164 2052; x_wconf 91' lang='lat' dir='ltr'><strong>veniunt,</strong></span> <span class='ocrx_word' id='word_1_66' title='bbox 1198 1957 1256 2040; x_wconf 88' lang='lat' dir='ltr'><strong>uti</strong></span> <span class='ocrx_word' id='word_1_67' title='bbox 1294 1955 1398 2040; x_wconf 90' lang='lat' dir='ltr'><strong>ritus</strong></span> <span class='ocrx_word' id='word_1_68' title='bbox 1433 1965 1474 2039; x_wconf 89' lang='lat' dir='ltr'><strong>et</strong></span> <span class='ocrx_word' id='word_1_69' title='bbox 1494 1968 1615 2068; x_wconf 89' lang='lat' dir='ltr'><strong>pacta</strong></span> <span class='ocrx_word' id='word_1_70' title='bbox 1637 1956 1677 2039; x_wconf 95' lang='lat' dir='ltr'><strong>in</strong></span> <span class='ocrx_word' id='word_1_71' title='bbox 1710 1957 1927 2042; x_wconf 89' lang='lat' dir='ltr'><strong>conventis</strong></span> <span class='ocrx_word' id='word_1_72' title='bbox 1968 1970 2145 2054; x_wconf 89' lang='lat' dir='ltr'><strong>servata,</strong></span> <span class='ocrx_word' id='word_1_73' title='bbox 2172 1969 2373 2042; x_wconf 87' lang='lat' dir='ltr'><strong>moreset</strong></span> 
     </span>
     <span class='ocr_line' id='line_1_9' title="bbox 519 2133 2370 2248; baseline 0.002 -30"><span class='ocrx_word' id='word_1_74' title='bbox 519 2135 860 2231; x_wconf 85' lang='lat' dir='ltr'><strong>consuetudines,</strong></span> <span class='ocrx_word' id='word_1_75' title='bbox 901 2163 1008 2248; x_wconf 81' lang='lat' dir='ltr'><strong>quae</strong></span> <span class='ocrx_word' id='word_1_76' title='bbox 1051 2135 1206 2248; x_wconf 81' lang='lat' dir='ltr'><strong>publici</strong></span> <span class='ocrx_word' id='word_1_77' title='bbox 1249 2133 1350 2218; x_wconf 87' lang='lat' dir='ltr'><strong>iuris</strong></span> <span class='ocrx_word' id='word_1_78' title='bbox 1381 2135 1468 2219; x_wconf 91' lang='lat' dir='ltr'><strong>vim</strong></span> <span class='ocrx_word' id='word_1_79' title='bbox 1509 2134 1588 2219; x_wconf 89' lang='lat' dir='ltr'><strong>sibi</strong></span> <span class='ocrx_word' id='word_1_80' title='bbox 1630 2135 1913 2234; x_wconf 86' lang='lat' dir='ltr'><strong>vindicabant,</strong></span> <span class='ocrx_word' id='word_1_81' title='bbox 1946 2137 2186 2222; x_wconf 81' lang='lat' dir='ltr'><strong>commercii</strong></span> <span class='ocrx_word' id='word_1_82' title='bbox 2220 2136 2370 2232; x_wconf 89' lang='lat' dir='ltr'><strong>modus</strong></span> 
     </span>
     <span class='ocr_line' id='line_1_10' title="bbox 514 2315 2367 2418; baseline 0.003 -19"><span class='ocrx_word' id='word_1_83' title='bbox 514 2329 553 2399; x_wconf 90' lang='lat' dir='ltr'><strong>et</strong></span> <span class='ocrx_word' id='word_1_84' title='bbox 596 2329 760 2413; x_wconf 88' lang='lat' dir='ltr'><strong>natura,</strong></span> <span class='ocrx_word' id='word_1_85' title='bbox 794 2343 1065 2400; x_wconf 89' lang='lat' dir='ltr'><strong>nummorum</strong></span> <span class='ocrx_word' id='word_1_86' title='bbox 1110 2316 1282 2400; x_wconf 91' lang='lat' dir='ltr'><strong>nomina</strong></span> <span class='ocrx_word' id='word_1_87' title='bbox 1324 2329 1364 2399; x_wconf 90' lang='lat' dir='ltr'><strong>et</strong></span> <span class='ocrx_word' id='word_1_88' title='bbox 1406 2342 1522 2412; x_wconf 88' lang='lat' dir='ltr'><strong>usus,</strong></span> <span class='ocrx_word' id='word_1_89' title='bbox 1564 2315 1664 2399; x_wconf 88' lang='lat' dir='ltr'><strong>iuris</strong></span> <span class='ocrx_word' id='word_1_90' title='bbox 1706 2315 1871 2400; x_wconf 82' lang='lat' dir='ltr'><strong>dicendi</strong></span> <span class='ocrx_word' id='word_1_91' title='bbox 1913 2317 2018 2402; x_wconf 91' lang='lat' dir='ltr'><strong>ratio</strong></span> <span class='ocrx_word' id='word_1_92' title='bbox 2060 2331 2100 2402; x_wconf 91' lang='lat' dir='ltr'><strong>et</strong></span> <span class='ocrx_word' id='word_1_93' title='bbox 2139 2315 2367 2418; x_wconf 84' lang='lat' dir='ltr'><strong>ferurulae,</strong></span> 
     </span>
     <span class='ocr_line' id='line_1_11' title="bbox 515 2495 2370 2611; baseline 0.003 -31"><span class='ocrx_word' id='word_1_94' title='bbox 515 2496 679 2608; x_wconf 88' lang='lat' dir='ltr'><strong>aliaque</strong></span> <span class='ocrx_word' id='word_1_95' title='bbox 722 2495 763 2579; x_wconf 91' lang='lat' dir='ltr'><strong>id</strong></span> <span class='ocrx_word' id='word_1_96' title='bbox 807 2523 938 2607; x_wconf 86' lang='lat' dir='ltr'><strong>genus</strong></span> <span class='ocrx_word' id='word_1_97' title='bbox 980 2496 1136 2582; x_wconf 89' lang='lat' dir='ltr'><strong>ibidem</strong></span> <span class='ocrx_word' id='word_1_98' title='bbox 1174 2497 1372 2582; x_wconf 91' lang='lat' dir='ltr'><strong>latissime</strong></span> <span class='ocrx_word' id='word_1_99' title='bbox 1408 2509 1593 2608; x_wconf 87' lang='lat' dir='ltr'><strong>pateant.</strong></span> <span class='ocrx_word' id='word_1_100' title='bbox 1629 2495 1820 2609; x_wconf 87' lang='lat' dir='ltr'><strong>Denique</strong></span> <span class='ocrx_word' id='word_1_101' title='bbox 1858 2499 2106 2586; x_wconf 81' lang='lat' dir='ltr'><strong>vernaculae</strong></span> <span class='ocrx_word' id='word_1_102' title='bbox 2132 2526 2270 2596; x_wconf 85' lang='lat' dir='ltr'><strong>voces,</strong></span> <span class='ocrx_word' id='word_1_103' title='bbox 2289 2527 2370 2611; x_wconf 75' lang='lat' dir='ltr'><strong>,seu</strong></span> 
     </span>
     <span class='ocr_line' id='line_1_12' title="bbox 515 2675 2360 2792; baseline 0.002 -32"><span class='ocrx_word' id='word_1_104' title='bbox 515 2678 638 2761; x_wconf 91' lang='lat' dir='ltr'><strong>medii</strong></span> <span class='ocrx_word' id='word_1_105' title='bbox 681 2679 789 2761; x_wconf 88' lang='lat' dir='ltr'><strong>Aevi</strong></span> <span class='ocrx_word' id='word_1_106' title='bbox 832 2676 1045 2761; x_wconf 82' lang='lat' dir='ltr'><strong>latinitatis</strong></span> <span class='ocrx_word' id='word_1_107' title='bbox 1088 2675 1309 2772; x_wconf 88' lang='lat' dir='ltr'><strong>vocabula,</strong></span> <span class='ocrx_word' id='word_1_108' title='bbox 1356 2701 1464 2787; x_wconf 87' lang='lat' dir='ltr'><strong>quae</strong></span> <span class='ocrx_word' id='word_1_109' title='bbox 1509 2675 1550 2760; x_wconf 93' lang='lat' dir='ltr'><strong>in</strong></span> <span class='ocrx_word' id='word_1_110' title='bbox 1592 2702 1716 2787; x_wconf 91' lang='lat' dir='ltr'><strong>opere</strong></span> <span class='ocrx_word' id='word_1_111' title='bbox 1756 2677 1996 2792; x_wconf 86' lang='lat' dir='ltr'><strong>Du-Cangii</strong></span> <span class='ocrx_word' id='word_1_112' title='bbox 2039 2678 2360 2779; x_wconf 87' lang='lat' dir='ltr'><strong>desiderantur,</strong></span> 
     </span>
     <span class='ocr_line' id='line_1_13' title="bbox 516 2856 2368 2972; baseline 0.003 -32"><span class='ocrx_word' id='word_1_113' title='bbox 516 2858 709 2969; x_wconf 80' lang='lat' dir='ltr'><strong>quaeque</strong></span> <span class='ocrx_word' id='word_1_114' title='bbox 752 2859 905 2970; x_wconf 85' lang='lat' dir='ltr'><strong>passim</strong></span> <span class='ocrx_word' id='word_1_115' title='bbox 948 2859 999 2942; x_wconf 87' lang='lat' dir='ltr'><strong>ad</strong></span> <span class='ocrx_word' id='word_1_116' title='bbox 1043 2858 1394 2942; x_wconf 85' lang='lat' dir='ltr'><strong>documentorum</strong></span> <span class='ocrx_word' id='word_1_117' title='bbox 1436 2856 1678 2941; x_wconf 87' lang='lat' dir='ltr'><strong>cavensium</strong></span> <span class='ocrx_word' id='word_1_118' title='bbox 1721 2858 1857 2943; x_wconf 87' lang='lat' dir='ltr'><strong>calces</strong></span> <span class='ocrx_word' id='word_1_119' title='bbox 1893 2858 2113 2972; x_wconf 88' lang='lat' dir='ltr'><strong>explanata</strong></span> <span class='ocrx_word' id='word_1_120' title='bbox 2151 2861 2280 2946; x_wconf 90' lang='lat' dir='ltr'><strong>lector</strong></span> <span class='ocrx_word' id='word_1_121' title='bbox 2308 2861 2368 2945; x_wconf 91' lang='lat' dir='ltr'><strong>in·</strong></span> 
     </span>
    </p>
   </div>
   <div class='ocr_carea' id='block_1_3' title="bbox 515 3029 2367 3156">
    <p class='ocr_par' dir='ltr' id='par_1_3' title="bbox 515 3029 2367 3156">
     <span class='ocr_line' id='line_1_14' title="bbox 515 3029 2367 3156; baseline 0.004 -40"><span class='ocrx_word' id='word_1_122' title='bbox 515 3038 668 3135; x_wconf 90' lang='lat' dir='ltr'><strong>veniet,</strong></span> <span class='ocrx_word' id='word_1_123' title='bbox 710 3039 751 3122; x_wconf 93' lang='lat' dir='ltr'><strong>in</strong></span> <span class='ocrx_word' id='word_1_124' title='bbox 794 3038 940 3123; x_wconf 86' lang='lat' dir='ltr'><strong>eadem</strong></span> <span class='ocrx_word' id='word_1_125' title='bbox 978 3053 1165 3124; x_wconf 85' lang='lat' dir='ltr'><strong>extrema</strong></span> <span class='ocrx_word' id='word_1_126' title='bbox 1202 3039 1338 3151; x_wconf 89' lang='lat' dir='ltr'><strong>operis</strong></span> <span class='ocrx_word' id='word_1_127' title='bbox 1376 3052 1492 3152; x_wconf 90' lang='lat' dir='ltr'><strong>parte</strong></span> <span class='ocrx_word' id='word_1_128' title='bbox 1532 3041 1574 3124; x_wconf 90' lang='lat' dir='ltr'><strong>in</strong></span> <span class='ocrx_word' id='word_1_129' title='bbox 1614 3040 1904 3152; x_wconf 85' lang='lat' dir='ltr'><strong>glossariolum</strong></span> <span class='ocrx_word' id='word_1_130' title='bbox 1937 3041 2102 3156; x_wconf 86' lang='lat' dir='ltr'><strong>digesta</strong></span> <span class='ocrx_word' id='word_1_131' title='bbox 2139 3029 2367 3128; x_wconf 89' lang='lat' dir='ltr'><strong>dabuntur.</strong></span> 
     </span>
    </p>
   </div>
   <div class='ocr_carea' id='block_1_4' title="bbox 604 3217 2497 3334">
    <p class='ocr_par' dir='ltr' id='par_1_4' title="bbox 604 3217 2497 3334">
     <span class='ocr_line' id='line_1_15' title="bbox 604 3217 2497 3334; baseline -0.003 -26"><span class='ocrx_word' id='word_1_132' title='bbox 604 3224 692 3308; x_wconf 88' lang='lat' dir='ltr'><strong>Nos</strong></span> <span class='ocrx_word' id='word_1_133' title='bbox 737 3217 1079 3316; x_wconf 86' lang='lat' dir='ltr'><strong>vero-confisos,</strong></span> <span class='ocrx_word' id='word_1_134' title='bbox 1128 3219 1185 3304; x_wconf 90' lang='lat' dir='ltr'><strong>uti</strong></span> <span class='ocrx_word' id='word_1_135' title='bbox 1229 3221 1438 3332; x_wconf 88' lang='lat' dir='ltr'><strong>inceptum</strong></span> <span class='ocrx_word' id='word_1_136' title='bbox 1489 3250 1593 3334; x_wconf 88' lang='lat' dir='ltr'><strong>opus</strong></span> <span class='ocrx_word' id='word_1_137' title='bbox 1624 3221 1854 3306; x_wconf 42' lang='lat' dir='ltr'><strong>wcommuni</strong></span> <span class='ocrx_word' id='word_1_138' title='bbox 1902 3221 2045 3306; x_wconf 89' lang='lat' dir='ltr'><strong>lavore</strong></span> <span class='ocrx_word' id='word_1_139' title='bbox 2090 3222 2367 3333; x_wconf 84' lang='lat' dir='ltr'><strong>exciperetur,</strong></span> <span class='ocrx_word' id='word_1_140' title='bbox 2495 3261 2497 3264; x_wconf 95' lang='lat'>·</span> 
     </span>
    </p>
   </div>
   <div class='ocr_carea' id='block_1_5' title="bbox 508 3401 2369 5506">
    <p class='ocr_par' dir='ltr' id='par_1_5' title="bbox 511 3401 2369 4390">
     <span class='ocr_line' id='line_1_16' title="bbox 513 3401 2369 3530; baseline 0.002 -45"><span class='ocrx_word' id='word_1_141' title='bbox 513 3403 625 3530; x_wconf 89' lang='lat' dir='ltr'><strong>band</strong></span> <span class='ocrx_word' id='word_1_142' title='bbox 660 3401 783 3485; x_wconf 81' lang='lat' dir='ltr'><strong>salsos</strong></span> <span class='ocrx_word' id='word_1_143' title='bbox 824 3428 918 3513; x_wconf 89' lang='lat' dir='ltr'><strong>spes</strong></span> <span class='ocrx_word' id='word_1_144' title='bbox 953 3401 1114 3486; x_wconf 84' lang='lat' dir='ltr'><strong>habuit.</strong></span> <span class='ocrx_word' id='word_1_145' title='bbox 1150 3404 1345 3514; x_wconf 81' lang='lat' dir='ltr'><strong>Namque</strong></span> <span class='ocrx_word' id='word_1_146' title='bbox 1383 3402 1609 3515; x_wconf 89' lang='lat' dir='ltr'><strong>principes,</strong></span> <span class='ocrx_word' id='word_1_147' title='bbox 1644 3430 1852 3517; x_wconf 75' lang='lat' dir='ltr'><strong>procerae,</strong></span> <span class='ocrx_word' id='word_1_148' title='bbox 1888 3403 2143 3488; x_wconf 87' lang='lat' dir='ltr'><strong>Academiae</strong></span> <span class='ocrx_word' id='word_1_149' title='bbox 2181 3431 2252 3516; x_wconf 92' lang='lat' dir='ltr'><strong>per</strong></span> <span class='ocrx_word' id='word_1_150' title='bbox 2285 3403 2369 3488; x_wconf 89' lang='lat' dir='ltr'><strong>Eu·</strong></span> 
     </span>
     <span class='ocr_line' id='line_1_17' title="bbox 512 3555 2367 3696; baseline 0.003 -32"><span class='ocrx_word' id='word_1_151' title='bbox 512 3611 659 3695; x_wconf 92' lang='lat' dir='ltr'><strong>ropam</strong></span> <span class='ocrx_word' id='word_1_152' title='bbox 703 3582 955 3678; x_wconf 87' lang='lat' dir='ltr'><strong>nonnullae,</strong></span> <span class='ocrx_word' id='word_1_153' title='bbox 995 3581 1194 3694; x_wconf 85' lang='lat' dir='ltr'><strong>pleraque</strong></span> <span class='ocrx_word' id='word_1_154' title='bbox 1242 3582 1386 3667; x_wconf 89' lang='lat' dir='ltr'><strong>ltaliae</strong></span> <span class='ocrx_word' id='word_1_155' title='bbox 1430 3583 1659 3696; x_wconf 91' lang='lat' dir='ltr'><strong>municipia</strong></span> <span class='ocrx_word' id='word_1_156' title='bbox 1701 3583 1930 3682; x_wconf 86' lang='lat' dir='ltr'><strong>auxilium,</strong></span> <span class='ocrx_word' id='word_1_157' title='bbox 1971 3613 2055 3696; x_wconf 89' lang='lat' dir='ltr'><strong>quo</strong></span> <span class='ocrx_word' id='word_1_158' title='bbox 2093 3583 2214 3668; x_wconf 91' lang='lat' dir='ltr'><strong>nobis</strong></span> <span class='ocrx_word' id='word_1_159' title='bbox 2239 3555 2367 3696; x_wconf 38' lang='lat' dir='ltr'><strong>&#39;opus</strong></span> 
     </span>
     <span class='ocr_line' id='line_1_18' title="bbox 511 3761 2368 3875; baseline 0.001 -28"><span class='ocrx_word' id='word_1_160' title='bbox 511 3777 613 3860; x_wconf 87' lang='lat' dir='ltr'><strong>erat,</strong></span> <span class='ocrx_word' id='word_1_161' title='bbox 655 3762 967 3875; x_wconf 89' lang='lat' dir='ltr'><strong>perhumaniter</strong></span> <span class='ocrx_word' id='word_1_162' title='bbox 1011 3762 1207 3847; x_wconf 90' lang='lat' dir='ltr'><strong>tulerunt.</strong></span> <span class='ocrx_word' id='word_1_163' title='bbox 1250 3763 1339 3848; x_wconf 92' lang='lat' dir='ltr'><strong>Nec</strong></span> <span class='ocrx_word' id='word_1_164' title='bbox 1382 3761 1549 3846; x_wconf 88' lang='lat' dir='ltr'><strong>deluere</strong></span> <span class='ocrx_word' id='word_1_165' title='bbox 1591 3761 1699 3858; x_wconf 92' lang='lat' dir='ltr'><strong>viri,</strong></span> <span class='ocrx_word' id='word_1_166' title='bbox 1741 3775 1782 3847; x_wconf 90' lang='lat' dir='ltr'><strong>et</strong></span> <span class='ocrx_word' id='word_1_167' title='bbox 1821 3763 2007 3848; x_wconf 90' lang='lat' dir='ltr'><strong>doctrina</strong></span> <span class='ocrx_word' id='word_1_168' title='bbox 2051 3777 2090 3846; x_wconf 88' lang='lat' dir='ltr'><strong>et</strong></span> <span class='ocrx_word' id='word_1_169' title='bbox 2135 3763 2368 3848; x_wconf 88' lang='lat' dir='ltr'><strong>eruditione</strong></span> 
     </span>
     <span class='ocr_line' id='line_1_19' title="bbox 512 3935 2367 4058; baseline 0.001 -36"><span class='ocrx_word' id='word_1_170' title='bbox 512 3953 785 4052; x_wconf 83' lang='lat' dir='ltr'><strong>praestantes,</strong></span> <span class='ocrx_word' id='word_1_171' title='bbox 817 3941 887 4052; x_wconf 85' lang='lat' dir='ltr'><strong>qui</strong></span> <span class='ocrx_word' id='word_1_172' title='bbox 935 3935 1124 4056; x_wconf 84' lang='lat' dir='ltr'><strong>Codr&#39;cem</strong></span> <span class='ocrx_word' id='word_1_173' title='bbox 1168 3937 1392 4024; x_wconf 85' lang='lat' dir='ltr'><strong>Couensem</strong></span> <span class='ocrx_word' id='word_1_174' title='bbox 1430 3938 1630 4050; x_wconf 81' lang='lat' dir='ltr'><strong>singulari</strong></span> <span class='ocrx_word' id='word_1_175' title='bbox 1668 3940 1851 4052; x_wconf 82' lang='lat' dir='ltr'><strong>quedam</strong></span> <span class='ocrx_word' id='word_1_176' title='bbox 1894 3940 2029 4026; x_wconf 89' lang='lat' dir='ltr'><strong>studio</strong></span> <span class='ocrx_word' id='word_1_177' title='bbox 2067 3967 2367 4058; x_wconf 88' lang='lat' dir='ltr'><strong>prosequeren-</strong></span> 
     </span>
     <span class='ocr_line' id='line_1_20' title="bbox 512 4122 2367 4235; baseline 0 -29"><span class='ocrx_word' id='word_1_178' title='bbox 512 4137 592 4207; x_wconf 89' lang='lat' dir='ltr'><strong>tur.</strong></span> <span class='ocrx_word' id='word_1_179' title='bbox 627 4124 691 4206; x_wconf 63' lang='grc' dir='ltr'><strong>ΕΚ</strong></span> <span class='ocrx_word' id='word_1_180' title='bbox 735 4123 799 4206; x_wconf 81' lang='lat' dir='ltr'><strong>nis</strong></span> <span class='ocrx_word' id='word_1_181' title='bbox 841 4123 1044 4222; x_wconf 82' lang='lat' dir='ltr'><strong>Blulrmii,</strong></span> <span class='ocrx_word' id='word_1_182' title='bbox 1087 4122 1221 4209; x_wconf 86' lang='lat' dir='ltr'><strong>Caroli</strong></span> <span class='ocrx_word' id='word_1_183' title='bbox 1265 4124 1399 4235; x_wconf 88' lang='lat' dir='ltr'><strong>Hops,</strong></span> <span class='ocrx_word' id='word_1_184' title='bbox 1441 4137 1481 4206; x_wconf 92' lang='lat' dir='ltr'><strong>et</strong></span> <span class='ocrx_word' id='word_1_185' title='bbox 1524 4123 1697 4209; x_wconf 84' lang='lat' dir='ltr'><strong>Comitis</strong></span> <span class='ocrx_word' id='word_1_186' title='bbox 1740 4123 1793 4209; x_wconf 82' lang='lat' dir='ltr'><strong>A.</strong></span> <span class='ocrx_word' id='word_1_187' title='bbox 1826 4123 2044 4212; x_wconf 89' lang='lat' dir='ltr'><strong>Circourtii</strong></span> <span class='ocrx_word' id='word_1_188' title='bbox 2089 4122 2262 4207; x_wconf 90' lang='lat' dir='ltr'><strong>nomina</strong></span> <span class='ocrx_word' id='word_1_189' title='bbox 2303 4148 2367 4206; x_wconf 88' lang='lat' dir='ltr'><strong>re·</strong></span> 
     </span>
     <span class='ocr_line' id='line_1_21' title="bbox 515 4305 977 4390; baseline 0 -4"><span class='ocrx_word' id='word_1_190' title='bbox 515 4305 727 4389; x_wconf 88' lang='lat' dir='ltr'><strong>censuisse</strong></span> <span class='ocrx_word' id='word_1_191' title='bbox 771 4307 869 4389; x_wconf 88' lang='lat' dir='ltr'><strong>satis</strong></span> <span class='ocrx_word' id='word_1_192' title='bbox 913 4306 977 4390; x_wconf 88' lang='lat' dir='ltr'><strong>sit.</strong></span> 
     </span>
    </p>

    <p class='ocr_par' dir='ltr' id='par_1_6' title="bbox 508 4485 2368 5141">
     <span class='ocr_line' id='line_1_22' title="bbox 601 4485 2367 4600; baseline -0.001 -31"><span class='ocrx_word' id='word_1_193' title='bbox 601 4486 822 4570; x_wconf 88' lang='lat' dir='ltr'><strong>Postremo</strong></span> <span class='ocrx_word' id='word_1_194' title='bbox 866 4487 943 4572; x_wconf 87' lang='lat' dir='ltr'><strong>SS.</strong></span> <span class='ocrx_word' id='word_1_195' title='bbox 970 4487 1024 4578; x_wconf 89' lang='lat' dir='ltr'><strong>D.</strong></span> <span class='ocrx_word' id='word_1_196' title='bbox 1056 4489 1110 4573; x_wconf 89' lang='lat' dir='ltr'><strong>N.</strong></span> <span class='ocrx_word' id='word_1_197' title='bbox 1142 4487 1246 4572; x_wconf 90' lang='lat' dir='ltr'><strong>Pius</strong></span> <span class='ocrx_word' id='word_1_198' title='bbox 1289 4489 1368 4598; x_wconf 90' lang='lat' dir='ltr'><strong>Pp.</strong></span> <span class='ocrx_word' id='word_1_199' title='bbox 1403 4487 1467 4570; x_wconf 87' lang='lat' dir='ltr'><strong>IX</strong></span> <span class='ocrx_word' id='word_1_200' title='bbox 1509 4513 1609 4571; x_wconf 86' lang='lat' dir='ltr'><strong>suae</strong></span> <span class='ocrx_word' id='word_1_201' title='bbox 1651 4515 1749 4599; x_wconf 87' lang='lat' dir='ltr'><strong>erga</strong></span> <span class='ocrx_word' id='word_1_202' title='bbox 1794 4515 1868 4572; x_wconf 91' lang='lat' dir='ltr'><strong>nos</strong></span> <span class='ocrx_word' id='word_1_203' title='bbox 1904 4485 2129 4600; x_wconf 89' lang='lat' dir='ltr'><strong>singularis</strong></span> <span class='ocrx_word' id='word_1_204' title='bbox 2185 4485 2367 4570; x_wconf 91' lang='lat' dir='ltr'><strong>clemen-</strong></span> 
     </span>
     <span class='ocr_line' id='line_1_23' title="bbox 515 4665 2368 4780; baseline 0.002 -32"><span class='ocrx_word' id='word_1_205' title='bbox 515 4665 594 4748; x_wconf 87' lang='lat' dir='ltr'><strong>tiae</strong></span> <span class='ocrx_word' id='word_1_206' title='bbox 640 4666 770 4764; x_wconf 93' lang='lat' dir='ltr'><strong>titulo,</strong></span> <span class='ocrx_word' id='word_1_207' title='bbox 804 4668 861 4752; x_wconf 92' lang='lat' dir='ltr'><strong>nti</strong></span> <span class='ocrx_word' id='word_1_208' title='bbox 907 4668 958 4752; x_wconf 86' lang='lat' dir='ltr'><strong>ad</strong></span> <span class='ocrx_word' id='word_1_209' title='bbox 1001 4695 1106 4780; x_wconf 87' lang='lat' dir='ltr'><strong>epus</strong></span> <span class='ocrx_word' id='word_1_210' title='bbox 1146 4667 1186 4751; x_wconf 89' lang='lat' dir='ltr'><strong>in</strong></span> <span class='ocrx_word' id='word_1_211' title='bbox 1217 4665 1488 4779; x_wconf 85' lang='lat' dir='ltr'><strong>Antiquitatis</strong></span> <span class='ocrx_word' id='word_1_212' title='bbox 1518 4666 1752 4752; x_wconf 89' lang='lat' dir='ltr'><strong>studiorum</strong></span> <span class='ocrx_word' id='word_1_213' title='bbox 1790 4665 2059 4752; x_wconf 88' lang='lat' dir='ltr'><strong>commodum</strong></span> <span class='ocrx_word' id='word_1_214' title='bbox 2097 4665 2263 4751; x_wconf 88' lang='lat' dir='ltr'><strong>animus</strong></span> <span class='ocrx_word' id='word_1_215' title='bbox 2295 4694 2368 4751; x_wconf 92' lang='lat' dir='ltr'><strong>no·</strong></span> 
     </span>
     <span class='ocr_line' id='line_1_24' title="bbox 511 4845 2367 4962; baseline 0.001 -36"><span class='ocrx_word' id='word_1_216' title='bbox 511 4855 596 4926; x_wconf 90' lang='lat' dir='ltr'><strong>ster</strong></span> <span class='ocrx_word' id='word_1_217' title='bbox 634 4849 765 4958; x_wconf 91' lang='lat' dir='ltr'><strong>magis</strong></span> <span class='ocrx_word' id='word_1_218' title='bbox 802 4849 1066 4942; x_wconf 86' lang='lat' dir='ltr'><strong>excitaretur,</strong></span> <span class='ocrx_word' id='word_1_219' title='bbox 1100 4875 1183 4932; x_wconf 91' lang='lat' dir='ltr'><strong>non</strong></span> <span class='ocrx_word' id='word_1_220' title='bbox 1217 4847 1466 4958; x_wconf 81' lang='lat' dir='ltr'><strong>dedignatus</strong></span> <span class='ocrx_word' id='word_1_221' title='bbox 1505 4863 1565 4933; x_wconf 91' lang='lat' dir='ltr'><strong>est</strong></span> <span class='ocrx_word' id='word_1_222' title='bbox 1602 4845 1956 4962; x_wconf 84' lang='lat' dir='ltr'><strong>chyrographum,</strong></span> <span class='ocrx_word' id='word_1_223' title='bbox 1982 4845 2103 4930; x_wconf 87' lang='lat' dir='ltr'><strong>cuius</strong></span> <span class='ocrx_word' id='word_1_224' title='bbox 2132 4845 2367 4958; x_wconf 88' lang='lat' dir='ltr'><strong>exemplum</strong></span> 
     </span>
     <span class='ocr_line' id='line_1_25' title="bbox 508 5027 1067 5141; baseline 0 -31"><span class='ocrx_word' id='word_1_225' title='bbox 508 5027 844 5141; x_wconf 87' lang='lat' dir='ltr'><strong>infrascriptum,</strong></span> <span class='ocrx_word' id='word_1_226' title='bbox 887 5030 1067 5115; x_wconf 93' lang='lat' dir='ltr'><strong>mittere.</strong></span> 
     </span>
    </p>

    <p class='ocr_par' dir='ltr' id='par_1_7' title="bbox 509 5175 2366 5506">
     <span class='ocr_line' id='line_1_26' title="bbox 587 5175 2363 5322; baseline -0.004 -30"><span class='ocrx_word' id='word_1_227' title='bbox 587 5175 678 5292; x_wconf 24' lang='lat' dir='ltr'><strong>”Tot</strong></span> <span class='ocrx_word' id='word_1_228' title='bbox 721 5209 846 5320; x_wconf 90' lang='lat' dir='ltr'><strong>igitur</strong></span> <span class='ocrx_word' id='word_1_229' title='bbox 887 5209 1006 5294; x_wconf 90' lang='lat' dir='ltr'><strong>laetis</strong></span> <span class='ocrx_word' id='word_1_230' title='bbox 1050 5210 1275 5308; x_wconf 92' lang='lat' dir='ltr'><strong>ominibus,</strong></span> <span class='ocrx_word' id='word_1_231' title='bbox 1317 5224 1358 5294; x_wconf 91' lang='lat' dir='ltr'><strong>et</strong></span> <span class='ocrx_word' id='word_1_232' title='bbox 1399 5209 1640 5322; x_wconf 77' lang='lat' dir='ltr'><strong>quo‘nobis</strong></span> <span class='ocrx_word' id='word_1_233' title='bbox 1677 5222 1737 5293; x_wconf 89' lang='lat' dir='ltr'><strong>est</strong></span> <span class='ocrx_word' id='word_1_234' title='bbox 1779 5207 1965 5318; x_wconf 87' lang='lat' dir='ltr'><strong>ingenio,</strong></span> <span class='ocrx_word' id='word_1_235' title='bbox 2007 5203 2240 5316; x_wconf 91' lang='lat' dir='ltr'><strong>diligentia,</strong></span> <span class='ocrx_word' id='word_1_236' title='bbox 2282 5202 2363 5286; x_wconf 87' lang='lat' dir='ltr'><strong>ala-</strong></span> 
     </span>
     <span class='ocr_line' id='line_1_27' title="bbox 509 5383 2366 5506; baseline -0.002 -36"><span class='ocrx_word' id='word_1_237' title='bbox 509 5387 652 5472; x_wconf 89' lang='lat' dir='ltr'><strong>critate</strong></span> <span class='ocrx_word' id='word_1_238' title='bbox 695 5390 746 5474; x_wconf 90' lang='lat' dir='ltr'><strong>ad</strong></span> <span class='ocrx_word' id='word_1_239' title='bbox 771 5389 1005 5476; x_wconf 75' lang='lat' dir='ltr'><strong>Tabulam</strong></span> <span class='ocrx_word' id='word_1_240' title='bbox 1050 5397 1259 5477; x_wconf 89' lang='lat' dir='ltr'><strong>cavensis·</strong></span> <span class='ocrx_word' id='word_1_241' title='bbox 1284 5392 1444 5506; x_wconf 90' lang='lat' dir='ltr'><strong>reliqua</strong></span> <span class='ocrx_word' id='word_1_242' title='bbox 1484 5391 1712 5506; x_wconf 89' lang='lat' dir='ltr'><strong>pergimus,</strong></span> <span class='ocrx_word' id='word_1_243' title='bbox 1753 5390 1890 5475; x_wconf 90' lang='lat' dir='ltr'><strong>Deum</strong></span> <span class='ocrx_word' id='word_1_244' title='bbox 1933 5388 2106 5500; x_wconf 90' lang='lat' dir='ltr'><strong>precati,</strong></span> <span class='ocrx_word' id='word_1_245' title='bbox 2147 5385 2207 5471; x_wconf 90' lang='lat' dir='ltr'><strong>uti</strong></span> <span class='ocrx_word' id='word_1_246' title='bbox 2246 5383 2366 5470; x_wconf 91' lang='lat' dir='ltr'><strong>nobis</strong></span> 
     </span>
    </p>
   </div>
   <div class='ocr_carea' id='block_1_6' title="bbox 512 5567 2248 5888">
    <p class='ocr_par' dir='ltr' id='par_1_8' title="bbox 512 5567 2248 5888">
     <span class='ocr_line' id='line_1_28' title="bbox 512 5567 2124 5689; baseline -0.002 -37"><span class='ocrx_word' id='word_1_247' title='bbox 512 5569 650 5681; x_wconf 87' lang='lat' dir='ltr'><strong>operis</strong></span> <span class='ocrx_word' id='word_1_248' title='bbox 692 5570 935 5656; x_wconf 92' lang='lat' dir='ltr'><strong>absolvendi</strong></span> <span class='ocrx_word' id='word_1_249' title='bbox 977 5572 1250 5687; x_wconf 87' lang='lat' dir='ltr'><strong>propesitum,</strong></span> <span class='ocrx_word' id='word_1_250' title='bbox 1292 5573 1527 5689; x_wconf 90' lang='lat' dir='ltr'><strong>legentibus</strong></span> <span class='ocrx_word' id='word_1_251' title='bbox 1568 5597 1765 5686; x_wconf 88' lang='lat' dir='ltr'><strong>prospera</strong></span> <span class='ocrx_word' id='word_1_252' title='bbox 1807 5567 1890 5654; x_wconf 85' lang='lat' dir='ltr'><strong>fata</strong></span> <span class='ocrx_word' id='word_1_253' title='bbox 1933 5567 2124 5677; x_wconf 88' lang='lat' dir='ltr'><strong>integret.</strong></span> 
     </span>
     <span class='ocr_line' id='line_1_29' title="bbox 636 5780 2248 5888; baseline -0.001 -40"><span class='ocrx_word' id='word_1_254' title='bbox 636 5783 808 5888; x_wconf 74' lang='lat' dir='ltr'><strong>babemus</strong></span> <span class='ocrx_word' id='word_1_255' title='bbox 825 5783 860 5848; x_wconf 89' lang='lat' dir='ltr'><strong>in</strong></span> <span class='ocrx_word' id='word_1_256' title='bbox 878 5785 1062 5850; x_wconf 85' lang='lat' dir='ltr'><strong>Tabulario</strong></span> <span class='ocrx_word' id='word_1_257' title='bbox 1078 5786 1277 5852; x_wconf 81' lang='lat' dir='ltr'><strong>llonaslerii</strong></span> <span class='ocrx_word' id='word_1_258' title='bbox 1296 5785 1353 5851; x_wconf 91' lang='lat' dir='ltr'><strong>SS.</strong></span> <span class='ocrx_word' id='word_1_259' title='bbox 1371 5783 1551 5853; x_wconf 84' lang='lat' dir='ltr'><strong>Trinitatis</strong></span> <span class='ocrx_word' id='word_1_260' title='bbox 1568 5786 1676 5852; x_wconf 85' lang='lat' dir='ltr'><strong>Carae</strong></span> <span class='ocrx_word' id='word_1_261' title='bbox 1693 5783 1953 5866; x_wconf 84' lang='lat' dir='ltr'><strong>Tyrrhenorum</strong></span> <span class='ocrx_word' id='word_1_262' title='bbox 1969 5780 2248 5848; x_wconf 82' lang='lat' dir='ltr'>MDCOGLXXIV</span> 
     </span>
    </p>
   </div>
   <div class='ocr_carea' id='block_1_7' title="bbox 1631 5960 2315 6129">
    <p class='ocr_par' dir='ltr' id='par_1_9' title="bbox 1631 5960 2315 6129">
     <span class='ocr_line' id='line_1_30' title="bbox 1631 5960 2315 6129; baseline -0.009 -87"><span class='ocrx_word' id='word_1_263' title='bbox 1631 5966 1680 6042; x_wconf 88' lang='lat' dir='ltr'><strong>D.</strong></span> <span class='ocrx_word' id='word_1_264' title='bbox 1708 5960 2315 6129; x_wconf 48' lang='grc' dir='ltr'><strong>ΜΙΟΗΑὲΒΞἈὲΟΒΟΑΙιΒΙ.</strong></span> 
     </span>
    </p>
   </div>
   <div class='ocr_carea' id='block_1_8' title="bbox 0 0 2695 7092">
    <p class='ocr_par' dir='ltr' id='par_1_10' title="bbox 0 0 2695 7092">
     <span class='ocr_line' id='line_1_31' title="bbox 0 0 2695 7092; baseline 0 0"><span class='ocrx_word' id='word_1_265' title='bbox 0 0 2695 7092; x_wconf 95' lang='lat' dir='ltr'><strong> </strong></span> 
     </span>
    </p>
   </div>
  </div>
 </body>
</html>
