5286 7098
526 616 587 679 118
1188 591 1351 664 CODEX
1394 590 1628 666 CAVENSIS

479 849 556 933 ipse
578 845 701 912 nobem
726 842 857 911 cartule
879 838 922 908 ad
946 839 1101 926 ipsorum
1124 836 1295 905 nominati
1319 836 1388 905 ursi
1414 838 1449 904 et
1472 833 1604 903 ricardi
1628 834 1772 904 retdidit
1795 835 1833 904 in
1855 837 1920 904 tali
1944 856 2094 926 namque
2115 840 2272 922 hordine,
2298 847 2337 910 ut

480 999 537 1068 uhi
561 1015 699 1068 neoesse
721 995 809 1063 mihi
832 995 888 1063 vel
911 992 956 1063 ad
978 993 1067 1061 meis
1090 990 1274 1062 heredibus
1297 992 1371 1076 ipse
1394 992 1517 1059 nobem
1540 991 1685 1070 cartule,
1711 993 1747 1060 et
1769 991 1827 1060 ubi
1851 992 1951 1077 prius
1973 993 2043 1062 illis
2065 998 2118 1066 vel
2142 1013 2263 1066 eorum
2278 1000 2338 1066 he·

478 1149 579 1218 redes
602 1149 693 1217 scire
715 1147 910 1227 fecerimus,
936 1151 1018 1216 tunc
1041 1165 1063 1214 a
1085 1145 1259 1232 presentis
1281 1146 1460 1214 remittere
1487 1145 1559 1212 tote
1581 1144 1658 1230 ipse
1683 1147 1805 1213 nobem
1827 1147 1960 1215 cartule
1982 1146 2027 1215 ad
2050 1151 2169 1215 nostra
2190 1151 2338 1236 potesta-

480 1307 549 1373 tem
567 1305 623 1372 vel
639 1301 683 1370 ad
699 1300 811 1370 nostri
825 1298 1010 1370 heredibus
1032 1298 1075 1366 ad
1097 1297 1268 1367 abendam
1284 1298 1357 1376 ille,
1376 1297 1458 1365 dum
1475 1297 1575 1364 nobis
1590 1315 1732 1367 necesse
1754 1297 1869 1378 fuerit,
1887 1299 1921 1366 et
1936 1299 2006 1366 illis
2030 1317 2052 1368 a
2075 1301 2246 1386 presentis
2269 1305 2339 1371 tote

477 1457 552 1541 ipse
568 1456 701 1522 cartule
718 1471 810 1521 ame
825 1452 1043 1537 receperunt.
1065 1447 1226 1534 Sequitur
1241 1448 1465 1517 conclusionis
1477 1449 1653 1531 fomute:
1672 1447 1770 1518 Unde
1785 1447 1829 1517 de
1845 1447 1965 1518 omnia
1987 1449 2031 1521 de
2044 1451 2244 1537 supradicta
2265 1470 2339 1520 mo·

478 1608 613 1674 nimina
624 1605 690 1674 etc.
709 1604 912 1688 Interposito
926 1603 1119 1672 mutuus
1131 1601 1298 1671 Mirouclo
1313 1617 1479 1686 pemuouo
1495 1601 1601 1683 ipsius
1617 1601 1706 1680 Ursi,
1720 1602 1853 1671 statuta
1867 1601 1976 1670 multo
1987 1602 2137 1686 triptota
2152 1619 2339 1672 oureomm

478 1755 669 1824 solidorum
690 1753 1044 1823 coustuutiuiauoruru
1058 1751 1230 1834 depactis
1252 1767 1320 1816 uou
1334 1752 1491 1820 servetis.
1513 1751 1548 1818 et
1564 1767 1631 1816 unc
1648 1752 1786 1820 brebem
1801 1751 1927 1836 scripsi
1949 1769 2016 1836 ego
2030 1751 2219 1822 radoaldus
2241 1757 2339 1824 nota·

437 1892 439 1896 ¹
480 1907 554 1976 rius
569 1907 628 1992 qui
645 1905 801 1974 interfui.

542 2029 572 2144 †
588 2075 654 2143 ego
671 2056 866 2142 antipertus
881 2055 1037 2122 noterius
1053 2073 1107 2122 me
1123 2052 1310 2136 subscripsi

541 2183 652 2296 †ego
668 2208 811 2274 ioannes

442 2435 451 2445 ,
542 2332 573 2444 †
587 2378 654 2445 ego
670 2361 839 2427 iohannes
854 2357 1010 2423 notarius
1024 2373 1079 2422 me
1093 2356 1295 2440 subscripsi.

1302 2863 1527 2943 CCCXI.

1280 3112 1336 3188 A.
1372 3111 1423 3188 D.
1461 3108 1566 3190 979.

548 3375 635 3513 †In
650 3423 791 3491 nomine
806 3421 938 3490 domini
953 3422 1129 3489 tricesimo
1144 3421 1244 3488 sexto
1260 3437 1353 3486 anno
1368 3419 1587 3503 principatus
1600 3417 1716 3485 domni
1741 3420 1853 3488 nostri
1875 3419 2017 3506 paldolfl
2041 3422 2187 3507 gloriosi
2211 3421 2342 3508 princi-

335 3599 338 3608 ’
481 3577 549 3661 pis,
568 3580 603 3644 et
617 3577 732 3661 primo
748 3593 840 3644 anno
856 3575 931 3644 eius
947 3574 1089 3653 salerni,
1106 3575 1142 3643 et
1156 3573 1277 3658 quinto
1292 3589 1383 3641 anno
1399 3570 1617 3658 principatus
1641 3570 1760 3639 domni
1775 3570 2003 3657 paldolfleius
2019 3571 2096 3652 fltii,
2115 3591 2233 3642 mense
2246 3590 2343 3640 mar·

485 3727 556 3794 tius
570 3727 717 3812 septima
732 3723 932 3793 indictione.
951 3723 1091 3792 brebem
1107 3722 1270 3791 emissum
1286 3740 1308 3789 a
1322 3723 1421 3790 nobis
1437 3723 1526 3790 mari
1538 3722 1611 3828 tilio
1624 3722 1728 3793 ciceri
1744 3725 1779 3791 et
1793 3725 1927 3792 amatus
1942 3725 2102 3808 nepotem
2119 3742 2232 3792 meum
2248 3723 2343 3792 tilius

486 3876 660 3962 quondam
676 3875 779 3961 petri,
797 3893 839 3945 eo
854 3874 945 3962 quod
968 3875 1006 3943 in
1020 3873 1255 3945 sacratissimo
1279 3873 1494 3942 salernitano
1516 3875 1647 3959 palatio
1669 3875 1748 3944 ante
1769 3875 1954 3959 subscripti
1976 3875 2122 3958 ydoneis
2144 3875 2342 3944 hominibus

485 4045 549 4113 per
564 4029 654 4095 bona
668 4026 921 4095 combenientia
936 4024 1140 4094 tradidimus
1157 4024 1368 4092 constantini
1384 4026 1418 4094 et
1432 4025 1525 4110 petri
1542 4025 1702 4110 germani
1726 4025 1793 4093 filii
1816 4025 1960 4093 iohanni
1975 4028 2035 4112 qui
2058 4043 2224 4112 sparanus
2241 4041 2342 4093 voca·

483 4182 546 4260 bit,
565 4199 636 4249 una
652 4181 752 4267 pecie
766 4179 809 4248 de
827 4182 934 4258 terra,
954 4180 992 4247 in
1007 4197 1072 4264 quo
1087 4197 1171 4264 pars
1193 4181 1411 4263 pastenatum
1434 4181 1496 4258 est,
1514 4181 1549 4246 et
1572 4181 1719 4246 bacuum
1738 4195 1808 4245 uno
1823 4178 1985 4258 tentante,
2004 4177 2092 4264 quod
2116 4181 2280 4249 babemus
2303 4180 2342 4246 in

489 4331 601 4397 locum
619 4329 737 4396 fellino
753 4328 881 4396 iimbus
895 4326 1116 4396 salernitanis
1132 4327 1168 4394 in
1186 4330 1304 4396 monte
1318 4329 1377 4414 qui
1401 4327 1529 4396 dicitur
1553 4329 1711 4408 botrano,
1736 4345 1803 4414 que
1825 4329 1927 4396 modo
1950 4330 2194 4397 recolleximus
2209 4329 2252 4397 da
2266 4346 2338 4397 ses-

488 4484 573 4561 sulo,
592 4481 652 4566 qui
668 4481 748 4550 iiiut
761 4479 805 4548 ad
820 4478 1069 4565 pastenandum
1085 4478 1198 4546 tenuit
1219 4496 1330 4559 anos,
1355 4482 1390 4548 ei
1411 4481 1464 4550 est
1485 4498 1550 4566 per
1572 4498 1610 4549 as
1632 4480 1714 4549 finis
1737 4483 1772 4548 et
1796 4481 1984 4549 mensoria:
2010 4481 2054 4549 de
2076 4481 2165 4567 pede
2187 4483 2257 4550 tine
2279 4498 2344 4550 no-

487 4635 563 4701 stra
577 4635 612 4700 et
627 4633 670 4700 de
686 4636 862 4702 consortes
884 4636 1033 4712 nostros,
1061 4634 1142 4702 sunt
1165 4631 1293 4702 exinde
1315 4633 1410 4718 pessi
1426 4633 1575 4718 triginta
1591 4653 1599 4699 :
1617 4633 1660 4702 de
1675 4651 1747 4702 una
1761 4635 1860 4719 parte
1874 4633 1943 4708 fine
1957 4631 2001 4702 de
2016 4632 2162 4702 heredes
2177 4632 2249 4701 ursi
2266 4631 2342 4698 thio

489 4786 605 4853 noster
620 4804 628 4848 ε
647 4783 689 4856 de
704 4801 808 4870 super
823 4787 924 4871 parte
939 4803 961 4853 a
975 4787 1078 4870 parte
1092 4783 1135 4852 de
1150 4802 1249 4854 serra
1264 4785 1334 4853 fine
1350 4785 1479 4864 nostra,
1499 4784 1628 4855 atinde
1643 4787 1737 4871 passi
1755 4785 1905 4872 triginta
1920 4804 1927 4850 :
1947 4783 1990 4854 de
2006 4785 2079 4854 alia
2094 4785 2195 4870 parte
2211 4783 2280 4852 fine
2295 4781 2341 4852 de

487 4937 633 5008 heredes
656 4937 794 5018 sellicti,
811 4939 847 5008 et
860 4941 1094 5048 coniungeute
1108 4939 1146 5005 in
1163 4939 1242 5024 ipsa
1256 4939 1374 5024 priore
1388 4937 1458 5008 flne
1474 4937 1657 5024 longitudo
1671 4940 1724 5008 est
1741 4938 1888 5006 inomni
1905 4941 1981 5006 loco
2004 4936 2098 5023 passi
2121 4935 2338 5022 octoaginta‚

488 5090 523 5154 et
538 5087 576 5155 in
592 5085 743 5155 medium
760 5104 823 5173 per
837 5087 1034 5164 trabersum
1051 5090 1131 5157 sunt
1147 5087 1240 5172 passi
1256 5087 1404 5174 triginta
1419 5085 1462 5156 ad
1478 5087 1570 5156 iusto
1585 5105 1727 5174 passum
1742 5086 1876 5156 homini
1900 5090 2153 5157 mensuratum.
2172 5090 2237 5157 bec
2258 5103 2345 5156 vero

484 5239 587 5308 rebus
610 5259 673 5327 per
689 5241 765 5327 ipse
787 5240 867 5309 finis
881 5243 917 5310 et
932 5241 1108 5311 mensurio
1123 5241 1197 5309 tota
1220 5258 1298 5308 cum
1322 5239 1440 5309 omnia
1462 5240 1558 5308 intra
1580 5259 1617 5310 se
1638 5242 1803 5310 babentes
1825 5241 1860 5309 et
1882 5258 1961 5308 cum
1983 5241 2060 5308 vice
2082 5238 2126 5308 de
2149 5239 2205 5306 bia
2224 5239 2344 5308 suaet

484 5387 561 5454 vice
575 5386 619 5455 de
636 5389 780 5458 fontana
795 5393 916 5458 nostra
931 5408 997 5476 que
1012 5389 1061 5457 ibi
1077 5407 1100 5458 a
1114 5391 1216 5476 supto
1231 5391 1284 5458 est
1298 5391 1335 5457 in
1350 5389 1469 5460 eodem
1486 5392 1561 5458 loco
1576 5391 1705 5470 senine,
1724 5397 1758 5458 et
1774 5392 1848 5460 vice
1863 5389 1906 5460 de
1921 5391 1980 5458 bia
1996 5389 2041 5460 ad
2057 5391 2137 5475 ipsa
2152 5406 2244 5476 aqua
2265 5387 2343 5455 iilo-

485 5556 564 5606 rum
582 5538 787 5614 tradidimus
801 5563 811 5630 ;
836 5559 902 5628 pro
925 5541 1042 5628 itaque
1065 5541 1197 5628 gnadia
1213 5542 1312 5610 nobis
1328 5541 1497 5614 dederunt
1511 5545 1545 5610 et
1561 5541 1787 5611 mediatorem
1803 5543 1905 5612 nobis
1922 5543 2113 5629 posuerunt
2129 5537 2344 5626 grimoaldus

483 5697 673 5778 cognatum
696 5695 835 5763 illorum
857 5696 951 5765 filius
974 5697 1117 5765 iohanni
1139 5695 1202 5765 tali
1225 5695 1370 5775 ordine,
1400 5697 1437 5761 ut
1460 5695 1584 5762 amodo
1606 5698 1640 5764 el
1662 5715 1769 5784 usque
1791 5699 1912 5766 nobem
1937 5695 2021 5764 anni
2044 5695 2205 5782 completi
2229 5692 2344 5762 licead

480 5845 555 5913 illis
578 5847 614 5914 et
636 5846 706 5914 suis
729 5847 913 5917 heredibus
935 5850 1008 5917 tota
1030 5845 1232 5934 supradicta
1253 5849 1375 5915 nostra
1397 5845 1604 5917 tradictione
1629 5851 1744 5918 tenere
1766 5849 1809 5916 ad
1833 5867 1895 5918 sue
1917 5847 2106 5934 potestati,
2132 5849 2167 5915 et
2190 5863 2251 5914 sue
2274 5845 2347 5912 uti-
