5216 7092
542 550 604 614 208
1208 541 1371 614 CODEX
1410 543 1644 617 CAVENSlS

497 779 611 848 dictus
626 781 773 865 gisolfus
788 780 919 849 domini
936 783 1054 868 gratia
1068 785 1229 870 principe
1244 785 1337 852 filius
1353 801 1441 853 vone
1457 785 1708 857 recordationis
1723 788 1842 859 domni
1865 793 2054 878 guaimarii
2070 800 2151 867 olim
2169 803 2356 888 principis,

497 952 603 1018 quam
621 950 688 1018 ego
704 934 906 1020 supradicta
921 954 1062 1021 gemma
1078 936 1210 1005 domini
1228 937 1346 1023 gratia
1359 937 1572 1024 principissa
1586 958 1675 1008 uxor
1691 943 1881 1028 supradicti
1905 947 2022 1016 domni
2046 950 2160 1036 gisolfi
2184 957 2360 1024 excellen-

493 1085 621 1153 tissimi
648 1087 831 1174 principis,
849 1089 1100 1168 clarefacimus,
1126 1091 1290 1175 quoniam
1307 1091 1393 1158 mihi
1410 1091 1599 1177 supradicti
1624 1095 1740 1179 gisolfi
1756 1114 1775 1166 e
1791 1101 2014 1170 xuccessione
2029 1123 2051 1172 a
2065 1124 2148 1189 pars
2163 1109 2359 1192 supradicti

496 1239 615 1307 domni
634 1242 823 1326 guaimarii
840 1243 984 1326 gloriosi
1000 1243 1171 1328 principis
1187 1245 1328 1328 genitor
1342 1263 1438 1313 meus
1453 1224 1668 1331 pertinentes
1690 1252 1743 1317 est
1758 1251 1844 1319 mihi
1860 1256 1965 1322 abere
1979 1258 2074 1324 terra
2096 1276 2174 1326 cum
2199 1261 2298 1330 binea
2319 1265 2360 1332 et

499 1395 671 1462 cannietis
687 1413 757 1462 uno
773 1397 926 1465 teniente
942 1399 1032 1466 ulter
1047 1398 1189 1467 flubium
1206 1398 1349 1466 lirinum
1374 1399 1411 1466 in
1434 1400 1530 1484 plaiu
1554 1400 1597 1469 de
1620 1405 1737 1472 monte
1760 1405 1819 1490 qui
1844 1405 1971 1502 dicitur
1994 1412 2139 1480 betranu
2162 1415 2361 1502 propinquo

500 1566 568 1617 ano
583 1549 770 1628 cibitatem,
789 1551 827 1674 et
837 1566 1031 1634 congruum
1048 1551 1100 1617 est
1115 1549 1215 1616 nobis
1232 1549 1298 1616 viri
1322 1551 1357 1617 et
1379 1552 1482 1618 uxori
1509 1552 1587 1619 iiiut
1612 1553 1740 1624 donare
1763 1557 1926 1640 guaiferii
1949 1558 2073 1627 dilecto
2095 1564 2212 1648 nepoti
2239 1571 2362 1634 nostro

498 1701 592 1772 filius
607 1703 780 1789 quondam
798 1703 987 1788 guaimarii
1005 1702 1152 1768 comitis.
1173 1705 1289 1770 tamen
1304 1719 1371 1788 ego
1388 1703 1589 1788 supradicta
1606 1725 1743 1790 gemma
1765 1707 1898 1776 domini
1921 1711 2040 1796 gratia
2063 1715 2271 1799 principissa
2293 1737 2362 1803 per

503 1875 710 1925 consensum
728 1859 763 1925 et
780 1858 967 1925 volumtate
982 1855 1172 1943 supradicti
1189 1855 1305 1924 domni
1322 1857 1437 1941 gisolfi
1453 1859 1598 1942 gloriosi
1619 1860 1789 1946 principis
1811 1863 1879 1928 viri
1902 1863 1980 1942 mai,
2001 1865 2038 1932 in
2062 1868 2155 1935 cuius
2179 1870 2360 1939 mundium

500 2027 556 2077 me
572 2009 750 2078 subiacere
765 2009 984 2094 palamfacio,
1001 2026 1065 2076 nos
1081 2011 1193 2076 autem
1211 2008 1442 2093 suprascripti
1458 2009 1563 2076 viret
1585 2027 1686 2090 uxor,
1705 2011 1795 2079 sicut
1817 2011 1915 2080 nobis
1938 2031 2130 2100 congruum
2153 2021 2216 2096 est,
2233 2024 2362 2090 unani-

502 2163 606 2230 miter
622 2163 766 2248 parique
782 2179 951 2230 consensu
967 2181 1030 2248 per
1047 2165 1139 2230 hanc
1156 2162 1322 2228 cartulam
1339 2160 1556 2240 donabimus,
1572 2162 1683 2248 adque
1695 2163 1737 2230 ad
1751 2182 1889 2250 semper
1901 2167 2069 2234 abendum
2082 2171 2361 2242 confirmabimus

500 2317 564 2383 tibi
580 2316 735 2383 iamdicti
753 2316 905 2401 guaiferi
922 2317 1046 2384 cuncta
1061 2317 1096 2382 et
1112 2315 1234 2382 inclita
1249 2315 1342 2380 terra
1366 2331 1443 2380 cum
1468 2313 1570 2382 binea
1592 2314 1728 2382 deserta
1742 2319 1776 2385 et
1792 2319 1953 2386 cannieta
1967 2338 2037 2386 uno
2059 2321 2210 2390 leniente
2231 2343 2294 2408 per
2316 2343 2360 2392 as

501 2466 581 2535 finis
598 2474 633 2534 et
649 2467 835 2536 mensurie:
853 2485 874 2532 a
893 2485 958 2552 par
974 2465 1120 2534 meridie
1135 2465 1203 2534 fine
1225 2465 1317 2550 petri
1341 2465 1497 2544 castaldi,
1515 2467 1573 2551 qui
1598 2467 1759 2537 cristalus
1781 2473 1892 2548 vocat,
1922 2473 1957 2538 et
1983 2473 2098 2539 azzoni
2125 2477 2240 2558 nepoti
2267 2477 2356 2580 ciuis,

500 2640 602 2707 quem
619 2638 682 2689 nos
697 2620 897 2705 supradicto
913 2619 1059 2687 cristalli
1075 2621 1109 2685 et
1124 2593 1151 2685 a
1162 2619 1313 2702 genitori
1331 2619 1440 2702 ipsius
1463 2619 1581 2686 azzoni
1604 2637 1668 2705 per
1692 2621 1820 2686 vicaria
1841 2621 1959 2690 datum
1982 2626 2151 2706 abuimus‚
2169 2629 2204 2695 et
2218 2629 2360 2698 exiente

497 2772 535 2840 in
550 2773 645 2840 terra
667 2791 744 2839 cum
764 2771 961 2838 oannietum
978 2773 1104 2855 tuaque
1119 2769 1282 2854 guaiferi,
1300 2771 1334 2837 et
1356 2787 1419 2854 per
1442 2769 1521 2855 ipsa
1542 2771 1613 2837 fine
1637 2772 1699 2838 tua
1724 2775 1894 2858 pergente
1920 2777 1953 2843 et
1980 2779 2212 2863 coniungente
2238 2782 2274 2846 in
2302 2783 2361 2849 bia

501 2923 751 3002 comuenzaria,
770 2922 828 3007 qui
845 2921 982 2989 deducit
998 2921 1091 2988 intro
1106 2921 1173 2988 ista
1188 2923 1296 3000 curte,
1315 2923 1404 2988 siout
1419 2939 1482 3006 per
1498 2923 1571 2988 tota
1587 2922 1655 2990 ista
1670 2923 1739 2991 fine
1754 2925 1864 2992 limite
1879 2926 2057 3009 discernit,
2075 2935 2110 2997 et
2124 2949 2188 3014 per
2203 2932 2271 2998 ista
2285 2935 2359 3002 fine

502 3077 581 3144 sunt
596 3077 690 3161 passi
707 3073 903 3160 nonaginta
918 3074 997 3142 duo:
1016 3091 1037 3140 a
1052 3091 1134 3158 pars
1151 3073 1295 3140 orientis
1309 3073 1379 3141 fine
1393 3073 1470 3158 ipsa
1487 3073 1545 3140 bia
1559 3076 1799 3144 comuenzaria
1820 3079 1855 3144 et
1883 3077 1954 3144 fine
1975 3081 2151 3165 episcopio
2173 3083 2360 3152 salernita-

495 3249 556 3308 no,
574 3232 609 3298 et
623 3249 686 3314 per
702 3230 777 3314 ipsa
792 3229 861 3297 fine
877 3228 920 3296 de
936 3227 1011 3314 ipso
1028 3227 1203 3313 episcopio
1218 3226 1423 3296 ascendente
1439 3245 1501 3311 per
1515 3225 1608 3312 plaic
1623 3226 1666 3294 de
1682 3229 1796 3313 ipsum
1813 3231 1928 3297 monte
1941 3232 1975 3298 et
1986 3232 2217 3317 coniungente
2228 3235 2269 3301 ad
2282 3236 2357 3302 fine

496 3382 630 3458 nostra,
649 3381 738 3448 sicut
752 3399 815 3465 per
830 3380 897 3448 ista
913 3379 982 3446 fine
997 3379 1108 3447 limite
1123 3377 1299 3455 discernit,
1314 3379 1349 3444 el
1364 3379 1444 3443 sunt
1459 3343 1612 3461 per'tota
1627 3377 1693 3445 ista
1709 3378 1780 3446 fine
1796 3380 1888 3465 passi
1906 3382 2043 3447 centum
2060 3381 2214 3450 sidecim:
2233 3403 2253 3451 a
2269 3403 2360 3470 pars

498 3535 758 3622 septemtrionis
775 3535 845 3600 fine
859 3535 992 3612 nostra,
1011 3533 1045 3600 et
1060 3549 1124 3618 per
1147 3532 1226 3616 ipsa
1247 3531 1317 3598 fine
1340 3533 1459 3597 nostra
1481 3533 1651 3616 pergente
1674 3535 1708 3600 et
1730 3533 1963 3618 coniungente
1985 3533 2029 3602 ad
2052 3535 2122 3602 fine
2144 3535 2187 3603 de
2210 3537 2359 3608 heredes

496 3690 588 3774 petri
605 3689 741 3756 comitis
757 3687 822 3754 filii
839 3684 1015 3770 guaiferii,
1034 3683 1123 3750 sicut
1138 3701 1200 3768 per
1216 3683 1287 3748 tota
1302 3683 1369 3750 ista
1385 3683 1454 3750 fine
1469 3683 1580 3749 limite
1596 3681 1773 3762 discernit,
1791 3685 1843 3751 est
1857 3702 1920 3769 per
1936 3685 2005 3764 ista
2027 3687 2098 3754 fine
2120 3687 2213 3772 passi
2237 3689 2356 3755 octoa-

493 3843 597 3927 ginta
620 3859 698 3909 scs:
725 3838 926 3925 apartibus
948 3836 1137 3904 occidentis
1159 3835 1229 3903 fine
1250 3835 1293 3902 de
1316 3834 1462 3902 heredes
1486 3835 1596 3918 ipsius
1619 3838 1722 3920 petri,
1742 3840 1776 3904 et
1799 3835 2025 3905 descendente
2047 3857 2109 3922 per
2132 3839 2201 3905 fine
2221 3841 2355 3924 tuaque

498 3994 664 4080 guaiferii
680 3995 715 4061 et
730 3993 961 4077 coniungente
977 3992 1014 4058 in
1031 3990 1271 4076 suprascripta
1285 3989 1403 4075 priore
1417 3989 1517 4068 fines,
1531 3989 1621 4056 sicut
1637 4008 1700 4074 per
1716 3992 1790 4057 tota
1806 3990 1871 4056 ista
1884 3990 1955 4058 fine
1970 3990 2080 4058 limite
2102 3993 2136 4060 et
2151 3993 2264 4059 sabuci
2280 3993 2355 4062 dis-

492 4147 617 4226 cernit,
637 4148 673 4214 et
694 4164 756 4230 per
778 4145 854 4211 tota
876 4143 942 4211 ista
956 4143 1026 4209 fine
1041 4141 1135 4228 passi
1152 4141 1288 4207 centum
1306 4138 1540 4224 quadraginta
1560 4158 1678 4216 unum,
1697 4143 1807 4209 totum
1830 4143 2067 4209 mensuratum
2091 4142 2134 4209 ad
2157 4145 2247 4211 iusto
2269 4163 2352 4230 pas-

482 4322 568 4372 -sum
584 4300 731 4368 homini.
750 4317 789 4367 ec
804 4315 886 4400 vero
901 4316 959 4365 res
974 4315 1038 4380 per
1055 4294 1290 4380 suprascripte
1305 4293 1387 4360 finis
1410 4311 1488 4358 cum
1512 4295 1627 4360 omnia
1650 4293 1743 4360 intra
1766 4312 1802 4362 se
1825 4293 2006 4362 abentibus
2029 4294 2254 4380 omnibusque
2276 4297 2353 4366 suis

490 4454 713 4541 pertinentiis
731 4455 765 4521 et
781 4471 859 4521 cum
873 4453 950 4550 bice
967 4451 1010 4518 de
1026 4451 1084 4517 bia
1102 4467 1165 4516 sua
1180 4448 1387 4516 trasactibus
1402 4445 1544 4515 nomine
1560 4449 1595 4513 et
1610 4465 1632 4513 a
1648 4445 1802 4515 funditus
1825 4447 1904 4513 illut
1925 4447 1990 4513 tibi
2012 4445 2175 4514 iamdicto
2197 4448 2351 4532 guaiferi

494 4610 713 4688 donabimus,
732 4607 824 4675 unde
838 4608 972 4675 nullam
988 4606 1048 4675 aut
1062 4603 1224 4688 cuiquam
1242 4601 1441 4668 hominibus
1456 4602 1511 4667 vel
1527 4599 1562 4668 in
1579 4601 1700 4684 quahis
1715 4601 1870 4685 partibus
1885 4599 2012 4668 exinde
2034 4601 2165 4668 restitit
2186 4603 2243 4667 aut
2264 4600 2352 4666 dici-

494 4780 571 4829 mus
586 4779 770 4829 remanere
794 4759 992 4840 sortionem;
1011 4761 1075 4838 set,
1093 4757 1182 4825 sicut
1204 4755 1334 4823 dictum
1358 4757 1421 4834 est,
1440 4753 1596 4822 inclitum
1620 4755 1700 4822 illut
1723 4753 1786 4820 tibi
1809 4753 2014 4820 donabimus
2041 4751 2085 4818 ad
2114 4753 2280 4820 securiter
2305 4771 2349 4819 ac

493 4918 642 4986 firmiter
658 4915 782 4984 amodo
799 4916 834 4981 et
850 4931 988 4998 semper
1011 4931 1073 4980 uos
1095 4911 1286 4995 vestrisque
1308 4908 1492 4978 heredibus
1514 4910 1593 4976 illut
1614 4907 1794 4987 abendum,
1813 4905 2069 4984 dominandum,
2087 4905 2345 4990 possidendum,

490 5068 610 5135 omnia
639 5064 764 5134 exinde
787 5061 981 5132 faciendum
1006 5060 1096 5148 quod
1120 5061 1321 5139 volueritis,
1348 5060 1478 5143 absque
1501 5059 1593 5125 omni
1617 5059 1739 5130 nostra
1759 5058 2026 5140 nostrorumque
2052 5053 2236 5123 heredibus
2263 5072 2346 5122 con·

489 5223 668 5290 trarietate
692 5220 747 5288 vel
768 5187 994 5304 requisitione
1016 5193 1077 5284 aut
1095 5214 1254 5301 cuiquam
1278 5215 1489 5280 hominibus.
1516 5211 1607 5278 unde
1629 5228 1694 5295 pro
1718 5228 1759 5276 oc
1781 5209 1908 5276 donum
1932 5207 2139 5275 firmandum
2150 5258 2341 5275 ........

488 5375 657 5459 launegilt
683 5392 706 5441 a
728 5389 790 5441 vos
813 5369 1041 5439 communiter
1064 5365 1191 5436 exinde
1214 5365 1406 5451 recepimus
1433 5364 1636 5431 mantellum
1668 5380 1800 5427 unum:
1826 5359 1993 5444 finitoque
2025 5359 2199 5442 launegilt
2231 5359 2344 5443 ipsum

487 5529 572 5612 aput
594 5543 656 5594 nos
679 5543 721 5594 ea
743 5524 902 5604 rationo,
929 5541 993 5609 per
1017 5539 1109 5589 vona
1131 5505 1384 5588 comvenientia
1406 5517 1601 5602 obligamus
1627 5533 1691 5583 nos
1726 5513 1785 5599 qui
1819 5529 1928 5597 supra
1962 5509 2108 5595 gisolfus
2142 5512 2177 5577 et
2206 5527 2349 5594 gemma

486 5679 619 5749 domini
642 5677 759 5764 gratia
781 5677 951 5764 principis
976 5680 1012 5745 et
1032 5675 1162 5745 nostris
1185 5671 1345 5740 aradibus
1369 5671 1492 5740 amodo
1515 5673 1550 5737 et
1572 5671 1708 5754 semper
1731 5664 1972 5751 suprascripta
1994 5663 2118 5728 nostra
2142 5659 2345 5742 donatione,

485 5837 522 5901 ut
545 5833 782 5918 supradictum
807 5833 870 5906 est,
896 5829 994 5898 vobis
1016 5828 1206 5914 vestrisque
1229 5825 1414 5896 heredibus
1438 5824 1643 5892 antistemus
1666 5823 1701 5888 et
1723 5819 1939 5887 defensemus
1961 5813 2007 5883 da
2029 5815 2080 5880 illi
2100 5814 2297 5882 hominibus
2310 5820 2348 5884 et
