5286 7098
573 579 613 638 74
1239 561 1402 636 CODEX
1446 565 1680 639 CAVENSlS

529 807 724 891 prescripta
741 823 812 871 uon
828 805 1071 891 adimpleverit
1086 816 1121 874 et
1136 807 1299 891 quesierit
1321 809 1446 892 aliquit
1468 810 1595 876 exinde
1620 829 1799 880 removere
1822 817 1881 879 aut
1904 819 2301 901 cont1·are.componere
2324 820 2382 888 illa

530 973 625 1040 pars,
645 957 702 1040 qui
720 957 805 1023 talia
820 958 934 1024 axerit
945 955 971 1044 ⁴)
987 958 1029 1024 ad
1046 959 1107 1026 illa
1123 921 1218 1043 pars,
1237 977 1303 1043 que
1320 959 1467 1027 firmiter
1483 961 1530 1027 ibi
1549 980 1749 1046 permanere
1769 965 1927 1043 voluerit,
1945 971 2082 1034 centum
2099 966 2226 1035 solidos
2248 971 2381 1038 costan-

425 1101 431 1114 '
524 1109 627 1188 linos
648 1117 682 1177 et
698 1111 816 1177 omnia
831 1112 1072 1196 suprascripta
1088 1113 1180 1180 iuter
1196 1132 1260 1180 nos
1275 1113 1376 1180 firme
1391 1117 1426 1181 ct
1441 1117 1573 1182 stavilis
1589 1117 1798 1200 permanead
1815 1123 1850 1186 et
1865 1121 1992 1192 omnia,
2013 1123 2050 1186 ut
2073 1123 2231 1206 superius
2253 1121 2378 1190 dictum
2484 1215 2488 1221 Ι

528 1261 592 1336 est,
611 1260 703 1328 inter
720 1278 782 1326 uos
800 1259 1053 1345 adimpleamus
1069 1281 1131 1347 per
1148 1263 1291 1348 imbitis;
1308 1267 1360 1330 set
1375 1267 1488 1331 lamen
1504 1265 1595 1330 omni
1612 1267 1778 1350 tempore,
1796 1266 1885 1334 sicut
1901 1269 2137 1352 supradictum
2154 1273 2214 1346 est,
2234 1287 2336 1354 pares
2346 1277 2380 1338 et

525 1413 665 1494 equales
682 1412 762 1478 inde
779 1413 920 1480 siamus.
940 1417 974 1482 et
989 1432 1055 1497 ego
1071 1416 1230 1498 superius
1248 1417 1364 1499 petrus
1380 1416 1538 1484 notarius
1554 1417 1694 1484 interfui
1712 1421 1745 1484 et
1761 1420 1854 1486 buno
1871 1421 2007 1486 brebem
2025 1421 2177 1504 scripsi·

582 1533 612 1644 †
636 1579 703 1646 ego
726 1564 847 1645 petrus

583 1687 703 1802 †ego
727 1717 783 1801 qui
809 1735 916 1802 supra
939 1719 1094 1784 arechisi·

585 1843 704 1956 †ego
729 1871 904 1955 grimoald

585 1997 705 2109 †ego
727 2027 786 2110 qui
811 2043 920 2109 supra
944 2027 1117 2109 iaquiutus

583 2148 701 2263 †e'go
726 2177 829 2244 lando

585 2301 705 2414 †ego
728 2330 925 2397 romoaldus
949 2349 1002 2398 me
1026 2331 1214 2416 subscripsi

588 2455 616 2567 †
641 2500 708 2567 ego
732 2483 900 2550 iohannes
922 2485 1080 2551 notarius
1103 2503 1158 2552 me
1181 2487 1366 2571 subscripsi

587 2607 705 2720 †ego
729 2634 888 2701 radechis
911 2635 1068 2702 notarius
1092 2655 1147 2702 me
1172 2637 1371 2721 subscripsi.

1119 2823 1794 2856 ..ξ’-Ἤ-ι-

1331 3140 1588 3218 CCLXX.

1318 3323 1373 3457 a.
1411 3382 1461 3459 o.
1499 3380 1603 3460 972.

583 3642 617 3777 ἰ’
641 3698 679 3759 ln
695 3693 834 3758 nomine
850 3691 981 3758 domini
998 3690 1054 3756 dei
1071 3691 1236 3757 salvatori
1253 3689 1351 3757 ilresu
1368 3689 1477 3766 cristi,
1497 3691 1709 3775 temporibus
1724 3691 1842 3758 domui
1869 3696 2046 3760 mansonis
2070 3692 2215 3776 gloriosi
2239 3693 2333 3759 ducis
2348 3693 2383 3756 el

526 3845 720 3929 imperialis
739 3843 890 3927 patricii,
910 3859 1002 3909 anno
1025 3841 1292 3925 quintodecimo
1311 3839 1367 3907 die
1392 3841 1513 3924 quinta
1536 3842 1665 3909 mensis
1681 3842 1884 3921 decembris,
1905 3842 2096 3910 indictione
2111 3843 2235 3926 prima,
2253 3841 2381 3908 amalfi.

526 4001 665 4067 Certum
682 3998 733 4064 est
750 4015 804 4062 me
821 3998 956 4079 petrum
973 3995 1082 4062 lilium
1101 3993 1274 4079 quondam
1292 3993 1401 4079 lupini
1418 3993 1459 4063 de
1471 3993 1597 4060 domno
1613 3994 1703 4062 erini
1720 4013 1742 4062 a
1758 3996 1908 4080 presenti
1925 3995 1979 4064 die
1991 3997 2252 4081 pruntissimam
2264 3997 2385 4062 volun-

526 4155 633 4220 tatem
650 4149 918 4217 deliveravimus
935 4151 1038 4234 atque
1054 4150 1088 4216 et
1104 4149 1140 4213 in
1156 4147 1328 4232 presentis
1344 4146 1570 4216 diffinivimus
1585 4147 1681 4215 vobis
1696 4147 1789 4214 leoni
1803 4149 1922 4232 nepoti
1938 4168 2014 4217 meo
2029 4150 2102 4215 lilio
2117 4147 2287 4233 quondam
2311 4166 2385 4214 ser-

527 4306 587 4390 gio
603 4322 771 4390 germano
788 4321 863 4370 meo
880 4301 922 4368 de
938 4301 1054 4367 omnia
1069 4318 1176 4367 eausa
1191 4303 1355 4384 quantum
1372 4299 1452 4366 dedi
1470 4302 1505 4366 et
1520 4299 1706 4384 expeudidi
1723 4318 1788 4385 pro
1805 4302 1880 4386 ipsa
1895 4300 2088 4370 hereditate
2105 4300 2147 4368 de
2163 4301 2261 4380 sonti,
2276 4319 2385 4385 quan-

529 4457 572 4523 do
591 4457 672 4523 lecit
689 4455 794 4521 michi
811 4454 938 4523 exinde
954 4455 1108 4519 chartula
1124 4456 1198 4536 ipse
1214 4455 1396 4536 episcopus
1412 4451 1502 4521 sedis
1517 4453 1661 4521 ecclesie
1677 4455 1900 4527 salernitane,
1914 4453 2006 4521 uude
2022 4454 2165 4522 lecimus
2179 4455 2331 4522 rationes
2342 4455 2386 4520 de

529 4609 647 4677 omnia
663 4625 769 4674 causa
788 4607 955 4691 quantum
971 4603 1098 4672 exinde
1114 4603 1271 4671 dedimus
1286 4606 1320 4671 et
1336 4603 1541 4670 servivimus
1556 4603 1600 4671 ad
1617 4605 1728 4688 ipsum
1745 4607 1943 4690 episcopum
1961 4608 1995 4674 et
2011 4605 2055 4672 ad
2071 4607 2158 4675 alios
2169 4607 2336 4683 homiues,
2351 4609 2388 4672 et

530 4759 727 4828 reludidisli
752 4758 852 4825 nobis
877 4756 1255 4834 exinde-medietatem,
1275 4759 1339 4821 hoe
1355 4759 1418 4834 est,
1437 4755 1564 4823 dedisti
1586 4758 1685 4824 nobis
1708 4755 1835 4824 exinde
1857 4756 1984 4823 solidos
2011 4757 2189 4825 duodecim
2214 4775 2282 4823 aua
2307 4759 2385 4824 auri

532 4915 695 5000 quattuor
711 4929 774 4996 per
790 4909 935 4976 solidum
951 4911 985 4976 ct
999 4907 1210 4993 expedioasti
1223 4901 1250 4994 ²)
1267 4926 1321 4974 me
1333 4906 1375 4974 de
1391 4907 1468 4992 ipsa
1484 4907 1667 4975 medietate
1683 4911 1741 4975 tua
1755 4907 1798 4975 de
1814 4909 1932 4975 omnia
1943 4909 2105 4992 quantum
2125 4925 2188 4994 pro
2200 4909 2273 4994 ipsa
2291 4912 2391 4976 bere-

531 5068 638 5136 ditalo
655 5065 697 5133 de
715 5065 801 5130 sonti
819 5063 1022 5147 expedimus
1038 5065 1071 5129 et
1087 5061 1302 5138 servivimus,
1321 5063 1355 5128 et
1371 5079 1441 5128 non
1458 5063 1593 5128 lravotis
1610 5061 1747 5146 aliquod
1771 5061 1870 5128 nobis
1892 5059 2018 5128 exinde
2041 5059 2124 5129 dare
2146 5065 2183 5128 at
2205 5061 2386 5128 denarium

532 5221 730 5294 vellentem,
750 5218 785 5284 et
799 5213 1015 5282 firmavimus
1032 5213 1140 5291 vobis,
1161 5216 1198 5279 ut
1213 5211 1256 5280 de
1272 5214 1342 5278 tola
1358 5211 1432 5297 ipsa
1447 5212 1640 5280 hereditate
1656 5213 1699 5281 de
1715 5213 1797 5280 fonti
1815 5212 1858 5280 de
1874 5214 1948 5296 ipsa
1971 5178 2142 5280 hecclesia
2159 5211 2250 5280 etde
2272 5211 2386 5277 vineis

530 5376 565 5443 et
580 5373 768 5458 pumiferis,
788 5371 832 5437 de
847 5371 963 5446 terris,
982 5367 1114 5451 campis
1130 5368 1164 5434 et
1181 5367 1290 5440 silvis,
1310 5366 1353 5434 de
1368 5367 1523 5434 cannetis
1539 5371 1573 5434 et
1588 5368 1752 5436 salicetis.
1768 5367 1810 5436 de
1826 5367 1941 5433 omnia
1957 5385 2035 5433 cum
2051 5366 2208 5432 omnibus
2218 5351 2385 5448 quantum

537 5589 613 5596 μ...
635 5587 640 5592 .

590 5745 599 5778 ⁴
604 5751 614 5818 l
629 5746 731 5812 alaerit,
749 5743 822 5799 idest
836 5743 929 5812 aperit.

591 5871 614 5940 ²)
631 5869 811 5940 Erpedicosli,
828 5865 901 5921 idest
911 5865 1016 5921 soluisti
1028 5864 1154 5932 pralium.
1173 5859 1258 5916 Deest
1269 5859 1342 5914 baec
1355 5871 1408 5911 vor
1422 5856 1451 5910 iu
1465 5855 1506 5910 ltu
1519 5855 1628 5928 Gange,
1642 5854 1691 5910 ubi
1703 5855 1825 5910 hebetur
1836 5863 1950 5910 tuntum
1962 5855 2132 5920 erpuliculus
2145 5853 2198 5907 sub
2211 5851 2267 5906 alio
2283 5865 2384 5906 seusu.
