5252 7102
928 633 933 638 ·
962 607 1337 683 DIPLOMATICUS
1964 627 2023 690 941

345 881 353 906 r
376 860 518 928 inventa
547 857 683 946 ratione
705 856 883 926 nobiscum
906 872 1066 922 seucum
1089 852 1218 922 nostris
1240 854 1472 940 posteriores,
1498 859 1554 924 vel
1577 875 1654 924 cum
1684 877 1768 943 pars
1798 861 1966 944 prephato
1997 862 2077 952 000-Ι

393 1011 465 1079 0011
487 1011 604 1096 angeli
627 1028 773 1078 causare
796 1009 855 1076 aut
877 1005 1084 1076 contendere
1105 1023 1176 1073 non
1198 1009 1359 1092 poterent
1380 1027 1442 1093 per
1466 1007 1571 1077 nullis
1593 1009 1797 1081 rationibus.
1824 1011 1914 1082 unde
1935 1031 1999 1097 pro
2023 1016 2076 1081 ta-

429 1163 588 1250 Seqattar
610 1165 770 1232 consueta
794 1160 970 1245 formata,
996 1159 1195 1241 interposito
1219 1159 1413 1229 mediatore
1440 1160 1595 1244 Iaqotrrto
1621 1161 1690 1242 arro
1721 1163 1882 1233 Miraadt
1913 1166 1958 1231 de
1983 1167 2077 1248 Apes

465 1319 503 1385 ta
524 1316 635 1385 matta
659 1314 907 1399 quinquaqinta
930 1329 1117 1380 aureorum
1137 1311 1325 1378 solidorum
1347 1314 1711 1382 conterraneorum.
1737 1319 1780 1384 Et
1795 1333 1858 1382 nos
1876 1316 2077 1385 manifesta·

501 1469 542 1536 ad
567 1467 631 1536 toti
653 1465 895 1552 suprascripti,
920 1468 960 1533 ut
981 1484 1002 1530 a
1024 1463 1108 1532 soris
1132 1421 1207 1550 ipse
1230 1464 1311 1532 finis
1333 1469 1368 1533 et
1389 1465 1564 1534 mensurie
1588 1469 1623 1534 et
1646 1465 1777 1534 termiti
1800 1470 1881 1534 suut
1902 1467 1986 1548 ficti,
2012 1487 2075 1536 nec

531 1622 621 1689 'ores
643 1621 793 1699 nostros,
811 1637 877 1686 nec
899 1636 983 1703 pars
1006 1617 1160 1703 predicte
1183 1619 1353 1686 hecclesie
1375 1618 1525 1686 cumeis
1553 1637 1615 1686 nec
1639 1638 1715 1685 cum
1741 1637 1858 1687 eorum
1883 1620 2028 1688 heredes
2051 1639 2072 1688 a

571 1795 584 1837 r.
608 1775 786 1842 mensuria
808 1775 843 1841 01
866 1775 1041 1841 mensuris
1064 1791 1133 1840 non
1150 1773 1349 1840 tolleremus
1365 1774 1426 1840 aut
1441 1773 1677 1841 contrarernus
1693 1773 1879 1859 aliquando
1902 1777 2070 1861 tempore.

610 1930 700 1996 rrius
724 1926 866 1998 interfui
887 1931 921 1995 et
951 1931 1044 1994 bunc
1067 1929 1207 1996 brebem
1230 1925 1355 2012 scripsi
1471 1947 1473 1956 ¹

642 2081 727 2149 'riter
750 2082 785 2148 et
808 2082 916 2148 abbas

936 2881 1420 3020 QCCLXXXVIH.

1003 3107 1080 3181 ¹A.
1116 3106 1167 3182 D.
1205 3103 1308 3182 986.

275 3365 311 3502 †
334 3419 372 3483 In
390 3415 531 3484 nomine
547 3415 678 3483 domini
696 3433 788 3483 anno
803 3414 906 3482 tertio
922 3415 1141 3501 principatus
1156 3416 1275 3484 domni
1290 3415 1402 3484 nostri
1418 3417 1561 3484 iohanni
1576 3421 1611 3485 et
1623 3417 1741 3486 domni
1758 3419 1902 3505 guidoni
1918 3422 1991 3490 eius
2003 3381 2078 3491 ¹dlio

221 3567 369 3654 gloriosi
385 3567 612 3654 principibus
631 3586 749 3636 mense
764 3569 912 3653 agustus
927 3567 1189 3652 quartadecima
1213 3567 1413 3636 indictione.
1431 3571 1713 3639 memoratorium
1733 3549 1829 3642 ¹factu
1853 3593 1874 3640 a
1896 3594 1950 3641 me
1973 3575 2079 3659 ligori

222 3721 424 3788 atrianense
439 3721 534 3788 filius
551 3719 705 3799 iohanni,
723 3737 764 3786 eo
780 3719 868 3804 quod
885 3721 967 3786 ante
984 3719 1170 3804 supscripti
1186 3723 1287 3789 testes
1302 3739 1365 3805 per
1383 3739 1471 3788 vona
1486 3721 1725 3791 convenientia
1740 3723 1885 3790 tradidit
1901 3743 1968 3808 ego
1983 3728 2079 3794 bere

216 3870 321 3938 nardi
337 3870 522 3956 presbiteri
538 3889 610 3940 una
624 3872 769 3939 ecclesia
785 3889 862 3940 mea
877 3872 1079 3938 vocabolurn
1096 3870 1208 3937 sancti
1224 3871 1386 3938 iohannis
1401 3845 1467 3956 que
1483 3890 1504 3938 a
1520 3874 1609 3939 nobo
1624 3871 1825 3942 fundamine
1839 3893 1906 3959 ego
1924 3879 2079 3945 constru-

217 4022 272 4090 xit
289 4024 325 4090 in
342 4025 458 4092 monte
476 4024 534 4110 qui
549 4023 677 4093 dicitur
694 4023 1200 4102 1011010010000100001101000,
1219 4043 1298 4090 eum
1314 4027 1410 4092 terra
1426 4019 1588 4109 meaque
1611 4042 1678 4110 ego
1702 4025 1739 4090 in
1762 4026 1882 4094 eadem
1905 4029 2078 4097 hecclesia

216 4195 282 4260 pro
297 4176 416 4245 anima
431 4197 507 4246 mea
524 4177 602 4246 illut
618 4177 744 4246 ibidem
762 4177 887 4264 optulit
903 4179 940 4245 in
956 4176 1032 4262 ipso
1047 4179 1160 4245 locum
1176 4176 1291 4263 ibique
1308 4176 1528 4246 coniunctum
1551 4197 1630 4244 cum
1655 4177 1733 4263 ipsa
1754 4179 1939 4266 hecclesia3
1957 4199 2016 4248 seu
2040 4186 2076 4249 et

216 4351 285 4418 ego
301 4333 429 4400 ibidem
446 4333 585 4401 offeruit
599 4335 671 4402 tres
686 4333 798 4402 scurie
814 4335 849 4400 et
862 4334 936 4400 tres
952 4350 1057 4418 capre
1072 4350 1150 4399 cum
1173 4350 1243 4398 uno
1266 4331 1367 4416 pario
1390 4332 1433 4400 de
1458 4331 1536 4398 bovi
1557 4335 1591 4401 et
1613 4351 1691 4399 cum
1715 4351 1784 4402 una
1806 4332 1916 4402 uacua
1938 4337 1973 4402 et
1995 4355 2073 4402 curu

216 4489 284 4555 alie
299 4491 371 4556 tres
387 4485 620 4572 scurie,quem
636 4489 690 4554 leo
703 4505 892 4572 germanus
908 4505 1005 4556 meus
1021 4504 1086 4571 pro
1102 4485 1217 4554 anima
1232 4505 1294 4554 sua
1310 4485 1346 4554 in
1362 4485 1482 4554 eadem
1498 4485 1671 4554 hecclesia
1687 4485 1834 4554 offeruit.
1851 4486 1928 4554 ideo
1944 4492 2076 4556 trasac-

212 4639 308 4706 tibus
323 4637 463 4707 nomine
477 4655 499 4705 a
513 4637 670 4706 funditus
692 4637 771 4706 illut
794 4636 905 4705 eidem
920 4636 1104 4706 venenandi
1120 4635 1302 4721 presbiteri
1318 4635 1362 4703 ad
1379 4635 1566 4705 tenendum
1582 4638 1617 4702 et
1632 4637 1880 4706 dominandum
1904 4657 1982 4707 eum
1999 4641 2074 4727 ipsa

211 4790 385 4858 hecclesia
400 4791 435 4856 et
452 4789 570 4856 omnia
586 4807 650 4857 sua
665 4788 879 4875 pertinentia
894 4789 926 4859 ei
941 4787 1085 4856 tradidit
1100 4787 1220 4866 diebus
1232 4788 1302 4857 vite
1317 4807 1391 4868 sue,
1405 4789 1527 4873 etipsa
1541 4790 1638 4856 terra
1653 4807 1753 4874 quem
1771 4809 1836 4875 ego
1853 4789 1979 4859 ibidem
1994 4793 2076 4862 offe-

215 4941 288 5009 ruit
305 4960 343 5008 as
358 4942 439 5008 finis
454 4944 573 5011 babet:
593 4941 635 5010 de
650 4960 720 5010 una
734 4943 836 5028 parte
852 4944 922 5010 fine
946 4944 1048 5021 balle,
1067 4943 1102 5009 et
1124 4940 1206 5011 inde
1229 4941 1388 5025 perbadit
1410 4960 1473 5026 per
1495 4942 1565 5010 dne
1588 4941 1631 5010 de
1654 4942 1840 5013 heredibus
1863 4949 2075 5013 constantini

215 5095 376 5178 germani
394 5095 482 5163 mei:
501 5093 543 5161 de
559 5113 665 5180 super
680 5097 780 5180 parte
794 5096 864 5162 dne
880 5112 977 5163 serra
992 5112 1058 5179 que
1074 5094 1127 5161 est
1142 5094 1178 5160 in
1201 5092 1359 5204 partibus
1382 5093 1651 5184 septemtrionis,
1670 5095 1706 5161 et
1727 5094 1854 5162 exinde
1876 5097 2075 5166 rebolbente
2186 5181 2192 5190 .

213 5247 249 5314 et
265 5244 497 5314 descendente
512 5263 575 5331 per
598 5245 667 5314 dne
688 5244 732 5315 de
754 5246 831 5330 ipsa
853 5244 998 5313 heredes
1021 5241 1232 5311 constantini
1259 5246 1293 5310 et
1320 5243 1520 5328 perexiente
1546 5245 1582 5309 in
1608 5243 1685 5327 ipsa
1705 5245 1886 5311 hecclesia.
1906 5247 1971 5312 hec
1993 5265 2074 5313 vero
2165 5229 2171 5240 ’

212 5397 319 5464 rebus
335 5415 397 5481 per
413 5395 651 5482 suprascripte
665 5397 747 5484 finis
761 5397 870 5464 totum
886 5398 922 5462 et
937 5395 1108 5474 inclitum,
1128 5395 1166 5464 ut
1181 5412 1290 5479 supra
1305 5394 1435 5461 dictum
1452 5395 1517 5472 est,
1533 5395 1609 5461 'cum
1627 5394 1702 5478 ipsa
1717 5396 1889 5466 hecclesia
1903 5416 1980 5466 cum
1996 5417 2073 5484 per·
2196 5393 2205 5410 '

213 5551 363 5619 tinentia
380 5551 490 5638 ipsius
504 5550 672 5620 hecclesie
687 5550 795 5636 ipsius
810 5549 995 5619 berenardi
1010 5549 1195 5634 presbiteri
1211 5541 1416 5618 tradidimus
1432 5565 1510 5615 eum
1523 5549 1596 5615 viee
1608 5547 1650 5614 de
1662 5547 1728 5616 viis
1741 5549 1823 5630 suis,
1833 5552 1872 5618 ut
1882 5551 1942 5619 ille
1954 5552 2075 5623 diebus

211 5705 285 5772 vite
300 5723 361 5771 sue
374 5701 417 5769 ad
434 5720 531 5770 suam
548 5704 663 5771 teneat
679 5702 885 5789 potestatem
909 5698 1067 5786 predicta
1088 5700 1271 5778 hecclesia,
1290 5702 1326 5768 et
1350 5698 1475 5767 ibidem
1499 5698 1554 5767 die
1575 5700 1746 5786 noctuque
1769 5703 1922 5770 officiare
1945 5706 1980 5772 et
2002 5707 2075 5772 offi-

209 5860 308 5926 ciare
325 5857 443 5937 saciat,
461 5857 552 5924 sicut
575 5856 736 5926 sacerdos
759 5857 923 5934 billanos,
941 5857 975 5924 et
997 5855 1054 5923 det
1078 5855 1113 5921 in
1137 5854 1212 5939 ipsa
1235 5853 1376 5921 ecclesia
1399 5855 1492 5920 omni
1517 5870 1609 5920 anno
1631 5852 1674 5922 de
1697 5859 1863 5940 quantum
1887 5857 2011 5924 exierit
2028 5857 2071 5925 de

426 5985 488 6029 Tou.
501 5983 534 6028 ΙΙ.
1763 5985 1766 5991 “
1903 5986 1931 6031 51
