5252 7102
581 553 585 562 '
635 587 698 648 rra
1301 540 1463 645 donnx
1507 531 1739 648 clunnsrs
1790 567 1792 570 ·

589 820 645 886 rel
661 815 704 886 ad
720 815 788 902 ipsi
804 815 983 884 abbatibus
1000 813 1161 882 iamdicta
1183 815 1349 884 hecclesie
1372 819 1490 886 sancte
1512 819 1623 885 marie
1647 819 1808 908 formata,
1826 822 1862 888 et
1884 840 1947 907 per
1969 822 2026 891 die
2049 826 2166 893 sabato
2187 831 2302 896 sancto
2323 829 2422 900 demus

587 987 708 1036 eorum
725 969 878 1037 chrisma
892 972 927 1037 at
943 970 1057 1037 oleum
1073 969 1229 1036 sanctum
1245 969 1372 1054 absque
1388 970 1481 1037 omni
1498 969 1640 1038 servitio
1656 973 1691 1038 et
1705 971 1857 1052 datione,
1871 976 1906 1043 et
1921 977 2125 1060 potestatam
2137 981 2294 1060 habeant,
2308 985 2422 1068 quando

591 1123 793 1202 meruerint,
813 1139 949 1190 cereum
967 1121 1166 1203 benedicere
1181 1123 1215 1191 ct
1232 1121 1438 1190 babtismum
1467 1123 1581 1191 iacere
1607 1125 1642 1190 et
1665 1125 1757 1191 omni
1785 1127 2041 1196 hecclesiastico
2063 1129 2197 1212 ordine,
2216 1134 2374 1219 quomodo
2395 1143 2424 1206 et

445 1285 449 1292 '
588 1277 737 1362 qualiter
752 1277 915 1356 volucrit,
931 1279 965 1345 et
976 1293 1068 1362 aqua
1082 1276 1298 1344 sanctificata
1310 1295 1373 1361 per
1390 1277 1484 1344 vicos
1500 1275 1692 1346 bicinantes
1707 1297 1890 1365 spargere,
1905 1283 1939 1348 et
1954 1299 2075 1351 cruces
2090 1304 2230 1370 ponere,
2245 1289 2279 1354 et
2290 1291 2424 1359 mortuos

588 1429 716 1498 ibidem
732 1427 892 1515 sepelire,
912 1432 948 1497 et
962 1429 1118 1496 infirmos
1144 1429 1287 1498 bisitare
1314 1431 1348 1496 ct
1373 1430 1640 1510 communicare,
1659 1433 1694 1498 et
1718 1431 1761 1499 de
1786 1450 1893 1501 causa
1919 1433 2030 1519 ipsius
2056 1437 2224 1506 hecclesie
2249 1438 2345 1509 etde
2368 1443 2426 1527 ipsi

589 1581 773 1649 abbatibus
788 1583 823 1648 et
839 1548 962 1648 clerici
974 1580 1009 1647 et
1024 1597 1090 1666 que
1106 1597 1170 1664 par
1185 1596 1246 1647 vos
1261 1581 1297 1647 et
1312 1581 1443 1648 vestros
1466 1579 1610 1649 heredes
1632 1585 1666 1650 ct
1689 1601 1751 1667 per
1774 1583 1852 1654 aliis
1875 1584 1913 1652 in
1935 1585 2054 1654 eadem
2078 1589 2251 1657 hecclesia
2272 1589 2426 1660 datumst

589 1734 749 1802 offertum
766 1733 818 1802 est
833 1735 867 1801 et
882 1733 1002 1812 fuerit,
1020 1732 1063 1800 de
1079 1734 1196 1800 vestra
1211 1733 1265 1800 vel
1280 1751 1344 1801 sua
1370 1751 1477 1801 causa
1502 1734 1626 1803 stabile
1649 1736 1703 1802 val
1729 1736 1854 1803 mobile
1876 1738 2004 1806 nullam
2032 1757 2217 1824 queramus
2242 1742 2356 1810 tollere
2378 1747 2427 1810 aut

590 1889 763 1966 contrane,
782 1888 834 1955 set
849 1887 943 1953 omni
960 1889 1116 1972 tempore
1131 1887 1204 1953 sint
1219 1886 1255 1952 in
1271 1889 1443 1971 potestate
1458 1885 1501 1955 de
1516 1887 1584 1972 ipsi
1612 1887 1793 1956 abbatibus
1820 1890 1855 1955 et
1881 1890 1999 1958 clerici
2027 1892 2086 1978 qni
2110 1892 2149 1959 in
2174 1894 2251 1979 ipsa
2276 1895 2425 1964 hecclesia

587 2049 705 2118 sancte
720 2045 830 2114 marie
845 2045 985 2125 fuerint,
1003 2043 1201 2112 laciendum
1216 2043 1306 2130 quod
1324 2041 1512 2123 voluerint,
1532 2045 1571 2111 ut
1585 2062 1694 2129 neque
1709 2044 1786 2129 ipse
1801 2044 1993 2113 domnellus
2008 2045 2113 2115 abbas
2128 2065 2240 2134 neque
2263 2049 2344 2135 ipsis
2362 2050 2426 2120 aliis

589 2201 770 2267 abbatibus
787 2201 843 2266 vel
859 2199 1109 2266 successoribus
1125 2199 1186 2265 aut
1202 2197 1349 2266 clericos
1364 2195 1408 2265 de
1423 2198 1501 2281 ipsa
1517 2197 1685 2266 hecclesia
1702 2195 1818 2282 aliqua
1829 2199 2065 2269 molestatione
2080 2199 2262 2286 patiantur
2278 2219 2369 2270 anos
2383 2207 2426 2272 rel

591 2353 756 2420 anostris
771 2351 1025 2418 successoribus
1040 2351 1100 2416 aut
1122 2349 1283 2434 partibus
1305 2346 1418 2416 nostri
1441 2347 1732 2434 archiepiscopii:
1750 2347 1915 2419 similiter
1936 2352 1971 2416 et
1993 2349 2062 2435 ipsi
2085 2351 2147 2420 alii
2170 2353 2360 2438 presbiteri,
2375 2355 2422 2440 qni

590 2503 743 2574 ordinati
761 2505 890 2573 fuerint
905 2501 941 2570 in
957 2504 1032 2588 ipse
1050 2503 1119 2570 alie
1134 2501 1303 2570 hecclesie
1325 2500 1477 2570 subiecta
1500 2506 1535 2569 et
1558 2501 1772 2588 pertinentes
1794 2475 1995 2596 supradicte
2016 2503 2159 2572 ecclesie
2181 2507 2298 2573 sancte
2319 2506 2422 2585 marie,

591 2660 726 2726 nnllam
742 2658 1015 2728 molestationem
1032 2655 1212 2742 aliquando
1228 2656 1408 2742 patiantur
1434 2674 1457 2723 a
1483 2673 1546 2723 nos
1570 2656 1625 2722 vel
1651 2673 1672 2720 a
1697 2655 1827 2723 nostris
1850 2656 2115 2728 successoribus.
2135 2660 2377 2738 verumtamen,
2401 2658 2426 2726 si

572 2811 736 2880 ¹heredes
751 2812 883 2880 vestras
898 2829 961 2895 per
976 2810 1175 2895 supradicto
1191 2809 1313 2878 ordine
1341 2811 1378 2876 iu
1406 2809 1483 2895 ipsa
1509 2809 1680 2878 hecclesia
1705 2811 1825 2878 sancte
1852 2809 1962 2880 mario
1985 2813 2112 2896 absque
2138 2810 2277 2880 datione
2300 2811 2427 2878 voluerit

590 2964 757 3040 ordinare
771 2966 925 3043 abbatae,
945 2965 1148 3049 potestatem
1165 2965 1264 3030 abeat
1280 2981 1416 3049 semper
1432 2964 1611 3031 abbatibus
1626 2965 1661 3030 et
1688 2963 1830 3032 clericos
1857 2963 1985 3033 ibidem
2011 2964 2172 3034 ordinare
2197 2967 2233 3032 et
2256 2965 2354 3034 abere
2377 2983 2427 3050 per

587 3117 648 3186 illo
664 3116 797 3197 ordino,
816 3117 905 3184 sicut
916 3115 1074 3202 superius
1090 3116 1233 3200 legitur,
1250 3115 1301 3182 ita
1317 3117 1355 3182 ut
1369 3117 1502 3183 nullum
1519 3115 1698 3184 servitium
1714 3118 1837 3201 querat
1860 3115 1942 3187 inde
1967 3117 2089 3185 tollere
2115 3117 2168 3186 vel
2198 3119 2336 3205 habere;
2350 3121 2380 3187 ot
2401 3118 2427 3183 si

587 3273 729 3344 heredes
744 3274 878 3341 vestras
894 3269 1016 3356 aliquit
1031 3269 1209 3340 servitium
1227 3271 1280 3338 vel
1298 3269 1474 3368 dationem
1490 3268 1618 3338 exinde
1632 3270 1766 3349 tulerit,
1785 3271 1846 3336 aut
1860 3270 1890 3338 si
1906 3270 1984 3357 ipsa
1998 3271 2169 3342 hecclesia
2183 3271 2221 3339 in
2244 3273 2306 3341 illo
2326 3271 2425 3340 hordi-

585 3446 641 3506 ne,
660 3429 750 3496 sicut
765 3425 926 3512 superius
941 3401 1083 3510 legitur,
1100 3443 1172 3492 non
1188 3423 1414 3502 ordinaberit,
1431 3425 1514 3491 tunc
1529 3425 1579 3492 sic
1596 3425 1749 3492 habeant
1771 3426 1978 3510 potestatem
2001 3425 2088 3512 ipsis
2111 3391 2293 3496 abbatibus
2308 3429 2345 3495 et
2364 3444 2425 3494 suc·

587 3576 780 3647 cessoribus
795 3578 830 3644 at
844 3578 922 3662 ipsa
937 3575 1210 3662 congregatione
1226 3577 1407 3658 hecclesiav
1423 3574 1500 3662 ipsa
1524 3574 1687 3643 ordinare
1704 3577 1739 3642 et
1754 3577 1881 3656 tencre,
1900 3578 1935 3645 et
1956 3595 2092 3663 regere,
2116 3580 2151 3647 et
2175 3581 2375 3664 gubernare,
2398 3583 2425 3645 et

588 3725 710 3806 lacere,
729 3728 881 3814 qualiter
895 3729 1056 3813 superius
1072 3727 1213 3813 legitur.
1231 3727 1275 3796 de
1291 3747 1360 3814 qua
1376 3731 1542 3814 perbona
1558 3728 1813 3798 combenientia
1828 3729 1983 3814 obligabi
2010 3747 2065 3797 me
2092 3731 2149 3815 qui
2179 3749 2287 3816 supra
2311 3731 2425 3798 amatus

591 3879 724 3948 domini
741 3883 858 3966 gratia
874 3878 1158 3966 archiepiscopus
1175 3883 1208 3949 et
1222 3879 1308 3948 meis
1324 3881 1587 3960 successoribus,
1606 3879 1636 3948 si
1652 3881 1771 3950 taliter
1794 3881 1913 3949 omnia
1935 3881 2175 3968 suprascripta
2196 3900 2267 3950 non
2281 3881 2426 3967 adimple·

587 4029 740 4100 verimus
756 4034 791 4100 et
807 4029 942 4117 aliquit,
961 4030 1004 4098 de
1020 4049 1062 4098 aa
1085 4050 1149 4116 que
1172 4029 1330 4117 superius
1353 4031 1495 4116 legitur,
1515 4032 1741 4116 quesierimus
1764 4034 1943 4102 remobere
1965 4035 2024 4100 aut
2046 4035 2220 4114 contram,
2240 4049 2424 4120 componere

586 4183 765 4269 hobligabi
781 4201 837 4250 me
852 4187 887 4250 et
903 4183 990 4252 meis
1005 4183 1258 4254 successoribus
1274 4185 1370 4253 vobis
1395 4185 1585 4270 vestrisque
1610 4184 1795 4253 heredibus
1821 4175 1875 4254 nel
1902 4185 1947 4254 ad
1970 4186 2056 4272 ipsis
2071 4187 2253 4255 abbatibus
2278 4184 2424 4273 quadtuor

587 4337 685 4406 milia
700 4337 830 4406 solidos
846 4340 1094 4407 constantinos.
1113 4342 1148 4405 et
1161 4339 1281 4406 taliter
1296 4339 1445 4406 scribere
1460 4339 1714 4424 rogavimuste
1729 4339 1954 4425 aghenardus
1970 4341 2136 4410 notarius.

643 4463 673 4577 †
689 4509 757 4576 ego
772 4492 830 4577 qui
848 4509 954 4576 supra
969 4493 1105 4559 amatus
1119 4490 1250 4559 domini
1267 4490 1385 4578 gratia
1400 4491 1681 4580 archiepiscopus

644 4615 756 4729 †ego
772 4627 951 4713 dauferius
967 4644 1235 4712 archidiaconus
1250 4647 1285 4714 et
1299 4644 1405 4712 abbas
1420 4647 1578 4732 cappelle
1595 4645 1716 4732 palatii

642 4765 673 4879 †
688 4811 755 4880 ego
771 4792 938 4864 iohannes
953 4795 1100 4865 clericus
1114 4799 1150 4864 ot
1165 4796 1436 4882 archipresbiter

641 4919 754 5034 †ego
771 4949 829 5035 qui
847 4967 953 5034 supra
968 4947 1124 5034 desigius

640 5079 753 5194 †ego
770 5107 828 5192 qui
845 5122 952 5190 supra
968 5105 1039 5172 toto
1053 5105 1168 5172 scriba
1185 5105 1306 5189 palatii

641 5229 752 5345 †ego
768 5259 825 5345 qui
842 5275 949 5343 supra
964 5260 1084 5342 petrus
1100 5255 1206 5326 iudex

642 5383 673 5506 †
689 5428 756 5495 ago
772 5407 864 5477 maio

640 5534 670 5648 †
685 5579 752 5647 ogo
767 5562 913 5648 altanus.
