5216 7092
585 555 647 618 134
1261 544 1423 618 CODEX
1467 545 1700 619 unvuusls

592 761 621 870 †
636 807 704 875 ego
720 789 897 875 iaquintus

595 912 624 1026 †
638 957 706 1026 ego
720 937 875 1008 ademari

596 1065 627 1177 †
642 1111 709 1181 ogo
725 1091 953 1180 grimoaldus.

1348 1603 1601 1686 CCCXV.

1262 1837 1265 1845 Δ
1330 1855 1385 1932 Α.
1422 1854 1473 1932 Ι).
1511 1852 1615 1932 979.

606 2116 692 2255 †In
708 2167 849 2238 nomine
873 2164 1005 2232 domini
1032 2182 1125 2233 anno
1140 2165 1315 2234 tricesimo
1330 2167 1429 2234 sexto
1451 2167 1667 2252 principatus
1689 2167 1807 2236 domni
1830 2169 1941 2237 nostri
1963 2167 2118 2254 pandulfi
2141 2169 2285 2255 gloriosi
2309 2173 2406 2257 prin·

544 2323 645 2408 cipis,
660 2324 695 2390 et
706 2321 827 2408 quinto
843 2337 936 2390 anno
951 2322 1169 2408 principatus
1185 2322 1303 2390 domni
1322 2322 1477 2408 pandulfi
1492 2323 1566 2390 eius
1581 2321 1666 2401 filie,
1681 2341 1799 2391 mense
1814 2323 1931 2393 iunius
1946 2326 2094 2410 septima
2109 2325 2310 2394 indictione.
2326 2325 2405 2394 Ideo

546 2492 613 2558 que
636 2491 700 2542 nos
723 2493 824 2543 ursus
838 2475 872 2542 et
886 2473 1057 2542 iohannes
1073 2474 1234 2558 germani
1250 2473 1441 2543 atrianensi
1457 2472 1520 2540 filii
1537 2471 1710 2558 quondam
1727 2475 1818 2546 leoni
1835 2473 2074 2542 clarefecimns
2098 2491 2161 2542 nos
2184 2477 2313 2546 habere
2336 2476 2402 2544 due

545 2629 648 2696 sortis
671 2627 714 2697 da
729 2629 822 2698 terra
849 2629 884 2696 et
912 2646 995 2697 casa
1022 2629 1149 2696 frabita
1176 2630 1269 2696 intus
1287 2617 1361 2696 'hec
1387 2628 1636 2696 salernitanam
1652 2629 1825 2695 civitatem
1843 2629 1880 2694 in
1897 2628 1973 2696 vico
1994 2631 2112 2697 sancte
2127 2629 2291 2697 troiomes
2306 2630 2405 2697 nobis

548 2783 601 2846 est
630 2778 846 2864 pertinentes
869 2779 998 2847 habere
1022 2797 1044 2845 a
1067 2779 1226 2863 partibus
1249 2778 1396 2863 predicti
1422 2778 1573 2862 genitori
1597 2779 1708 2846 nostri
1732 2780 1868 2846 tertiam
1896 2780 2031 2864 partem
2055 2780 2108 2847 est
2130 2779 2346 2864 pertinentes
2367 2779 2408 2849 de

547 2931 624 3014 ipsa
640 2949 723 3002 casa
738 2935 773 3000 et
788 2933 883 3000 terra
900 2929 997 3018 sergi
1013 2931 1204 2999 atrianensi
1222 2947 1408 3017 germanus
1424 2933 1555 3010 noster,
1575 2935 1609 2998 et
1624 2949 1818 3016 congruum
1835 2933 1887 3000 est
1903 2933 2001 2999 nobis
2025 2931 2100 3016 ipse
2122 2932 2220 3001 ambe
2243 2933 2407 3000 sortionis

546 3093 666 3158 nostre
680 3087 724 3157 de
739 3087 859 3155 eadem
876 3088 970 3154 terra
981 3089 1016 3154 et
1028 3103 1109 3154 casa
1125 3085 1253 3153 srabita
1268 3086 1422 3153 solarata
1436 3084 1648 3154 benumdare
1664 3085 1776 3169 ipsius
1792 3086 1901 3170 sergii
1919 3103 2107 3170 germanus
2123 3089 2252 3155 noster.
2267 3085 2311 3154 de
2327 3103 2407 3171 qna·

546 3258 667 3326 oprem
679 3241 706 3328 ⁴)
721 3257 784 3307 nos
800 3238 958 3324 superius
974 3239 1144 3306 nominati
1161 3257 1261 3306 ursus
1276 3241 1312 3306 et
1326 3239 1497 3307 iohannes
1512 3239 1684 3324 germani,
1703 3239 1793 3307 sicut
1808 3239 1907 3306 nobis
1921 3256 2117 3324 congruum
2130 3239 2164 3305 et
2179 3242 2303 3323 aptum
2315 3238 2408 3306 vide-

546 3397 602 3462 tur
626 3411 713 3472 esse,
732 3397 851 3462 nostra
865 3391 1005 3478 quidem
1021 3409 1112 3460 vona
1124 3394 1310 3461 volumtate
1323 3411 1385 3477 per
1400 3395 1490 3460 hanc
1505 3357 1677 3460 cartulam
1689 3395 1771 3460 ante
1783 3392 1967 3480 subscripti
1981 3388 2126 3476 ydoneis
2140 3391 2340 3459 bominibus
2352 3410 2408 3460 ve-

547 3546 787 3618 numdedimus
804 3547 866 3614 tibi
881 3547 1049 3614 nominati
1064 3547 1160 3632 sergi
1177 3565 1343 3632 germano
1357 3549 1474 3614 nostro
1490 3547 1608 3616 inclite
1623 3548 1699 3632 ipse
1714 3550 1814 3617 ambe
1829 3546 1897 3615 duo
1911 3547 2076 3615 sortionis
2102 3547 2219 3615 nostre
2236 3545 2280 3614 de
2296 3545 2410 3632 predi·

551 3705 608 3769 cta
623 3705 721 3770 terra
734 3703 769 3770 et
783 3719 864 3771 casa
880 3705 1001 3769 nostra
1016 3703 1143 3771 lrabita
1166 3704 1329 3780 solerata,
1348 3701 1435 3787 quod
1460 3719 1641 3770 commune
1664 3703 1848 3771 habuimus
1864 3702 1958 3772 intus
1974 3701 2147 3788 prefatam
2162 3701 2408 3771 salernitanam

550 3855 740 3923 cibitatem.
759 3853 837 3921 ideo
854 3854 1063 3924 trasactibus
1077 3855 1217 3922 nomine
1234 3855 1311 3922 illut
1327 3853 1422 3922 vobis
1439 3854 1721 3923 venumdedimus
1749 3874 1827 3922 cum
1854 3855 1929 3922 bice
1954 3855 1998 3922 de
2024 3855 2084 3922 bia
2108 3871 2182 3933 sua,
2200 3857 2236 3920 et
2261 3854 2410 3939 qualiter

549 4007 709 4076 conciata
726 4009 780 4074 vel
796 4006 957 4077 edificata
973 4027 1048 4078 esse
1063 4006 1253 4077 dinoscitur
1269 4027 1349 4077 casa
1365 4009 1440 4093 ipsa
1456 4009 1583 4075 etcum
1599 4007 1761 4076 sericidia
1776 4027 1851 4088 sua,
1871 4009 1989 4076 inclite
2005 4009 2079 4093 ipse
2094 4007 2161 4076 duc
2178 4007 2343 4077 sortionis
2355 4025 2411 4074 ro

458 4131 466 4138 ’
550 4162 603 4228 bis
619 4163 795 4229 nominato
810 4163 906 4246 sergi
921 4161 1221 4242 venumdedimus,
1240 4137 1331 4233 unde
1345 4181 1409 4230 nec
1424 4164 1524 4231 nobis
1540 4163 1599 4248 qui
1615 4181 1723 4248 supra
1747 4161 1940 4242 binditoris,
1960 4179 2072 4247 neque
2094 4159 2137 4227 nd
2161 4161 2291 4229 nostris
2314 4163 2410 4229 here-

551 4313 664 4394 dibus,
681 4332 793 4400 neqne
809 4314 845 4380 in
862 4314 982 4400 qnabis
998 4313 1157 4400 partibus
1173 4313 1215 4382 de
1230 4334 1274 4382 ex
1290 4314 1384 4383 dicta
1400 4316 1519 4384 nostra
1534 4313 1746 4383 bindictione
1760 4314 1869 4382 nichil
1881 4313 2009 4382 exinde
2025 4312 2153 4382 restitit
2167 4314 2253 4382 haut
2264 4312 2413 4382 dicimus

554 4481 737 4533 remanere
754 4465 954 4544 sartionem,
969 4469 1022 4535 set
1044 4467 1253 4536 trasactibus
1268 4466 1420 4546 nomine,
1437 4468 1476 4532 ut
1499 4465 1769 4551 supradiximus,
1786 4483 1807 4533 a
1823 4465 1976 4534 funditus
2002 4465 2082 4532 illut
2108 4464 2205 4534 vobis
2230 4464 2416 4534 venumda

552 4615 667 4686 dimus
684 4618 728 4684 ad
744 4620 914 4688 securiter
929 4621 965 4688 et
980 4619 1130 4689 firmiter
1146 4621 1295 4689 hamodo
1311 4624 1346 4688 et
1361 4638 1498 4706 semper
1514 4583 1552 4688 tu
1567 4619 1766 4704 nominatus
1781 4622 1892 4689 emtor
1909 4635 2017 4705 quam
2030 4621 2064 4687 et
2076 4617 2143 4686 tuis
2155 4616 2340 4686 heredibus
2351 4620 2414 4685 hec

553 4767 713 4854 predicta
726 4773 849 4838 nostra
875 4770 1102 4853 bindictione,
1121 4779 1159 4840 ut
1186 4773 1346 4859 superius
1374 4772 1516 4857 legitur,
1536 4773 1616 4840 illut
1643 4789 1703 4838 ros
1728 4769 1937 4850 habendum,
1956 4769 2220 4849 dominandum,
2238 4768 2419 4855 possiden·

554 4921 649 5000 dum,
669 4922 786 4990 omnia
800 4922 928 4991 exinde
943 4923 1140 4994 iaciendum
1157 4943 1223 5011 qne
1239 4925 1430 4994 volueritis.
1450 4923 1541 4992 unde
1563 4939 1629 5009 pro
1654 4920 1929 4990 confirmandam
1955 4923 1991 4989 et
2016 4879 2297 4990 stabiliscendam
2325 4921 2417 4987 hanc

551 5045 671 5147 nostra
687 5077 908 5158 bindictione,
927 5096 1019 5147 nunc
1042 5096 1064 5146 a
1087 5078 1260 5164 presentis
1282 5077 1513 5146 communiter
1535 5083 1730 5162 recepimus
1752 5095 1773 5143 a
1797 5077 1832 5144 te
1860 5074 2041 5144 nominato
2063 5074 2232 5140 amtorem
2256 5074 2412 5140 nostrum

553 5231 721 5299 statutum
744 5231 909 5317 pretinm,
934 5249 958 5314 y
981 5233 1063 5298 sunt
1085 5231 1162 5298 auri
1184 5230 1312 5300 solidos
1336 5230 1379 5298 de
1403 5231 1472 5299 tari
1495 5229 1576 5298 voni
1599 5248 1782 5298 numerum
1804 5227 1952 5312 triginta
1974 5227 2146 5311 quattuor,
2168 5239 2318 5308 namque
2344 5221 2413 5289 tari

557 5399 621 5467 per
644 5403 712 5452 uno
736 5402 869 5470 quoque
890 5383 1039 5454 solidum
1064 5384 1103 5452 in
1127 5401 1246 5452 omnes
1269 5383 1552 5463 deliberationes,
1577 5382 1667 5451 sicut
1700 5381 1791 5450 inter
1824 5399 1889 5448 nos
1922 5381 2103 5448 combenit.
2128 5377 2297 5463 finitoque
2331 5391 2415 5442 vero

557 5539 707 5624 pretium
731 5537 846 5622 ipsum
870 5538 955 5622 aput
977 5553 1040 5604 nos
1064 5556 1106 5607 ea
1129 5536 1277 5616 ratione,
1303 5533 1432 5620 guadia
1463 5551 1526 5602 nos
1555 5533 1713 5620 superius
1743 5531 1909 5601 nominati
1940 5531 2124 5601 binditoris
2147 5528 2212 5596 tibi
2236 5526 2416 5596 nominato

556 5739 733 5747 -..ffl-

615 5867 637 5940 ¹)
662 5865 824 5938 ernoprcm,
848 5865 923 5924 idest
944 5865 1145 5939 quamobrem.
