5252 7102
968 615 1346 689 ulptoulrtulcbs*
1972 634 2033 696 279

218 862 327 928 abere
343 875 480 945 possam
498 824 636 943 semper
650 857 866 926 defensatum
882 873 945 941 per
961 872 1024 923 nos
1040 858 1075 925 et
1090 859 1228 924 nostros
1243 858 1333 926 tilios
1348 862 1383 928 et
1398 859 1517 928 eredes
1540 859 1584 928 da
1607 861 1720 929 omnis
1743 863 1888 931 omines.
1908 866 2025 949 preter
2048 863 2080 934 si

218 1012 371 1084 reditum
388 1018 449 1082 eut
466 1013 680 1098 palmentum
695 1010 823 1078 ibidem
840 1010 974 1078 abuerit
989 1011 1023 1080 et
1038 1009 1219 1080 hebenerit
1233 1012 1271 1080 in
1288 1012 1364 1098 ipsa
1379 1032 1444 1082 sua
1459 973 1623 1094 sortione,
1642 1015 1767 1083 abeant
1788 1015 1866 1085 illut
1888 1017 1969 1104 sibi3
1994 1020 2028 1085 et
2050 1020 2082 1088 si

221 1167 381 1236 ebenerit
397 1167 436 1232 in
451 1165 530 1250 ipsa
544 1165 663 1233 nostra
677 1163 844 1242 sortione,
862 1164 1064 1249 potestatem
1082 1166 1209 1234 abeant
1224 1164 1294 1233 illis
1309 1183 1367 1235 eos
1390 1165 1518 1236 exinde
1539 1166 1737 1237 disturbare
1759 1170 1794 1236 et
1815 1173 1980 1240 excutere
2003 1190 2080 1240 cum

199 1399 202 1407 ,
221 1322 336 1391 omnis
351 1339 415 1390 sua
430 1340 534 1391 causa
550 1340 616 1408 que
631 1321 679 1389 ihi
694 1320 840 1400 abuerit,
858 1322 892 1388 et
906 1322 1062 1405 portaret
1085 1320 1165 1388 illut
1187 1321 1313 1408 ubique
1335 1322 1485 1390 boluerit
1506 1340 1637 1408 apsque
1658 1324 2076 1410 nostrarequisitionem.

220 1479 354 1561 preter,
373 1475 404 1544 si
420 1475 608 1561 aliquando
624 1475 702 1560 ipsa
717 1492 781 1543 sua
795 1474 981 1542 sortionem
999 1473 1134 1540 abuerit
1150 1473 1308 1542 daturam
1328 1476 1388 1541 aut
1410 1473 1637 1555 bindituram,
1656 1474 1745 1542 sicut
1760 1475 1803 1545 de
1819 1476 1958 1544 illorum
1982 1481 2078 1564 pote·

221 1633 346 1701 statem
363 1633 444 1698 exet
459 1630 704 1708 substractum,
722 1629 782 1696 ille
797 1630 831 1697 et
846 1629 918 1696 suis
934 1626 1092 1695 eredibus
1107 1628 1186 1696 illut
1201 1626 1347 1694 bindant
1362 1627 1406 1694 ad
1423 1628 1513 1697 iusto
1538 1627 1686 1714 pretium
1711 1631 1745 1696 et
1761 1630 1892 1700 iaciant
1914 1649 1977 1701 nos
2001 1632 2082 1702 inde

217 1784 314 1854 scire
329 1800 395 1868 pro
411 1783 490 1851 illut
509 1781 690 1851 emendum
707 1799 771 1866 per
786 1781 891 1848 tertio
906 1780 1131 1848 constitutum
1148 1797 1255 1866 usque
1271 1779 1391 1849 diebus
1407 1780 1557 1866 triginta
1571 1799 1647 1870 sex;
1662 1783 1707 1856 ¹et
1729 1783 1759 1850 si
1782 1801 1844 1868 per
1861 1783 1937 1868 ipsa
1953 1785 2082 1854 consti·

220 1939 303 2003 tuta
316 1934 531 2002 noluerimus
547 1933 627 2001 illut
642 1950 759 2002 emere
775 1935 811 1999 et
825 1931 926 2000 daret
940 1931 1022 1998 inde
1037 1949 1155 2000 eorum
1171 1931 1263 1999 iusto
1279 1933 1431 2000 baliente
1446 1933 1608 2016 pretium,
1618 1935 1701 2000 tunc
1712 1934 1791 2018 post
1801 1911 1880 2018 ipsa
1894 1935 2080 2002 constituta
2152 1968 2153 1972 ¹

219 2088 326 2156 liceat
340 2087 411 2156 illis
426 2105 484 2166 eos
501 2085 585 2155 dare
603 2085 659 2152 cui
675 2085 825 2152 boluerit
833 2105 844 2171 3
860 2101 943 2150 nam
960 2083 990 2150 si
1007 2084 1088 2150 ante
1104 2081 1179 2168 ipsa
1195 2085 1383 2152 constituta
1399 2083 1601 2170 cuicumque
1617 2083 1696 2152 illut
1710 2083 1764 2152 ivel
1780 2085 1907 2154 exinde
1929 2085 2076 2168 dederit,

219 2239 313 2309 sicut
327 2238 371 2306 de
386 2239 526 2306 illorum
543 2239 748 2324 potestatem
764 2237 844 2306 exet
858 2237 1089 2304 substractum
1114 2254 1246 2321 apsque
1268 2239 1388 2304 nostra
1410 2223 1628 2315 solutionem,
1647 2237 1730 2305 tunc
1751 2237 1828 2305 sine
1849 2240 2000 2324 pretium
2025 2259 2079 2310 re·

220 2395 338 2462 bertas
352 2391 395 2459 ad
411 2394 530 2462 nestra
545 2393 764 2477 potestatem.
785 2389 875 2460 unde
890 2391 928 2458 in
944 2410 985 2458 eo
1000 2390 1147 2458 hordine
1162 2389 1292 2474 guadia
1306 2389 1406 2458 nobis
1421 2391 1486 2475 ipsi
1504 2409 1639 2458 summo
1654 2395 1689 2458 et
1703 2394 1872 2477 alagerne
1894 2393 2076 2474 dederunt,

219 2549 259 2612 et
274 2543 497 2614 mediatorem
514 2545 614 2612 nobis
628 2545 818 2628 posuerunt
833 2542 988 2610 ademari
1006 2543 1115 2610 filium
1131 2541 1273 2630 andree3
1290 2545 1324 2612 et
1340 2561 1403 2626 per
1425 2543 1504 2627 ipsa
1519 2542 1648 2628 guadia
1665 2543 1911 2629 obligaberunt
1932 2565 1969 2616 se
1983 2565 2080 2618 suos·

219 2716 289 2782 que
303 2696 395 2764 filios
411 2698 447 2765 et
462 2696 596 2776 eredes
613 2697 652 2764 ut
665 2696 697 2764 si
712 2696 831 2764 taliter
846 2695 964 2764 omnia
980 2693 1219 2780 suprascripta
1233 2694 1333 2762 nobis
1347 2695 1543 2781 nostrisque
1558 2657 1719 2764 eredibus
1740 2715 1811 2764 non
1835 2697 2078 2784 adimpleberit

219 2852 257 2917 et
274 2849 399 2934 aliquit
414 2848 496 2916 inde
511 2848 807 2925 contradisserint,
825 2850 907 2915 tunc
922 2865 986 2932 per
1001 2846 1078 2932 ipsa
1094 2845 1224 2932 guaoie
1245 2864 1453 2932 componere
1468 2848 1712 2932 obligaberunt
1735 2867 1773 2917 se
1787 2866 1934 2936 suosque
1957 2851 2078 2921 eredes

213 3003 321 3071 nobis
335 3002 535 3088 nostrisque
550 3001 712 3071 eredibus
728 3001 880 3086 triginta
902 3001 979 3067 auri
995 3000 1123 3068 solidos
1146 3000 1360 3068 costantinos
1381 3002 1416 3069 et
1438 3019 1499 3086 per
1523 3001 1642 3068 inbitis
1665 3001 1765 3071 nobis
1787 3003 1983 3088 nostrisque
2006 3023 2081 3074 ere-

216 3153 323 3222 dibus
339 3153 585 3242 adimplerent.
600 3155 676 3222 etsi
691 3152 881 3240 aliquando
896 3153 1053 3236 tempore
1068 3150 1112 3217 de
1127 3152 1280 3218 aeterra
1295 3149 1509 3251 salernitana
1519 3150 1678 3219 exieritis
1689 3151 1794 3219 aliubi
1811 3152 1855 3219 ad
1879 3153 2081 3223 abitandum

218 3312 259 3379 et
272 3309 351 3395 ipsa
366 3328 429 3377 sua
444 3309 598 3377 sortione
612 3327 682 3378 non
698 3308 803 3378 suerit
818 3307 912 3388 data,
929 3306 1019 3376 sicut
1033 3304 1271 3391 supradictum
1287 3308 1351 3384 est,
1370 3305 1492 3372 inclita
1508 3304 1585 3391 ipsa
1606 3323 1666 3373 sua
1688 3305 1842 3374 sortione
1864 3305 2021 3376 rebertas
2034 3307 2078 3375 ad

215 3465 341 3532 nostra
357 3463 451 3532 etde
466 3464 596 3532 nostris
611 3462 775 3532 eredibus
790 3463 997 3548 potestatem
1020 3459 1063 3527 ad
1081 3459 1270 3529 tenendum
1292 3463 1327 3528 et
1350 3458 1572 3526 lrudiandum
1595 3460 1685 3538 illut,
1704 3461 1740 3527 et
1762 3459 1806 3527 de
1828 3459 1905 3546 ipso
1928 3461 2082 3530 snudium

218 3617 421 3685 faciendum
437 3636 504 3703 que
519 3619 746 3704 boluerimus3
765 3619 800 3686 et
814 3617 845 3684 si
861 3634 969 3701 usque
984 3615 1098 3683 tribus
1114 3615 1196 3682 anni
1212 3615 1251 3682 in
1267 3633 1308 3682 ac
1331 3616 1427 3682 terra
1449 3614 1580 3683 rebersi
1605 3613 1711 3682 luerit
1732 3613 1776 3682 ad
1801 3615 2014 3692 abitandum,
2031 3617 2083 3685 in·

217 3771 305 3840 clita
317 3741 394 3857 ipsa
409 3789 471 3840 sua
485 3771 638 3840 sortione
654 3772 809 3838 rebertas
823 3769 866 3838 ad
882 3771 1021 3838 illorum
1038 3771 1255 3855 potestatem,
1276 3767 1318 3836 ad
1337 3767 1522 3837 tenendum
1538 3771 1573 3838 et
1587 3767 1756 3836 abendum
1773 3770 1854 3838 illut
1867 3769 1905 3838 in
1917 3770 2082 3839 iamdicta

216 3925 392 3998 rationem
398 3947 408 4012 ;
426 3927 462 3994 et
476 3926 506 3993 si
521 3943 632 4011 usque
646 3925 758 3994 tribus
773 3925 858 3994 anni
875 3924 906 3991 ic
922 3923 965 3992 ad
982 3923 1185 3992 ebibendum
1201 3923 1335 3992 rebersi
1351 3941 1421 3991 non
1438 3922 1554 4002 suerit,
1574 3922 1683 3990 licead
1700 3879 1763 3991 nos
1779 3922 1822 3992 de
1838 3922 1912 4010 ipsa
1928 3943 1992 3994 sua
2008 3943 2082 3993 sor·
2142 3962 2154 3975 -·

219 4077 321 4146 tione
336 4076 456 4144 omnia
471 4078 586 4146 tacere
602 4077 692 4163 quod
707 4078 918 4148 boluerimus
933 4075 980 4146 da
994 4076 1063 4162 ipsi
1079 4075 1190 4144 tribus
1207 4075 1290 4144 anni
1306 4075 1467 4161 completi
1485 4073 1524 4143 in
1539 4076 1655 4142 antea.
1669 4075 1704 4149 et
1718 4091 1786 4144 unc
1802 4076 1939 4146 brebem
1954 4075 2081 4164 scripsi

217 4245 289 4315 ego
305 4227 493 4298 radoaldus
507 4230 674 4297 notarius.

278 4355 309 4468 †
332 4402 400 4470 ego
422 4383 573 4452 arechisi

279 4505 397 4620 †ege
419 4533 618 4604 teudericus
641 4553 696 4603 me
719 4535 906 4620 subscripsi

277 4658 308 4770 †
331 4704 399 4772 ego
421 4659 536 4786 maio.¹

961 5191 1334 5274 CCCCXVIII.

997 5441 1052 5516 A.
1089 5439 1141 5518 D.
1180 5436 1286 5518 990.

281 5696 317 5832 †
339 5751 380 5816 ln
396 5749 538 5818 nemine
553 5749 686 5818 domini
702 5751 850 5837 septimo
866 5768 960 5818 anno
974 5749 1192 5836 principatus
1207 5747 1324 5816 domni
1340 5748 1451 5816 nostri
1474 5745 1620 5820 iohanni
1644 5748 1679 5812 et
1703 5744 1816 5830 primo
1838 5761 1929 5813 anuo
1951 5745 2083 5831 princi·

220 5901 325 5984 patus
339 5899 456 5969 domni
474 5903 649 5987 gemmam
668 5903 741 5972 eius
755 5903 827 5971 filio
844 5902 988 5989 gloriosi
1005 5903 1234 5989 principibus,
1252 5918 1370 5969 mense
1385 5899 1566 5969 ianuarius
1581 5899 1684 5968 tertia
1700 5898 1899 5966 indictione.
1919 5897 2079 5983 Ideoque
