5252 7102
604 577 667 643 336
1273 555 1435 632 CODEX
1474 556 1705 632 CAVENSlS

557 808 642 878 erad
661 825 723 892 per
739 807 859 891 petrns
875 802 1033 872 notarius
1048 804 1083 871 et
1100 802 1302 870 roboratum
1317 799 1542 869 sufficienter.
1560 801 1669 868 alium
1685 795 1874 867 iudicatum
1888 769 2010 880 ostedi,
2024 797 2194 886 quomodo
2206 799 2286 869 ante
2296 801 2418 886 petrus

558 959 707 1029 iudicem
724 959 798 1045 ipse
813 958 952 1044 genitor
968 975 1067 1025 meus
1090 955 1165 1025 bico
1188 973 1252 1023 sua
1275 955 1310 1023 et
1332 954 1375 1022 de
1392 955 1553 1039 germani
1575 955 1630 1024 sui
1653 953 1691 1020 in
1713 953 1973 1023 comtemtiones
1996 953 2118 1023 fuerad
2141 973 2219 1022 cum
2241 953 2420 1041 predictos

559 1110 733 1179 iohannes
750 1111 953 1186 monachus,
971 1125 1012 1177 eo
1027 1106 1118 1194 qnod
1135 1125 1196 1176 sua
1211 1107 1363 1175 sortione
1380 1104 1455 1191 ipsa
1471 1104 1620 1174 dederad
1638 1104 1848 1174 constantini
1872 1104 2059 1191 presbiteri
2081 1105 2157 1174 sine
2180 1123 2260 1174 suas
2283 1105 2420 1174 absolu-

559 1262 668 1350 tione3
684 1261 763 1329 ideo
779 1259 962 1329 secundum
978 1259 1058 1344 ipsa
1071 1257 1264 1344 tignatione
1279 1254 1460 1326 adbincuit
1475 1256 1554 1324 illut
1568 1259 1610 1324 ab
1625 1257 1702 1341 ipso
1719 1257 1869 1324 iohanne
1892 1227 2092 1325 monachus
2104 1257 2289 1326 sectionem
2305 1275 2418 1334 suam,

560 1430 663 1500 quam
679 1415 712 1481 ei
728 1411 855 1480 exinde
871 1407 1079 1508 adbenerad:
1099 1407 1227 1476 scribto
1243 1406 1319 1492 ipso
1335 1404 1526 1473 iudicatum
1541 1424 1605 1492 per
1622 1406 1840 1516 grimoaldus
1855 1409 2014 1474 notarius
2029 1409 2065 1474 et
2079 1405 2194 1492 ipsum
2217 1407 2323 1475 iudex
2346 1426 2424 1476 ma·

561 1584 644 1633 num
660 1565 806 1652 propria
821 1562 1002 1650 scriptum.
1022 1523 1190 1631 Similiter
1210 1562 1245 1628 et
1260 1558 1368 1630 ostedi
1381 1561 1519 1629 brebem
1532 1559 1737 1645 sigillatum,
1752 1558 1923 1646 quomodo
1934 1560 2045 1645 ipsius
2057 1559 2129 1628 abii
2141 1559 2208 1626 mei
2219 1576 2423 1628 concessum

564 1715 736 1802 apelatio
752 1713 873 1782 suerad
890 1715 994 1782 rebus
1011 1711 1046 1779 in
1064 1715 1176 1780 locum
1191 1711 1320 1790 airole,
1346 1711 1439 1780 inber
1463 1727 1547 1796 quos
1572 1709 1797 1779 concesserad
1814 1710 1847 1778 oi
1863 1709 1942 1795 ipsa
1964 1710 2119 1778 sortione
2142 1709 2249 1794 ipsius
2273 1708 2420 1778 iohanni

562 1868 725 1935 monachi
741 1865 785 1934 de
800 1865 876 1951 ipsa
890 1867 994 1934 rebus
1010 1864 1103 1932 infra
1117 1864 1193 1950 ipse
1207 1864 1300 1943 finis,
1319 1881 1360 1932 eo
1375 1863 1464 1948 quod
1484 1881 1668 1948 guaregan
1680 1862 1707 1950 ¹)
1719 1865 1821 1930 homo
1836 1863 1913 1942 fuit,
1931 1879 2001 1928 nou
2016 1861 2130 1948 potuit
2144 1879 2242 1928 snam
2258 1862 2361 1929 rebus
2373 1861 2423 1929 si-

564 2037 609 2089 ne
624 2017 872 2088 absolutionem
889 2015 1013 2102 palatii
1028 2015 1124 2104 dare3
1140 2015 1286 2102 proinde
1302 2034 1402 2083 suam
1417 2017 1604 2084 sortionem
1620 2015 1728 2085 eidem
1745 2015 1867 2101 palatii
1883 2014 2034 2084 benerad
2050 2017 2086 2083 et
2103 2015 2177 2100 ipse
2191 2013 2271 2082 abio
2287 2033 2383 2082 mens
2399 2031 2421 2080 a

562 2171 695 2256 palatio
711 2187 769 2239 eos
783 2169 1000 2262 espetierad.
1020 2170 1198 2254 Simulque
1213 2169 1322 2237 alium
1344 2166 1482 2236 brebem
1506 2169 1699 2253 sigillatum
1723 2166 1844 2246 osledi,
1870 2161 2017 2254 qualiter
2040 2167 2197 2253 predicto
2221 2167 2301 2235 abio
2324 2185 2423 2236 meus

563 2339 765 2391 conoessum
783 2322 904 2391 suered
920 2341 977 2392 res
992 2323 1118 2409 palatii
1135 2323 1172 2389 in
1188 2321 1306 2390 eodem
1324 2323 1400 2389 loco
1415 2321 1550 2390 cetaria
1564 2339 1585 2390 a
1599 2321 1668 2390 dne
1684 2321 1843 2390 derebus
1859 2320 1967 2406 ipsius
1981 2320 2123 2390 ecclesie
2146 2320 2255 2387 sancti
2279 2319 2373 2388 felici
2388 2325 2422 2387 et

563 2475 729 2562 usquead
748 2477 818 2545 fine
834 2476 910 2544 eius
925 2475 984 2560 qui
1001 2475 1068 2543 tuit
1081 2473 1281 2558 traselghisi
1299 2472 1450 2553 diaconi,
1466 2492 1567 2558 quem
1583 2475 1746 2559 epulatio
1757 2445 1919 2542 similiter
1930 2474 2133 2558 expetutum
2145 2471 2311 2550 abuerad,
2330 2474 2366 2540 et
2377 2470 2423 2538 da

564 2646 666 2696 serra
682 2628 725 2695 de
741 2628 854 2713 ipsum
871 2630 989 2696 monte
1001 2645 1109 2712 usque
1126 2643 1235 2694 mare:
1253 2627 1349 2694 infra
1365 2627 1440 2712 ipse
1455 2627 1549 2707 finis,
1568 2627 1884 2712 quomodocumque
1906 2625 2029 2712 palatii
2052 2627 2263 2712 pertinentes
2279 2625 2357 2704 tuit,
2375 2628 2424 2692 to

565 2779 639 2846 turn
657 2779 736 2846 illut
750 2777 783 2846 ei
800 2777 1025 2848 concesserad
1043 2777 1082 2845 in
1096 2795 1188 2844 anno
1203 2776 1461 2863 quintodecimo
1477 2779 1698 2864 principatus
1720 2777 1839 2846 domni
1862 2778 1979 2863 gisolfi
2001 2777 2045 2844 de
2068 2794 2185 2845 mense
2209 2777 2353 2862 aprelis,
2371 2777 2423 2846 in·

565 2928 719 2998 dictione
739 2931 848 3000 sexto.
873 2946 1009 2998 necnon
1032 2931 1067 2995 et
1090 2927 1190 2997 altum
1215 2929 1352 2999 brebem
1368 2928 1560 3014 sigillatum
1584 2929 1718 2998 hostedi
1741 2929 1800 3015 qui
1823 2926 2048 3008 continebad,
2066 2929 2216 3014 qualiter
2237 2929 2281 2998 de
2303 2928 2421 2999 eodem

567 3099 685 3150 mense
708 3083 743 3149 et
765 3079 953 3150 indictione
976 3097 1175 3152 concessum
1199 3080 1319 3149 suerad
1343 3079 1491 3167 predicti
1513 3081 1593 3149 abio
1615 3100 1712 3150 meus
1734 3083 1836 3152 rebus
1851 3081 1974 3167 palatii
1988 3080 2032 3150 de
2047 3079 2168 3150 eodem
2192 3083 2268 3150 loco
2291 3083 2423 3151 cetaria

569 3251 633 3317 per
656 3251 696 3302 ec
720 3233 823 3300 finis:
848 3233 892 3302 de
914 3252 987 3302 una
1009 3235 1110 3319 parte
1133 3232 1203 3300 fine
1225 3233 1299 3300 eius
1321 3249 1422 3317 quem
1447 3232 1529 3300 ante
1553 3247 1590 3299 os
1614 3230 1688 3300 dies
1711 3250 1772 3317 per
1797 3235 1998 3317 preceptum
2021 3249 2044 3300 a
2067 3231 2199 3316 palatio
2221 3235 2421 3336 expetutum

566 3341 732 3452 abuerad:
758 3383 802 3452 de
825 3402 930 3470 super
953 3385 1022 3453 fine
1045 3401 1146 3453 serra
1167 3382 1211 3452 de
1234 3385 1369 3451 monte:
1397 3384 1598 3469 apartibus
1620 3382 1765 3451 orientis
1787 3383 1857 3450 fine
1879 3383 1976 3450 ribus
1998 3383 2033 3450 et
2056 3385 2257 3452 rebolbente
2281 3402 2345 3469 per
2366 3384 2422 3452 bia

568 3538 604 3604 et
627 3535 854 3606 descendente
876 3537 914 3604 in
937 3554 1054 3605 mare:
1080 3535 1264 3604 desubter
1287 3536 1357 3604 fine
1371 3552 1462 3622 aqua
1484 3527 1530 3604 de'
1550 3554 1660 3623 mare3
1685 3535 1779 3603 infra
1802 3553 1842 3603 ee
1863 3536 1955 3615 finis,
1973 3536 2291 3624 quomodocumque
2308 3537 2422 3624 palatii

569 3689 785 3775 pertinentes
807 3690 884 3768 fuit,
911 3689 1065 3758 funditus
1088 3690 1167 3758 illut
1189 3687 1299 3759 eidem
1324 3687 1403 3755 abio
1425 3707 1524 3756 meus
1546 3705 1747 3758 concessum
1770 3688 1904 3758 fuerad.
1929 3691 2092 3760 similiter
2115 3693 2150 3759 et
2164 3691 2272 3760 alium
2297 3691 2424 3759 iudica·

570 3844 644 3909 tum
669 3839 779 3910 ostedi
801 3841 1061 3920 continentem,
1087 3842 1236 3926 qualiter
1259 3845 1340 3912 ante
1362 3840 1601 3926 radelgrimus
1625 3840 1729 3909 iudex
1753 3840 1874 3909 lberad
1898 3841 1934 3908 in
1958 3843 2219 3912 comtemtiones
2247 3843 2423 3928 predictus

566 4015 669 4066 ursus
693 3997 888 4084 genitorem
911 4015 1026 4066 meum
1051 3997 1093 4067 de
1117 3999 1195 4084 ipsa
1218 3999 1323 4064 rebus
1345 3995 1388 4064 de
1411 3996 1544 4067 cetaria
1567 4013 1644 4062 cum
1669 4015 1768 4066 ursus
1790 3999 1825 4065 et
1848 3999 1902 4065 leo
1926 3997 2098 4082 presbiter
2113 3997 2275 4081 germani
2292 3997 2359 4065 filii
2375 3998 2421 4063 lu·

566 4150 650 4234 peni
673 4149 734 4235 qui
756 4149 908 4218 bocabad
931 4148 1491 4235 fiaibulu,quilt1eradabitantes
1513 4148 1557 4217 de
1580 4148 1721 4218 cibitate
1741 4152 1875 4217 atrano.
1901 4151 1936 4218 et
1958 4147 2139 4220 ostederad
2162 4167 2283 4219 eorum
2307 4167 2423 4234 supra·

567 4299 652 4367 dicti
676 4300 793 4368 brebri
816 4301 962 4386 sigillati
984 4303 1019 4370 et
1041 4301 1120 4387 ipsa
1143 4301 1343 4380 monimina,
1370 4306 1405 4369 et
1427 4303 1498 4370 illis
1520 4321 1558 4371 se
1582 4300 1887 4380 manifestaberad,
1905 4301 2001 4370 utde
2025 4302 2104 4388 ipsa
2125 4304 2241 4382 rebus,
2268 4319 2337 4388 que
2353 4302 2422 4388 ipsa

569 4449 762 4519 monimina
790 4454 825 4519 et
847 4454 1056 4539 preceptora
1078 4454 1244 4532 continet,
1269 4453 1491 4522 nullomodo
1514 4473 1657 4526 cassare
1680 4459 1742 4524 aut
1765 4455 1970 4524 contendere
1992 4458 2112 4540 potere
2134 4473 2213 4521 cum
2236 4454 2314 4540 ipso
2329 4455 2423 4540 geni·

567 4603 678 4669 torem
701 4621 816 4672 meum
840 4607 975 4672 etcum
999 4605 1074 4673 eius
1097 4605 1230 4693 eredes3
1255 4608 1290 4673 et
1313 4603 1539 4692 obligaberad
1555 4626 1592 4676 se
1613 4609 1648 4676 et
1669 4609 1741 4676 suis
1755 4606 1926 4686 eredibus‚
1946 4609 1985 4674 ut
2007 4607 2037 4676 si
2061 4605 2248 4692 aliquando
2270 4608 2423 4692 tempore

570 4769 634 4838 per
657 4773 695 4822 se
717 4757 770 4822 vel
794 4774 855 4842 per
879 4755 1099 4825 summissam
1122 4773 1306 4842 personam
1331 4775 1409 4824 cum
1433 4757 1509 4844 ipso
1532 4759 1728 4844 genitorem
1745 4777 1859 4827 meum
1874 4761 1931 4827 vel
1946 4739 2024 4825 cum
2040 4759 2113 4829 eius
2136 4757 2258 4827 eredes
2280 4776 2422 4828 causare

568 4910 810 4991 presumserit,
837 4926 1043 4996 componere
1065 4927 1187 4980 eorum
1210 4913 1347 4981 centum
1371 4911 1499 4982 solidos
1522 4914 1759 4982 constantines
1780 4917 1817 4981 et
1839 4913 1934 4980 omni
1956 4913 2114 4997 tempore
2135 4910 2235 4980 taciti
2250 4911 2334 4981 inde
2353 4929 2421 4978 ma·

568 5074 675 5128 nere:
701 5057 833 5143 scripto
855 5058 1048 5129 indicatum
1073 5061 1186 5148 ipsum
1202 5081 1274 5150 per
1297 5063 1534 5148 gaidenardus
1556 5065 1723 5144 notarius,
1747 5067 1784 5133 et
1807 5064 1921 5149 ipsum
1945 5061 2048 5131 iudex
2064 5066 2100 5131 et
2114 5065 2289 5149 alphanus
2311 5079 2419 5131 eomes

567 5211 691 5296 scripti
714 5212 925 5282 inbenimus.
952 5168 1153 5300 pariterque
1176 5213 1287 5284 ostedi
1310 5235 1417 5285 unum
1441 5217 1600 5286 brebem:
1627 5215 1830 5286 continebad
1854 5233 1975 5284 menso
1989 5217 2024 5284 et
2046 5216 2098 5284 leo
2115 5217 2275 5302 germani
2291 5216 2420 5284 filiisu-

570 5359 757 5447 prascripti
779 5363 852 5432 abii
875 5364 988 5434 nostri
1009 5353 1160 5436 dederad
1175 5367 1219 5436 ad
1235 5368 1492 5455 pastenendum
1516 5369 1658 5438 iohanni
1681 5369 1740 5456 qui
1757 5369 1824 5438 ruit
1838 5367 2068 5449 surrentinus,
2085 5367 2149 5436 filii
2167 5369 2323 5454 palumbi
2333 5369 2420 5436 terra

570 5529 636 5580 sua
659 5512 775 5600 ibique
798 5515 835 5582 in
859 5513 1054 5606 flesketole‚
1079 5520 1119 5586 ut
1141 5517 1202 5588 ille
1223 5524 1258 5590 et
1280 5519 1354 5590 eius
1376 5519 1497 5590 eredes
1521 5521 1647 5590 ibidem
1671 5522 1857 5606 pastenare
1886 5519 1992 5590 binea
2013 5521 2048 5588 et
2069 5518 2267 5588 cannietum
2289 5521 2326 5588 et
2346 5513 2422 5586 sali-

568 5807 574 5820 '
626 5806 650 5880 ⁴)
674 5806 828 5880 deusque,
843 5807 968 5868 eduens.
