5216 7092
952 635 1323 708 DIPLOMATIGUS

983 1087 1337 1167 CCCLXXX.

1012 1335 1067 1410 Α.
1106 1332 1300 1435 neae.

264 1591 299 1729 †
322 1646 361 1710 ln
377 1640 517 1708 nomine
532 1639 663 1708 domini
680 1641 783 1709 tertio
800 1659 892 1709 anno
908 1642 1125 1727 principatus
1141 1642 1260 1711 domni
1277 1643 1388 1711 nostri
1407 1640 1548 1711 iohanni
1564 1646 1599 1711 et
1613 1641 1730 1712 domni
1747 1645 1891 1729 guidoni
1907 1646 1979 1714 eius
1990 1645 2062 1714 fllio

196 1795 350 1882 gloriosi
365 1794 594 1880 principibus,
612 1811 730 1862 mense
746 1794 927 1861 ianuarius
942 1794 1200 1879 quartadecima
1216 1793 1417 1863 indictione.
1431 1797 1713 1866 Memoratorium
1730 1797 1821 1864 factu
1839 1815 1926 1864 ame
1941 1801 2063 1882 petrus

195 1949 378 2034 presbiter
393 1950 429 2015 et
443 1949 557 2016 rector
572 1948 717 2015 ecclesie
732 1947 841 2016 sancti
857 1948 1010 2026 martini,
1031 1967 1131 2032 quem
1149 1950 1361 2033 guaimarius
1376 1968 1489 2017 comes
1507 1967 1528 2016 a
1542 1951 1631 2016 nobo
1647 1949 1847 2018 fundamine
1870 1947 2064 2018 construxit
2173 2000 2178 2008 .

192 2103 236 2170 in
255 2104 358 2171 rebus
374 2120 438 2170 sua
460 2103 550 2170 ulter
566 2101 669 2169 dubio
691 2102 807 2181 lirino,
826 2121 867 2168 eo
890 2101 981 2186 quod
1003 2104 1084 2169 ante
1106 2101 1238 2170 idoneis
1261 2102 1432 2171 ominibus
1454 2105 1657 2172 coniunctus
1679 2123 1754 2174 sum
1778 2121 1856 2173 cum
1880 2105 2062 2170 mauronto

195 2253 274 2320 filio
292 2254 386 2320 corbi
405 2255 549 2337 propter
565 2252 609 2319 ad
625 2252 846 2322 dividendum
863 2253 1033 2322 internos
1049 2257 1235 2321 terrarum
1255 2255 1354 2321 binea
1369 2257 1404 2321 et
1419 2255 1530 2338 pomis
1553 2257 1588 2322 et
1611 2256 1804 2322 cannietum
1828 2255 2059 2340 pertinentem

197 2402 241 2470 de
258 2402 382 2472 eadem
397 2403 556 2480 ecclesia,
576 2403 666 2487 quod
682 2403 870 2488 preteritos
885 2405 920 2470 in
937 2403 1131 2488 partionem
1146 2402 1189 2469 ad
1206 2403 1456 2488 pastenandum
1472 2406 1505 2470 ei
1521 2403 1617 2470 dedit
1632 2423 1732 2472 ursus
1756 2405 1925 2489 presbiter
1947 2405 2062 2472 custos
2129 2436 2136 2450 ·
2187 2459 2189 2464 .

199 2551 314 2638 ipsius
329 2553 475 2620 ecclesie
489 2553 526 2618 in
542 2555 654 2620 locum
671 2555 880 2638 campiliano
896 2573 957 2638 per
975 2555 1056 2623 linis
1077 2557 1112 2621 et
1126 2554 1321 2623 mensurio:
1344 2553 1387 2621 de
1410 2558 1531 2638 suptus
1553 2555 1622 2621 fine
1644 2555 1711 2634 bia,
1735 2557 1769 2622 et
1795 2554 1838 2622 de
1864 2573 1966 2639 super
1993 2555 2063 2622 fine

199 2704 365 2781 limitem,
383 2705 417 2771 et
430 2702 474 2771 de
488 2702 621 2770 duobus
636 2703 792 2788 partibus
808 2705 878 2772 fine
894 2705 1057 2770 iamdicta
1072 2706 1228 2773 ecclesie:
1247 2705 1426 2789 longitudo
1442 2710 1478 2773 et
1493 2705 1637 2773 latitudo
1652 2707 1704 2774 est
1718 2705 1861 2772 inomni
1874 2708 1947 2773 loco
1972 2705 2063 2790 passi

197 2854 461 2941 quinquaginta
476 2853 520 2921 ad
536 2855 635 2921 iuxto
650 2874 805 2942 passum.
824 2858 889 2923 hec
912 2858 1020 2922 totum
1047 2875 1108 2940 per
1132 2857 1202 2924 ista
1224 2858 1401 2924 mensoria
1422 2859 1456 2925 et
1478 2860 1646 2942 quantum
1669 2860 1769 2926 extra
1790 2841 1869 2942 ipsa
1890 2857 2065 2927 mensuria

155 3021 157 3025 ·
197 3007 358 3090 potuerit
373 3007 444 3074 illis
459 3009 652 3091 pastenare,
671 3024 735 3092 per
753 3007 971 3075 medietatem
990 3008 1082 3075 inter
1098 3027 1135 3076 se
1151 3009 1230 3076 illut
1245 3007 1420 3075 dividere:
1437 3025 1521 3092 pars
1536 3009 1645 3092 ipsius
1661 3009 1804 3075 ecclesie
1827 3010 1964 3075 tolleret
1987 3008 2066 3074 illut

200 3157 440 3235 medietatem,
461 3159 496 3224 et
510 3157 648 3224 illorum
663 3158 842 3226 traderent
858 3159 934 3244 ipsa
948 3160 1019 3226 alia
1034 3158 1265 3245 medietatem3
1282 3161 1316 3228 et
1332 3159 1402 3226 illis
1418 3177 1476 3225 eos
1499 3159 1696 3244 pastenabit
1721 3159 1757 3225 et
1780 3157 1949 3242 operabit‚
1975 3159 2063 3224 sicut

195 3310 281 3378 inde
301 3311 476 3395 obligatus
492 3310 567 3378 tuit.
588 3311 689 3376 modo
706 3315 820 3379 autem
837 3313 1024 3380 transitum
1043 3314 1119 3398 ipso
1137 3313 1372 3391 constitutum,
1392 3311 1480 3379 sicut
1496 3313 1586 3378 inter
1601 3329 1665 3380 nos
1680 3312 1864 3390 combenit,
1882 3313 1994 3378 stante
2010 3331 2064 3380 me

195 3463 232 3528 et
252 3479 328 3528 una
343 3479 475 3530 mecum
493 3461 621 3530 ibidem
638 3481 743 3547 super
761 3462 839 3547 ipsa
861 3467 960 3531 rebus
983 3463 1118 3532 adesset
1139 3463 1246 3548 guido
1269 3465 1304 3530 et
1319 3462 1531 3548 guaimarius
1547 3461 1691 3528 dominii
1708 3461 1751 3528 de
1767 3462 1844 3546 ipsa
1858 3461 2011 3540 ecclesia,
2029 3463 2064 3528 et

195 3615 259 3682 ille
279 3615 361 3700 ipsa
376 3618 477 3682 rebus
490 3611 610 3682 diuisit
625 3619 661 3683 et
676 3617 757 3684 lecit
773 3616 854 3684 inde
869 3616 936 3690 dne
952 3617 1065 3686 sortis:
1084 3635 1154 3682 una
1168 3620 1261 3685 sorte
1280 3617 1362 3685 fecit
1376 3635 1447 3684 esse
1470 3633 1491 3682 a
1513 3634 1597 3700 pars
1620 3615 1775 3694 orientis,
1794 3617 1828 3682 et
1844 3566 1915 3682 alia
1937 3612 2064 3680 ibidem

195 3767 379 3848 coniunta,
398 3770 433 3835 et
448 3769 712 3838 terminavimus
730 3771 807 3837 illut
820 3773 912 3838 inter
928 3774 1027 3838 ambo
1043 3773 1118 3856 ipse
1133 3772 1248 3848 sortis,
1266 3775 1302 3839 et
1317 3791 1388 3839 una
1409 3771 1451 3838 de
1475 3772 1549 3856 ipse
1565 3771 1670 3838 sortis
1691 3769 1986 3837 mensurabimus:
2012 3741 2065 3834 est

197 3915 246 3983 da
262 3935 347 4001 pars
363 3915 406 3983 de
422 3918 497 4002 ipso
513 3919 624 3985 limite
638 3919 696 4002 qui
714 3920 766 3986 est
782 3921 819 3986 in
836 3919 963 4004 eapite,
978 3920 1071 4005 passi
1088 3921 1238 4004 triginta
1253 3920 1333 3999 duo,
1352 3923 1386 3988 et
1400 3920 1492 4000 inter
1507 3921 1608 3986 ambo
1623 3919 1697 4003 ipse
1712 3917 1815 3984 sortis
1832 3935 1895 4000 per
1911 3917 1979 4000 ipsi
1994 3917 2065 3983 ter-

195 4069 278 4136 miti
294 4072 377 4136 sunt
392 4087 455 4154 per
472 4067 654 4153 longitudo
669 4071 763 4154 passi
781 4024 989 4157 nonaginta3
1007 4074 1040 4138 et
1063 4070 1104 4138 de
1120 4074 1239 4155 suptus
1262 4071 1331 4138 dne
1346 4072 1448 4136 rebus
1471 4069 1626 4153 predicte
1649 4068 1803 4148 ecclesie,
1822 4070 1857 4134 et
1879 4067 1961 4142 inde
1982 4069 2063 4134 sunt

195 4236 322 4326 passos
336 4219 486 4304 triginta
500 4191 581 4306 1111Ι
594 4224 628 4287 et
643 4221 685 4290 de
701 4222 772 4288 alia
787 4225 887 4306 parte
901 4223 969 4288 fine
985 4225 1087 4292 rebus
1103 4222 1266 4316 iamdicta
1289 4223 1444 4298 ecclesie,
1459 4221 1493 4287 et
1509 4219 1587 4285 iude
1602 4221 1681 4286 sunt
1697 4237 1759 4302 per
1775 4217 1956 4301 longitudo
1968 4217 2061 4301 passi

193 4373 428 4472 septuaginta
450 4373 634 4458 quadtuor,
653 4375 763 4441 totum
781 4379 1014 4444 mensuratum
1032 4377 1099 4442 suit
1115 4376 1157 4442 ad
1175 4395 1326 4460 passum,
1347 4375 1405 4460 qui
1422 4373 1621 4458 singnatum
1640 4372 1693 4439 est
1714 4371 1751 4437 in
1775 4371 1950 4438 columnia
1972 4387 2064 4435 mar-

192 4525 312 4590 moria
334 4525 447 4592 sancti
470 4525 600 4593 mathei
617 4525 661 4594 de
676 4527 1010 4613 archiepiscopatum
1026 4529 1281 4597 salernitanum.
1299 4526 1391 4593 unde
1415 4545 1481 4610 ego
1504 4523 1723 4610 supradictus
1746 4525 1864 4607 petrus
1887 4521 2060 4606 presbiter

192 4691 364 4739 unacum
388 4673 456 4758 ipsi
473 4673 620 4740 dominii
635 4675 788 4743 eiusdem
805 4677 947 4745 ecclesie
965 4677 1186 4762 compreensit
1201 4678 1279 4761 ipsa
1293 4675 1480 4742 sortionem
1497 4692 1595 4759 quem
1610 4691 1680 4739 non
1696 4672 1985 4750 mensuravimus
2004 4673 2063 4757 qui

192 4823 366 4889 coniunta
380 4825 434 4889 est
444 4823 485 4890 ad
501 4824 569 4892 dne
585 4825 740 4909 predicte
757 4827 912 4906 ecclesie,
927 4831 963 4895 et
977 4826 1104 4894 exinde
1120 4845 1187 4911 ego
1203 4827 1236 4893 ei
1252 4825 1399 4892 tradidit
1414 4842 1478 4909 pro
1494 4824 1569 4891 eius
1586 4826 1713 4891 sortem
1729 4823 1887 4892 inclitum
1905 4825 1984 4890 illut
1997 4843 2062 4908 per

193 4973 276 5060 ipsa
299 4977 476 5044 mensuria
491 4979 526 5046 et
541 4995 620 5044 cum
636 4978 711 5046 bice
725 4977 768 5045 de
784 4979 842 5045 bia
857 4997 919 5046 sua
933 4979 1027 5046 omni
1043 4983 1199 5064 tempore
1221 4980 1281 5046 ille
1303 4981 1338 5048 et
1360 4978 1435 5046 eius
1459 4977 1605 5045 heredes
1628 4977 1706 5044 illut
1723 4976 1860 5055 abendi,
1878 4975 2059 5066 dominan-

191 5127 243 5207 di,
264 5127 467 5212 possidendi
482 5132 517 5196 et
531 5133 648 5196 omnia
663 5129 790 5199 exinde
806 5130 1002 5198 faciendum
1018 5150 1085 5216 que
1100 5131 1239 5199 illorum
1256 5131 1439 5216 placuerit,
1456 5133 1582 5216 absque
1597 5129 1856 5215 requisitionem
1874 5131 1908 5194 et
1924 5125 2058 5193 contra-

190 5280 323 5348 rietate
344 5279 386 5348 de
400 5281 560 5365 partibus
578 5278 740 5348 iamdicta
755 5283 911 5350 ecclesie.
929 5265 1060 5368 prete'r,
1074 5283 1103 5352 si
1118 5281 1304 5367 aliquando
1327 5283 1405 5350 illut
1421 5281 1582 5348 daturum
1598 5281 1658 5347 aut
1670 5278 1883 5346 vinditurum
1907 5276 2053 5356 abuerit,

189 5433 285 5500 sicut
300 5430 345 5498 de
362 5432 499 5499 illorum
518 5436 723 5518 potestatem
739 5453 814 5504 esse
830 5439 1075 5522 supstractum,
1094 5435 1137 5502 ad
1154 5454 1236 5520 pars
1252 5435 1362 5520 ipsius
1377 5435 1521 5502 ecclesie
1542 5433 1621 5534 illut
1645 5431 1766 5498 vindat
1788 5430 1832 5498 ad
1856 5430 1953 5497 iuxto
1975 5447 2053 5514 pre-

188 5583 296 5662 tium,
323 5585 358 5651 et
381 5582 511 5650 saciant
527 5584 609 5653 inde
624 5587 715 5654 scire
729 5586 813 5672 pars
827 5587 937 5672 ipsius
953 5589 1098 5656 ecclesie
1120 5605 1185 5672 pro
1208 5589 1287 5654 illut
1310 5585 1490 5653 emendum
1507 5601 1570 5668 per
1593 5582 1697 5650 tertio
1711 5581 1935 5649 constitutum
1951 5601 2057 5668 usque

188 5733 317 5803 diebus
333 5734 484 5820 triginta
498 5741 629 5834 serpet
642 5741 672 5806 si
688 5758 751 5825 per
768 5741 843 5826 ipsa
858 5742 1046 5809 constituta
1060 5760 1145 5826 pars
1160 5743 1270 5826 ipsius
1285 5739 1429 5807 ecclesie
1442 5739 1592 5806 noluerit
1607 5738 1685 5805 illut
1699 5757 1814 5807 emere
1830 5741 1864 5807 et
1878 5738 1960 5808 dare
1975 5737 2055 5806 inde

189 5905 317 5955 eorum
333 5887 432 5954 iuxto
449 5889 601 5958 ballente
616 5893 779 5976 pretium,
799 5895 881 5960 tunc
897 5896 973 5978 post
989 5895 1066 5979 ipsa
1081 5893 1269 5960 constituta
1283 5892 1388 5959 liceat
1407 5892 1478 5959 illis
1494 5907 1553 5958 eos
1574 5889 1660 5958 dare
1675 5890 1730 5957 cui
1747 5890 1905 5958 voluerit.
1924 5909 2005 5958 nam
2022 5889 2052 5956 si
