5378 7098
1105 575 1337 688 nostrum
1569 569 1570 576 '
2058 602 2093 650 rx

284 823 407 920 citur,
444 820 646 908 inoffenso
684 821 789 934 pede
823 819 1093 934 percurrisse.
1128 819 1183 904 Et
1214 819 1491 919 aSiconolfo,
1526 823 1605 906 sub
1647 850 1760 906 anno
1795 821 2139 940 octingentesimo

284 1001 620 1113 quadragesimo,
656 1001 900 1086 eorumdem
931 998 1241 1083 successionem
1284 1000 1434 1098 exorsi,
1471 1001 1522 1084 ad
1555 997 1766 1086 Gisulsum
1799 1028 1850 1084 ex
1892 999 2035 1086 ordine
2068 1003 2138 1087 de-

284 1179 491 1278 venimus,
527 1181 600 1291 qui
631 1184 767 1265 Acrae
805 1179 989 1290 vulgaris
1020 1206 1130 1263 anno
1168 1179 1489 1288 nongentesimo
1521 1179 1731 1265 tricesimo
1765 1180 1897 1277 tertie,
1934 1181 2005 1264 vix
2037 1209 2137 1293 qua-

282 1361 457 1457 drirnuS,
502 1389 526 1444 a
567 1372 684 1473 patre
718 1360 962 1448 Guaimario
1003 1357 1141 1443 socius
1184 1359 1226 1442 in
1264 1359 1487 1471 imperium
1529 1360 1769 1445 assumitur.
1806 1359 1945 1458 Quare
1988 1361 2139 1448 Petrus

283 1543 487 1627 Iannones
528 1503 749 1655 perperam
784 1540 1008 1626 asseruisse
1041 1539 1235 1624 videtur:
1277 1539 1569 1626 Guaimarium
1602 1543 1747 1628 eodem
1780 1571 1907 1640 annu,
1944 1571 2027 1654 quo
2060 1543 2139 1629 sibi

281 1720 415 1807 tilium
459 1721 638 1819 addidit,
680 1733 853 1807 naturae
896 1719 1149 1804 concessisse
1181 1719 1225 1828 ¹).
1272 1719 1327 1804 Et
1368 1717 1711 1806 florentissimum
1747 1720 1960 1830 Historiae
2006 1720 2140 1806 civilis

280 1903 546 2016 Neapolitani
584 1903 703 2016 regni
745 1913 959 1986 auctorem
991 1901 1068 1984 hac
1101 1901 1153 1986 de
1190 1929 1234 1985 re
1272 1914 1357 1985 tota
1394 1903 1463 1986 via
1504 1928 1662 1986 errasse
1704 1901 1970 2000 conjicimus,
2006 1903 2135 2014 quod,

282 2083 568 2168 associationis
605 2079 755 2169 Gisulti
791 2080 909 2165 nulla
952 2081 1112 2165 ratione
1150 2080 1320 2174 hahita,
1362 2081 1537 2165 nimiam
1580 2079 1705 2166 tidem
1743 2081 1891 2194 priscis
1929 2079 2140 2165 chronicis

278 2264 486 2348 habuerit.
523 2265 577 2348 Et
609 2291 757 2349 revera
788 2263 890 2348 illud
925 2264 1114 2350 Cavense
1148 2265 1202 2348 ita
1234 2289 1323 2346 rem
1355 2279 1620 2349 memorat.»
1656 2268 1771 2349 Anno
1803 2259 1889 2346 933
1911 2263 2142 2350 Gunnrruus

281 2475 453 2532 rnrncsrs
493 2473 668 2544 noanon,
715 2474 760 2528 nr
803 2472 881 2527 nus
923 2472 1037 2528 riuus
1079 2473 1319 2539 ourrnrnnnrs
1362 2439 1688 2530 suocrmrus'usr
1727 2473 1791 2529 sun
1833 2473 1970 2529 rursm
2008 2445 2137 2530 Purser

277 2654 512 2710 rncsaunnnn
533 2627 580 2735 ι·’).

285 2871 287 2875 ,
368 2805 528 2889 'Verum
566 2819 628 2888 sat
670 2818 929 2918 compertum
971 2805 1192 2902 habemus
1240 2803 1279 2888 id
1322 2804 1559 2891 Chronicon
1598 2801 1827 2890 aPratiilo
1860 2804 2018 2890 editum
2052 2834 2136 2888 non

273 2987 385 3072 idem
426 3015 516 3072 esse
559 3015 607 3071 ac
649 2988 761 3100 quod
795 2990 947 3074 Petrus
991 2987 1223 3072 monachus
1257 3001 1297 3070 et
1328 2986 1612 3073 Cancellarius
1654 2986 1834 3100 scripsit.
1872 2987 1927 3071 Et
1958 2985 1991 3070 si
2024 3013 2134 3098 quae

276 3164 632 3280 Chronographus
675 3183 881 3253 memorat
922 3168 1188 3253 documentis
1230 3168 1481 3252 carensibus
1539 3180 1852 3284 exaequentur,
1905 3167 2136 3254 meridiana

276 3347 368 3430 luco
411 3346 568 3458 patebit
610 3359 867 3459 quantopere
910 3347 1000 3431 eius
1042 3348 1094 3430 de
1137 3345 1402 3432 successione
1444 3348 1683 3460 principum
1720 3348 1923 3432 mentina
1965 3346 2138 3432 veritate

277 3525 494 3616 desciscat.
531 3527 584 3610 Et
620 3555 735 3622 sane,
770 3556 823 3612 ne
855 3529 906 3612 ad
948 3529 1031 3613 alia
1073 3528 1371 3625 distrahamur,
1418 3555 1527 3641 quae
1570 3531 1614 3614 in
1656 3531 1846 3614 subiecta
1872 3531 2047 3616 materia
2084 3531 2135 3615 de

274 3707 420 3792 PriSco
461 3708 721 3794 thesaurario
753 3706 901 3795 Gisulfr
942 3720 1076 3794 tutore
1113 3710 1253 3806 refert,
1292 3709 1646 3796 tabularii'nostri
1678 3711 1940 3796 documentis
1972 3711 2137 3823 penitus

274 3886 559 3972 adversantur.
595 3890 660 3973 Ex
702 3889 856 4002 quibus
898 3891 1045 4003 liquet,
1081 3890 1309 3988 Gisulsum,
1345 3889 1589 3978 Guaimario
1629 3891 1713 3974 vita
1753 3889 1963 3987 defuncto,
1998 3917 2136 4002 neque

274 4066 434 4165 Prisci,
479 4096 616 4181 neque
653 4069 826 4154 alterius
868 4069 1015 4154 tutoris
1052 4095 1178 4154 curae
1221 4069 1425 4155 creditum
1468 4069 1609 4154 fuisse.
1663 4070 1794 4156 Cuius
1852 4068 2021 4181 quidem
2077 4067 2137 4151 rei

273 4247 505 4333 novitatem
545 4275 568 4332 a
610 4247 826 4362 praeclaro
868 4249 958 4334 viro
1000 4249 1053 4334 D.
1097 4249 1312 4335 Salvatore
1353 4250 1403 4334 de
1446 4248 1588 4333 Blasio
1629 4249 1886 4360 accepimus,
1926 4247 1998 4359 qui
2039 4275 2134 4332 nar-

274 4443 363 4512 rat:
410 4431 712 4543 Pellegrinum,
760 4431 839 4517 sibi
883 4446 1060 4516 mortem
1096 4431 1317 4517 imminere
1359 4444 1513 4527 ratum,
1555 4429 1727 4516 ancillae
1773 4428 2135 4548 praecepisseuti

275 4610 413 4695 statim
446 4623 572 4723 atque
614 4609 774 4696 desua
818 4611 902 4697 vita
943 4639 1061 4724 spem
1103 4609 1256 4696 medici
1289 4611 1531 4708 obiicerent,
1566 4611 1763 4696 anecdota
1795 4609 1937 4695 omnia
1974 4609 2133 4724 ingenti

277 4788 418 4874 labore
461 4805 500 4874 et
542 4806 712 4904 sumptu
750 4792 937 4904 undique
979 4789 1215 4904 conquisita
1246 4791 1333 4908 igni
1375 4789 1659 4876 comburenda
1695 4788 1891 4874 traderet.
1933 4789 2048 4874 Inter
2085 4814 2135 4871 ea

276 4969 474 5056 Chronici
520 4971 710 5056 cavensis
752 4973 1061 5086 autographum
1104 4977 1219 5084 (quo
1261 4972 1368 5056 sacto
1414 4971 1581 5080 nescio)
1625 4972 1667 5055 in
1717 4968 1946 5080 Pellegrini
1983 4993 2134 5052 manus

274 5149 492 5238 inciderat.
542 5153 625 5238 Sed
670 5167 892 5266 postquam
935 5153 1185 5252 convaluit,
1227 5154 1378 5246 frustra
1421 5154 1704 5238 inconsultum
1747 5149 1991 5236 mandatum
2033 5173 2132 5260 que-

273 5342 384 5414 stum
425 5333 570 5430 tuisse,
606 5334 718 5444 quod
751 5331 919 5428 ancilia,
956 5331 1218 5416 medicorum
1256 5330 1376 5416 dictis
1414 5330 1592 5414 nimium
1625 5329 1876 5440 obsequens
1912 5325 2132 5442 promptis·

357 5665 383 5744 ⁴)
413 5667 528 5727 istoria
557 5665 658 5727 Civile
692 5665 744 5725 del
775 5665 887 5744 Regno
918 5664 949 5724 di
979 5663 1092 5742 Napoli
1124 5665 1158 5724 L.
1177 5664 1245 5726 Vll.
1278 5685 1305 5724 c.
1337 5665 1367 5723 lr.

355 5779 379 5859 ²)
402 5781 495 5858 Apud
530 5778 701 5841 Pretiltum
730 5781 820 5841 Tom:
852 5777 905 5838 lv.
936 5776 1223 5839 Hrsronrranc:
1242 5781 1384 5840 Lancea:

494 5902 554 5946 ron.
577 5902 606 5946 n.
