5286 7098
606 627 647 686 60
1274 599 1435 673 donax
1473 598 1705 674 attonsis

531 853 682 920 mulier
705 850 844 918 nomine
867 849 1017 925 sellecla,
1045 864 1111 931 que
1134 863 1209 912 sum
1233 859 1322 911 uxor
1346 842 1421 912 eius
1445 841 1520 910 filia
1542 841 1715 927 quondam
1739 842 1829 927 petri
1864 841 2075 927 presbiteri,
2108 861 2213 928 quum
2244 843 2408 914 declarati

560 1020 676 1069 sumus
699 1001 798 1066 nobis
819 1003 910 1066 esset
932 997 1145 1082 pertinentes
1166 1011 1248 1062 casa
1270 996 1307 1060 et
1330 995 1426 1059 terra
1448 993 1541 1060 intus
1557 991 1649 1059 banc
1664 991 1914 1060 salernitanam
1931 982 2105 1060 cibitatem
2123 992 2296 1060 adortum
2314 1014 2407 1066 man-

559 1172 666 1238 gnum
690 1169 710 1218 a
734 1154 835 1237 parte
858 1149 1089 1236 suprascripti
1112 1147 1204 1233 petri
1228 1146 1412 1232 presbiteri
1437 1145 1575 1230 genitor
1598 1146 1633 1214 et
1655 1145 1767 1214 soceri
1789 1146 1913 1224 nostri,
1939 1147 1974 1212 01
1988 1145 2058 1212 iam
2074 1147 2156 1214 ante
2178 1163 2217 1214 os
2239 1145 2313 1216 dies
2335 1147 2407 1216 illut

446 1329 457 1342 -
560 1303 679 1371 datum
706 1302 864 1369 abuimus
887 1300 931 1369 ad
954 1317 1037 1368 casa
1059 1297 1254 1367 faciendum
1277 1296 1422 1364 iohanni
1444 1295 1627 1380 presbiteri
1651 1313 1857 1380 germanum
1880 1299 1913 1364 et
1936 1297 2148 1380 congustum
2171 1299 2338 1376 nostrum,
2369 1303 2403 1366 ut

558 1458 616 1525 ille
639 1475 717 1524 casa
741 1455 868 1523 ibidem
891 1456 1006 1522 lacere
1029 1457 1064 1521 et
1086 1451 1294 1520 trasactibus
1317 1449 1467 1518 medium
1491 1451 1570 1517 illut
1593 1449 1659 1515 sibi
1681 1450 1823 1536 tollere3
1855 1466 1947 1517 nnnc
1982 1451 2099 1517 autem
2134 1449 2208 1534 ipse
2239 1451 2404 1521 iohannes

554 1609 738 1696 presbiter,
758 1607 860 1676 sicuti
875 1607 968 1676 inter
984 1625 1047 1674 nos
1063 1605 1129 1674 tuit
1144 1605 1406 1684 combenientia,
1425 1621 1503 1674 casa
1518 1604 1607 1689 ipsa,
1626 1603 1809 1698 quemodo
1825 1603 1951 1670 ibibem
1976 1605 2041 1682 est,
2068 1603 2128 1669 ille
2150 1620 2228 1669 eam
2250 1602 2408 1674 edificare

555 1764 701 1848 querent
724 1779 746 1828 a
767 1777 842 1838 nos,
870 1761 910 1826 ut
932 1759 1058 1829 exinde
1081 1758 1268 1828 secundum
1285 1760 1398 1843 legem
1416 1757 1495 1826 inde
1510 1757 1542 1826 ei
1559 1751 1789 1835 firmaremus,
1809 1761 1848 1824 ut
1870 1755 2036 1824 securiter
2060 1756 2139 1822 illut
2161 1758 2263 1823 abere
2279 1758 2404 1840 potere.

556 1913 647 1981 unde
663 1912 705 1982 de
728 1912 886 1996 predicta
908 1913 1002 1980 terra
1017 1909 1060 1978 de
1075 1912 1240 1994 quantum
1253 1909 1319 1976 suit
1335 1907 1444 1992 ipsius
1460 1907 1550 1992 petri
1556 1955 1921 1974 .......
1970 1904 2118 1990 iaquinti
2133 1907 2186 1973 est
2200 1905 2407 1990 pertinentes

554 2066 695 2134 tertiam
712 2067 847 2149 partem
865 2082 928 2148 per
944 2062 1063 2130 datum
1080 2063 1190 2147 ipsius
1207 2063 1298 2147 petri
1313 2061 1510 2147 presbiteri,
1524 2063 1560 2128 et
1570 2058 1613 2128 de
1625 2061 1686 2126 illo
1702 2060 1788 2127 aliut
1802 2059 1889 2126 mihi
1906 2057 1987 2127 inde
2001 2060 2054 2126 est
2067 2057 2281 2143 pertinentes
2296 2059 2409 2128 inclita

554 2218 707 2285 sortione
722 2217 814 2303 petri
829 2217 1015 2302 presbiteri
1027 2219 1060 2284 et
1073 2217 1233 2284 monachi
1249 2217 1314 2283 filii
1329 2215 1556 2302 suprascripti
1573 2217 1665 2300 petri
1680 2214 1877 2300 presbiteri,
1892 2213 1995 2284 sicuti
2011 2215 2131 2282 nostra
2145 2215 2329 2282 continuat
2342 2233 2408 2283 mo

553 2369 699 2448 nimina,
710 2388 776 2456 que
787 2373 866 2438 ante
878 2367 1068 2438 subscribte
1079 2368 1216 2435 notario
1227 2369 1262 2436 et
1271 2370 1376 2436 testes
1391 2366 1516 2434 ostedit
1527 2367 1677 2446 firmate,
1686 2367 1721 2435 et
1731 2367 1817 2434 mihi
1832 2367 2011 2434 nominate
2023 2368 2160 2434 sellecte
2171 2365 2213 2434 de
2225 2365 2301 2452 ipso
2313 2367 2404 2444 aliut,

556 2522 614 2607 qui
627 2520 707 2590 inde
720 2519 897 2597 remansit,
913 2521 966 2586 est
981 2517 1061 2585 inde
1075 2518 1178 2585 abere
1194 2519 1344 2602 pertinet
1359 2517 1511 2584 sortione
1524 2534 1601 2584 mea
1615 2535 1680 2602 per
1691 2517 1909 2587 subcessione
1920 2517 2147 2602 suprascripti
2159 2517 2312 2603 genitori
2324 2535 2406 2604 meo;

553 2689 646 2742 nunc
658 2675 771 2740 autem
789 2689 984 2755 congruum
999 2673 1052 2740 est
1066 2667 1165 2737 nobis
1181 2669 1248 2736 viri
1265 2672 1300 2736 et
1315 2669 1417 2736 uxori
1434 2668 1587 2736 medium
1603 2670 1762 2737 inclitum
1779 2669 1857 2738 illut
1872 2667 2002 2736 donare
2017 2671 2052 2735 et
2063 2687 2128 2753 pro
2140 2669 2218 2753 ipsa
2233 2633 2409 2736 lavoratio

553 2841 633 2892 nem
664 2823 803 2891 tradere
825 2823 888 2889 tibi
915 2821 1063 2907 predicti
1078 2822 1221 2888 iohanni
1236 2821 1433 2906 presbiteri,
1452 2837 1520 2905 ego
1534 2821 1731 2890 nominatus
1754 2821 1928 2907 iaquintus
1943 2821 2064 2888 inclita
2078 2821 2156 2906 ipsa
2171 2840 2250 2888 mea
2264 2823 2408 2890 sortione

554 2975 785 3054 medietatem,
806 2980 922 3060 elego
938 2975 1259 3042 nominata‘mulier
1275 2975 1353 3058 ipsa
1368 2974 1439 3042 alia
1453 2992 1532 3043 mea
1547 2975 1699 3043 sortione
1714 2974 1946 3054 medietatem,
1964 2978 2000 3041 et
2014 2972 2058 3042 de
2105 3024 2404 3040 ......

554 3129 629 3196 uiro
644 3146 741 3197 meus
757 3129 844 3196 mihi
870 3128 1008 3212 legibus
1022 3127 1162 3195 evenire
1176 3125 1335 3196 debuerit
1351 3145 1414 3211 per
1430 3125 1544 3212 ipsum
1559 3144 1674 3194 meum
1691 3126 1909 3212 morgincab
1928 3126 2014 3193 mihi
2031 3126 2097 3194 suit
2120 3127 2281 3196 emissum
2299 3145 2407 3212 apre·

551 3279 642 3346 dicto
658 3278 735 3345 viro
751 3295 846 3345 meus
861 3277 930 3344 alio
945 3275 1002 3346 die
1016 3278 1135 3344 nostre
1151 3276 1391 3362 copulationis,
1411 3277 1570 3344 inclitum
1586 3277 1665 3344 illos
1680 3277 1743 3344 tibi
1759 3277 1928 3345 nominati
1946 3276 2089 3346 iohanni
2106 3277 2291 3363 presbiteri
2307 3277 2408 3346 tradi-

551 3429 614 3496 dit.
636 3429 770 3497 interea
784 3443 849 3496 nos
859 3428 1020 3513 superius
1031 3427 1201 3494 nominati
1213 3427 1388 3514 iaquintus
1400 3430 1435 3496 et
1445 3429 1586 3497 sellecte
1600 3429 1654 3495 vir
1670 3431 1705 3497 et
1716 3447 1805 3496 uxor
1819 3429 2028 3499 unanimiter
2039 3428 2183 3514 parique
2195 3446 2403 3507 consensum,

553 3599 616 3667 per
630 3579 879 3649 absolutionem
896 3571 1125 3665 suprascripti
1140 3579 1280 3649 aldecisi
1295 3579 1448 3665 genitori
1463 3581 1497 3648 et
1512 3581 1622 3650 soceri
1637 3582 1768 3660 nostre,
1788 3599 1889 3667 quam
1906 3582 1941 3650 et
1963 3599 2026 3666 per
2049 3581 2268 3666 largietatem
2292 3599 2408 3666 supra·

553 3731 658 3817 aripti
670 3731 816 3818 gloriosi
828 3729 1007 3816 principis,
1026 3749 1126 3816 quem
1143 3731 1241 3798 nobis
1253 3730 1405 3800 dandum
1418 3731 1549 3800 direxit
1560 3749 1623 3816 per
1636 3731 1738 3799 lando
1749 3731 1935 3800 castaldum
1949 3749 2046 3800 suum
2058 3750 2124 3817 que
2139 3736 2332 3814 oneratum,
2349 3752 2407 3820 per

553 3885 643 3952 hanc
665 3885 834 3952 cartulam
850 3899 951 3968 quam
969 3885 1003 3950 et
1018 3898 1082 3966 pro
1098 3882 1175 3966 ipsa
1188 3882 1403 3950 lavoratione
1419 3881 1588 3950 donamus
1605 3881 1717 3967 adque
1734 3881 1777 3950 ad
1794 3899 1931 3967 semper
1946 3882 2117 3950 abendam
2133 3885 2407 3952 confirmavimus

552 4034 616 4102 tibi
632 4033 799 4101 nominati
814 4021 960 4102 iohanni
976 4032 1156 4117 presbiteri
1173 4050 1379 4118 germanum
1395 4034 1430 4100 et
1445 4035 1656 4116 congnatum
1678 4035 1833 4101 nostrum
1856 4031 2077 4103 medietatem
2100 4037 2214 4103 cumta
2236 4037 2272 4104 et
2292 4035 2409 4104 inclita

552 4203 633 4254 casa
648 4188 683 4254 et
698 4187 804 4264 terra,
823 4185 927 4254 sicuti
941 4184 1043 4252 modo
1059 4185 1217 4252 conciata
1233 4187 1287 4253 vel
1302 4184 1463 4252 edificata
1476 4186 1580 4264 esset,
1647 4233 2020 4251 .......
2069 4185 2147 4253 illos
2162 4187 2260 4254 vobis
2274 4186 2409 4254 donari-

556 4353 631 4403 mus
647 4339 693 4414 et,
711 4338 751 4401 ut
765 4335 925 4420 superius
940 4333 1105 4414 diximus,
1124 4336 1241 4405 tamen
1257 4352 1324 4420 ego
1340 4334 1521 4402 nominata
1536 4335 1661 4403 mulier
1676 4334 1754 4403 illos
1778 4335 1842 4402 tibi
1865 4335 1991 4404 donavi
2008 4355 2071 4422 per
2086 4355 2289 4408 consensum
2307 4341 2341 4408 et
2353 4356 2408 4407 vo-

554 4489 734 4555 lumtatem
750 4487 859 4572 ipsius
873 4485 940 4553 viri
956 4486 1037 4565 mei,
1056 4487 1094 4554 in
1109 4485 1207 4554 cuius
1222 4484 1402 4552 mundium
1418 4502 1473 4552 me
1486 4485 1693 4570 palamfacio
1707 4475 1897 4565 subiacere,
1913 4504 1990 4554 cum
2008 4487 2127 4555 omnia
2141 4489 2234 4558 intro
2249 4510 2287 4559 se
2311 4493 2408 4558 aben·

555 4640 646 4706 tibus
661 4640 697 4705 et
712 4655 790 4704 cum
806 4635 988 4705 medietate
1004 4636 1162 4704 omnibus
1174 4636 1366 4704 mominina
1382 4634 1527 4720 indeque
1542 4635 1797 4722 pertinentibus
1807 4638 1841 4706 et
1853 4655 1932 4704 cum
1946 4637 2021 4706 bice
2037 4637 2079 4706 de
2091 4639 2149 4707 bia
2161 4639 2319 4708 inclitum
2334 4641 2406 4708 illos

554 4790 617 4858 tibi
630 4790 847 4868 donavimus,
857 4789 900 4856 ad
912 4789 1080 4858 securiter
1092 4791 1184 4857 hanc
1196 4790 1343 4857 firmiter
1355 4789 1477 4857 amodo
1489 4791 1523 4858 et
1534 4807 1671 4875 semper
1683 4791 1721 4858 tu
1732 4793 1932 4861 nominatus
1946 4773 2111 4860 iohannis
2125 4795 2297 4878 presbiter
2308 4811 2407 4880 quam

553 4947 589 5012 et
610 4943 680 5012 tuis
697 4943 882 5012 heredibus
897 4941 1054 5028 predicta
1068 4946 1190 5010 nostra
1204 4942 1389 5012 donatione
1405 4944 1482 5011 illut
1499 4942 1684 5023 abendum,
1702 4943 1961 5024 dominandum,
1976 4944 2221 5030 possidendum
2238 4950 2274 5015 et
2297 4946 2406 5015 omnia

553 5095 680 5166 exinde
696 5095 905 5173 iaciendum,
924 5111 991 5180 que
1008 5093 1104 5162 vobis
1119 5094 1303 5182 placuerit3
1322 5093 1412 5163 unde
1428 5093 1471 5162 de
1486 5093 1642 5179 predicta
1657 5097 1778 5164 nostra
1792 5082 1979 5165 donatione
1995 5099 2125 5166 nullam
2147 5099 2248 5167 nobis
2263 5101 2324 5169 aut
2337 5102 2404 5169 cui·

554 5265 624 5333 qua
639 5247 837 5315 hominibus
847 5245 974 5315 exinde
989 5237 1123 5313 restitit
1132 5247 1192 5312 aut
1207 5244 1353 5314 dicimus
1369 5262 1550 5314 remanere
1573 5247 1772 5315 sartionem.
1802 5249 1837 5316 et
1862 5264 1926 5332 pro
1953 5247 2225 5318 confirmandam
2252 5252 2288 5318 et
2308 5249 2407 5319 stavi-

553 5396 741 5466 liscendam
756 5399 847 5465 hanc
863 5399 984 5464 nostra
997 5365 1193 5475 donatione,
1212 5395 1336 5481 primis
1351 5396 1584 5481 inpotavimus
1598 5396 1697 5466 nobis
1713 5398 1825 5484 ipsum
1848 5400 2016 5473 levorem,
2042 5399 2162 5484 quein
2188 5401 2267 5486 ipsa
2292 5404 2404 5470 nostra

553 5551 711 5619 sortione
727 5551 852 5629 fecisti,
867 5569 970 5636 quam
983 5553 1018 5620 et
1028 5553 1126 5620 iuxta
1140 5552 1254 5637 legem
1269 5551 1448 5638 launegild
1461 5570 1482 5619 a
1494 5555 1528 5620 te
1540 5551 1621 5620 inde
1633 5553 1861 5621 communiter
1873 5554 2066 5639 recepimus
2077 5555 2276 5623 mantellum
2288 5573 2400 5623 unum.

551 5700 716 5788 finitaque
732 5717 814 5769 vero
830 5703 949 5770 nostra
963 5699 1149 5771 donatione
1164 5721 1226 5788 per
1241 5703 1442 5788 subgectum
1458 5701 1651 5786 launegild,
1670 5720 1713 5772 ea
1728 5721 1811 5772 vero
1826 5703 1960 5772 ratione
1975 5705 2196 5790 hobligamus
2209 5722 2272 5776 nos
2283 5706 2340 5794 qui
2353 5723 2404 5772 su·

552 5871 619 5940 pra
635 5853 690 5920 vir
707 5855 743 5920 et
758 5870 848 5920 uxor
864 5855 899 5920 et
913 5853 1041 5923 nostris
1058 5853 1242 5924 heredibus
1258 5854 1417 5942 predicta
1431 5858 1549 5924 nostra
1563 5855 1760 5931 donatione,
1779 5859 1817 5924 ut
1828 5856 1954 5925 dudum
1970 5856 2100 5925 dictum
2126 5859 2189 5934 est,
2224 5874 2288 5928 nos
2316 5853 2403 5924 vobis
