5216 7092
622 571 685 634 ale
1125 625 1128 634 ,
1281 548 1441 622 CODEX
1480 548 1737 622 CAVENSIS'
1835 587 1837 590 ·

576 798 707 868 iudices
723 797 878 867 coniunti
895 799 975 865 sunt
989 795 1135 863 domnus
1150 794 1319 861 iohannes
1337 792 1696 880 venerabilipontifes
1712 795 1830 861 sancte
1846 792 1938 862 sedis
1960 795 2186 876 salernitane,
2204 801 2240 864 et
2262 815 2329 864 una
2347 816 2412 866 cum

576 953 673 1021 illum
697 950 824 1019 adexet
845 951 964 1036 petrus
987 946 1093 1016 index
1117 945 1357 1014 advocatorem
1381 945 1491 1031 ipsius
1517 944 1685 1031 episcopii
1707 947 1743 1014 et
1765 945 1983 1031 guaimarius
2007 963 2120 1016 comes
2143 948 2235 1018 filius
2257 949 2412 1035 quondam

573 1105 735 1192 guaiferi,
753 1104 812 1190 qui
828 1081 1018 1188 imperatus
1034 1102 1193 1181 vocabat,
1211 1103 1247 1168 et
1263 1099 1455 1186 guaiferius
1470 1116 1584 1168 comes
1599 1099 1693 1167 filius
1708 1098 1880 1186 quondam
1898 1101 2087 1186 guaimari,
2105 1050 2248 1188 propter
2264 1104 2359 1171 rebus
2377 1103 2413 1172 de

571 1259 747 1330 tussciano
762 1259 852 1325 ulter
868 1257 1011 1324 flubium
1027 1254 1234 1333 tuscianum,
1250 1253 1341 1320 unde
1358 1253 1428 1320 iam
1452 1254 1534 1320 ante
1556 1269 1594 1322 os
1616 1251 1691 1320 dies
1714 1253 1782 1338 ipsi
1805 1253 2024 1322 commitibus
2047 1272 2125 1323 cum
2149 1253 2263 1341 ipsum
2285 1255 2413 1324 domnus

572 1411 755 1496 episcopus
770 1409 1013 1487 causaberunt,
1032 1408 1071 1474 ut
1086 1405 1285 1473 hominibus
1301 1403 1411 1489 ipsius
1425 1403 1594 1490 episcopii
1610 1406 1701 1473 malo
1717 1403 1863 1473 hordine
1879 1405 2082 1473 introissent
2104 1405 2142 1472 in
2163 1405 2268 1474 rebus
2290 1407 2411 1475 illorum

571 1562 614 1630 de
628 1562 757 1629 finibus
772 1561 931 1630 tusciano
947 1579 1010 1646 per
1027 1578 1065 1627 as
1080 1559 1186 1628 fines:
1207 1575 1250 1625 av
1266 1556 1412 1637 oriente,
1431 1557 1521 1626 sicut
1535 1556 1690 1626 decurrit
1705 1577 1795 1644 aqua
1817 1577 1884 1644 que
1905 1557 2034 1627 dicitur
2056 1560 2257 1647 pedoclosa:
2275 1581 2317 1630 av
2337 1565 2413 1632 occi-

570 1714 673 1783 dente
689 1715 760 1782 flne
773 1714 831 1781 hia
852 1731 919 1800 que
942 1712 1120 1780 descendit
1135 1729 1156 1778 a
1171 1728 1288 1778 mare:
1306 1729 1327 1777 a
1343 1711 1628 1796 septemtrionale
1645 1711 1715 1779 fine
1729 1711 1802 1778 alia
1825 1711 1894 1792 bia,
1912 1714 1972 1798 qui
1996 1714 2092 1782 venit
2113 1733 2134 1782 a
2156 1717 2260 1800 ponte
2282 1715 2411 1801 predicti

570 1867 735 1946 fluminio,
754 1867 813 1936 ubi
839 1865 990 1934 reseduit
1011 1864 1113 1932 strati
1137 1863 1196 1948 qui
1219 1863 1285 1930 fuit
1300 1865 1438 1933 serbum
1452 1882 1541 1930 vone
1556 1864 1723 1932 memorie
1738 1863 1856 1932 domni
1873 1865 2002 1950 gisolfi,
2020 1866 2054 1933 et
2069 1865 2240 1950 quomodo
2256 1867 2412 1936 trabersat

570 2020 727 2106 predicta
750 2017 953 2104 pedoclosa:
979 2035 1001 2084 a
1023 2016 1167 2094 meridie
1189 2032 1272 2084 vero
1292 2016 1365 2098 ,fine
1387 2016 1467 2094 bia,
1493 2016 1552 2102 qui
1575 2015 1672 2084 badit
1693 2017 1788 2085 circa
1810 2035 1922 2096 mare,
1948 2020 1983 2086 et
2005 2019 2101 2088 fobee
2124 2019 2172 2085 ibi
2195 2019 2361 2098 fecissent,
2382 2023 2411 2087 et

570 2171 723 2239 frudium
747 2170 827 2240 inde
849 2169 985 2238 tulisset
1007 2172 1041 2239 et
1063 2173 1165 2237 rebus
1181 2171 1257 2253 ipsa
1272 2169 1412 2236 illorum
1429 2169 1630 2236 contrasset.
1650 2168 1724 2253 ipse
1739 2167 1886 2236 domnus
1907 2169 2089 2255 episcopus
2103 2169 2254 2249 dixerat,
2273 2172 2310 2238 ut
2323 2172 2412 2239 rebus

569 2323 646 2410 ipsa
661 2323 714 2390 sui
731 2322 899 2410 episcopii
923 2324 1037 2390 essent
1059 2326 1093 2391 et
1116 2321 1287 2388 rationem
1310 2319 1392 2387 inde
1415 2321 1535 2389 abere:
1554 2320 1632 2414 ipsi
1644 2321 1826 2388 comitibus
1842 2320 2005 2388 similiter
2020 2321 2195 2401 dixerant,
2210 2325 2248 2390 ut
2263 2323 2306 2391 de
2320 2324 2410 2390 rebus

569 2475 645 2560 ipsa
667 2493 729 2561 per
753 2477 829 2560 ipse
852 2474 933 2542 finis
956 2474 1127 2540 rationem
1151 2473 1302 2550 aberent,
1322 2470 1491 2556 quomodo
1513 2470 1652 2539 illorum
1670 2474 1785 2539 essent
1801 2472 2027 2559 pertinentes3
2044 2475 2079 2542 et
2093 2473 2167 2558 ipse
2182 2477 2302 2559 petrus
2317 2472 2410 2541 iudex

569 2643 633 2712 pro
658 2626 733 2693 bico
756 2625 865 2711 ipsius
888 2623 1055 2710 episcopii
1080 2643 1158 2690 cum
1184 2623 1271 2708 ipsis
1294 2613 1513 2690 commitibus¹
1534 2621 1693 2706 guadiati
1709 2623 1859 2702 fuerunt,
1879 2627 1918 2690 ut
1933 2623 2009 2709 ipse
2024 2629 2141 2709 petrus
2157 2626 2262 2694 iudex
2279 2626 2411 2710 plicaret

566 2776 758 2854 rationem,
785 2775 874 2861 quod
898 2794 978 2860 pars
1001 2776 1110 2861 ipsius
1132 2774 1299 2860 episcopii
1322 2773 1448 2842 exinde
1470 2775 1572 2882 abet,
1599 2775 1634 2840 et
1657 2775 1724 2858 ipsi
1748 2775 1929 2842 comitibus
1953 2776 2101 2861 plicaret
2131 2776 2292 2844 similiter
2325 2791 2410 2842 suam

566 2931 759 3011 rationem,
786 2933 822 2998 et
843 2929 1029 2999 secundum
1052 2885 1233 3014 legemde
1257 2930 1361 2997 rebus
1384 2929 1460 3014 ipsa
1483 2947 1546 3014 per
1569 2929 1665 3014 ipsas
1688 2929 1777 2998 fines
1793 2931 1892 3044 ‘inter
1925 2948 1962 2998 se
1996 2931 2099 2998 finem
2135 2932 2297 2999 facerent.
2322 2927 2410 2995 modo

567 3084 707 3168 quidem
730 3084 804 3170 ipse
825 3081 972 3150 domnus
995 3083 1178 3168 episcopus
1201 3081 1334 3166 etipse
1358 3099 1422 3150 suo
1446 3079 1703 3160 advocatorem,
1721 3084 1756 3150 et
1778 3083 1847 3167 ipsi
1870 3083 2066 3162 comitibus
2092 3083 2182 3150 sicut
2204 3081 2329 3149 dictum
2350 3080 2405 3154 est,

435 3297 440 3302 .
565 3242 646 3308 ante
669 3256 731 3306 nos
753 3240 834 3308 sunt
857 3237 1010 3319 coniunti
1034 3238 1077 3304 de
1100 3237 1204 3304 rebus
1227 3236 1306 3322 ipsa
1327 3238 1432 3305 finem
1453 3235 1661 3323 faciendum3
1679 3238 1714 3304 et
1736 3237 1853 3305 statim
1869 3255 1932 3322 per
1948 3237 2062 3321 ipsum
2080 3237 2225 3304 domnus
2241 3237 2408 3322 episcopus

471 3457 476 3468 ,
565 3396 600 3460 et
622 3392 779 3479 predicto
802 3408 864 3459 suo
888 3390 1134 3459 advocatorem.
1154 3392 1318 3458 hostensa
1341 3396 1395 3457 est
1417 3406 1488 3457 uua
1511 3392 1667 3468 cartula,
1693 3391 1728 3458 et
1750 3408 1814 3476 per
1836 3390 1904 3474 ipsi
1928 3389 2070 3458 comites
2104 3391 2241 3457 ostensa
2272 3389 2321 3456 est
2348 3384 2411 3454 alia

566 3543 713 3612 cartula.
732 3543 808 3627 ipsa
830 3543 975 3619 cartula,
994 3559 1095 3627 quam
1120 3541 1195 3626 ipse
1217 3541 1363 3608 domnus
1386 3542 1568 3626 episcopus
1591 3561 1669 3609 cum
1694 3543 1770 3628 ipso
1793 3561 1891 3610 suum
1910 3541 2154 3610 advocatorem
2170 3541 2325 3618 hostedit,
2341 3553 2411 3604 con-

569 3694 720 3761 tinebat:
739 3709 832 3759 anno
854 3679 1121 3778 quadragesimo
1144 3691 1266 3778 quinto
1289 3692 1510 3778 principatus
1532 3689 1650 3760 domni
1666 3693 1783 3778 gisolfi
1798 3691 1979 3779 principis,
1997 3694 2033 3760 et
2048 3694 2173 3777 quarto
2188 3711 2279 3760 anno
2294 3687 2408 3777 princi·

564 3849 668 3934 patus
689 3845 815 3913 domne
838 3863 977 3931 gemme
1001 3847 1101 3913 uxori
1125 3847 1199 3914 eius
1222 3848 1257 3914 et
1278 3846 1468 3932 supradicti
1492 3845 1610 3913 domni
1639 3845 1779 3932 paldolll
1812 3846 1983 3932 principis
2017 3847 2137 3930 optato
2171 3846 2244 3914 illio
2279 3859 2405 3916 eorum,

564 4017 681 4067 mense
704 3997 891 4066 nobember
915 4002 1016 4066 senta
1030 3998 1231 4066 indictione.
1251 3998 1319 4084 ipsi
1335 3965 1524 4084 supradicti
1539 3997 1686 4067 domnus
1702 3999 1849 4084 gisolfus
1864 4001 1898 4065 et
1912 3997 2039 4065 domna
2054 4017 2192 4084 gemma
2215 3992 2407 4068 offeruerant

563 4149 729 4218 iamdicto
752 4149 928 4235 episcopio
951 4151 1056 4217 terris
1078 4151 1114 4218 et
1129 4151 1220 4218 casis
1236 4151 1365 4218 frabite
1380 4151 1416 4218 et
1430 4151 1596 4234 lingnitie
1618 4150 1661 4218 de
1685 4151 1779 4218 intus
1801 4153 1892 4218 hanc
1906 4151 2047 4219 cibitate
2061 4153 2179 4218 subtus
2194 4153 2296 4236 porta
2309 4148 2408 4215 roten·

562 4320 601 4370 se
623 4320 687 4388 per
710 4301 791 4369 finis
813 4305 848 4370 et
871 4302 1093 4372 medietatem
1117 4305 1220 4372 rebus
1243 4305 1383 4371 illorum
1415 4289 1461 4370 ¹de
1494 4304 1685 4370 dulicaria:
1704 4303 1874 4388 simulque
1907 4305 1942 4371 et
1972 4303 2179 4370 offeruerant
2204 4303 2241 4369 in
2264 4295 2407 4370 iamdicto

561 4452 738 4538 episcopio
761 4453 804 4520 de
827 4455 932 4522 rebus
954 4472 1016 4522 sua
1038 4453 1084 4520 da
1113 4454 1218 4521 dubio
1241 4456 1318 4540 ipso
1341 4455 1497 4542 tusciano
1521 4473 1627 4541 usque
1658 4454 1701 4522 ad
1737 4473 1828 4541 aqua
1860 4454 1904 4521 de
1933 4455 2071 4522 laneum
2101 4473 2164 4541 per
2197 4473 2238 4522 as
2271 4455 2409 4522 finesza

563 4604 722 4688 partibus
745 4604 931 4672 occidentis
952 4606 1020 4674 fine
1043 4606 1119 4690 ipso
1142 4607 1247 4682 dubio
1271 4607 1447 4675 tusciano:
1467 4625 1488 4673 a
1510 4606 1655 4674 meridie
1671 4606 1741 4674 fine
1758 4624 1874 4674 mare:
1893 4607 1936 4672 ab
1953 4607 2084 4676 oriente
2104 4605 2173 4674 fine
2188 4625 2278 4694 aqua
2290 4605 2328 4674 de
2342 4603 2405 4688 ips⁰

563 4757 683 4824 laneo:
703 4772 724 4820 a
740 4757 899 4840 partibus
913 4757 1206 4841 septemtrionalis
1222 4760 1292 4827 fine
1308 4759 1417 4846 ipsius
1432 4758 1557 4827 domne
1573 4778 1722 4844 gemme,
1741 4759 1832 4846 quod
1849 4762 1881 4828 ei
1896 4761 2016 4829 datum
2032 4761 2097 4829 fuit
2111 4779 2175 4848 per
2193 4763 2357 4830 cartulam
2371 4750 2407 4820 da

562 4909 741 4977 adenolfus
764 4909 964 4989 castaldus,
991 4912 1049 4995 qui
1072 4913 1143 4978 riso
1166 4915 1330 4992 vocatur,
1355 4914 1429 4981 filio
1451 4914 1637 4982 landenolfi
1659 4915 1789 4994 comiti,
1816 4892 2108 5000 ct'coniungente
2142 4915 2178 4980 in
2210 4915 2287 5001 ipso
2315 4906 2400 4978 lubio

560 5063 733 5131 tusciano.
754 5061 848 5130 infra
869 5063 944 5148 ipse
959 5063 1040 5131 finis
1054 5065 1255 5132 nomuatibe
1271 5068 1342 5134 sale
1358 5068 1393 5133 et
1408 5067 1516 5136 cassis
1532 5066 1668 5137 frabitis
1683 5069 1718 5134 et
1733 5068 1838 5135 terris
1854 5085 1930 5133 cum
1947 5067 2060 5135 vineis
2076 5069 2111 5134 et
2125 5068 2245 5134 omnia
2258 5065 2402 5153 quantum

558 5219 756 5301 quantoque
780 5216 875 5283 infra
898 5213 972 5301 ipse
993 5214 1074 5282 finis
1096 5215 1411 5303 quomodocumque
1434 5237 1497 5304 per
1520 5221 1768 5305 qualecumque
1792 5219 1929 5288 ratione
1952 5237 2072 5288 eorum
2108 5219 2172 5288 fuit
2205 5213 2399 5305 pertinentes

537 5377 542 5385 ·
562 5368 678 5446 abere,
697 5369 732 5433 et
747 5368 822 5433 erat
836 5367 896 5433 aut
912 5365 1027 5445 fuerit,
1047 5384 1125 5432 cum
1142 5366 1259 5432 omnia
1274 5367 1367 5434 intro
1383 5368 1628 5448 scabentibus,
1646 5369 1681 5436 et
1699 5369 1771 5437 suis
1787 5367 2012 5454 pertinentiis
2034 5371 2070 5437 et
2092 5387 2171 5436 cum
2194 5370 2270 5438 bice
2290 5368 2328 5437 de
2345 5355 2399 5428 biis

558 5518 632 5585 suis
647 5518 685 5586 in
700 5517 775 5602 ipso
791 5519 966 5604 episcopio
981 5519 1211 5606 offerrrerant3
1228 5521 1262 5589 et
1288 5521 1404 5590 cetera
1431 5519 1468 5587 in
1494 5521 1615 5591 eadem
1642 5524 1774 5590 cartula
1801 5524 2011 5592 continebat:
2030 5525 2161 5610 scripta
2186 5520 2399 5602 caruaninse

428 5715 433 5725 x
559 5689 623 5758 per
647 5673 766 5754 petrus
788 5671 954 5740 notarius.
974 5673 1053 5757 ipsa
1074 5675 1223 5754 cartula,
1241 5692 1345 5761 quam
1372 5675 1440 5760 ipsi
1462 5675 1645 5744 comitibus
1666 5676 1900 5757 hostederunt,
1918 5678 2135 5746 continebat:
2152 5673 2397 5765 quadragesimo

561 5825 712 5896 secundo
736 5803 1069 5926 annopri'ncipatus
1102 5827 1230 5896 exdicti
1263 5827 1382 5896 domni
1405 5829 1521 5915 gisolfi
1543 5829 1734 5916 principis,
1761 5849 1879 5900 mense
1914 5831 2052 5910 iunius,
2077 5831 2228 5900 secunda
2261 5820 2405 5901 indictio·

2569 5770 2585 5894 l
