<?xml version="1.0" encoding="UTF-8"?>
<!DOCTYPE html PUBLIC "-//W3C//DTD XHTML 1.0 Transitional//EN"
    "http://www.w3.org/TR/xhtml1/DTD/xhtml1-transitional.dtd">
<html xmlns="http://www.w3.org/1999/xhtml" xml:lang="en" lang="en">
 <head>
  <title>
</title>
<meta http-equiv="Content-Type" content="text/html;charset=utf-8" />
  <meta name='ocr-system' content='tesseract 3.04.00' />
  <meta name='ocr-capabilities' content='ocr_page ocr_carea ocr_par ocr_line ocrx_word'/>
</head>
<body>
  <div class='ocr_page' id='page_1' title='image "./codexdiplomatic07aragoog_0395.png"; bbox 0 0 5252 7102; ppageno 0'>
   <div class='ocr_carea' id='block_1_1' title="bbox 560 559 1663 639">
    <p class='ocr_par' dir='ltr' id='par_1_1' title="bbox 560 559 1663 639">
     <span class='ocr_line' id='line_1_1' title="bbox 560 559 1663 639; baseline -0.006 -2"><span class='ocrx_word' id='word_1_1' title='bbox 560 577 621 639; x_wconf 77' lang='lat' dir='ltr'>aab</span> <span class='ocrx_word' id='word_1_2' title='bbox 1226 559 1389 633; x_wconf 79' lang='lat' dir='ltr'>donax</span> <span class='ocrx_word' id='word_1_3' title='bbox 1429 559 1663 632; x_wconf 76' lang='lat' dir='ltr'>CAVENSIS</span> 
     </span>
    </p>
   </div>
   <div class='ocr_carea' id='block_1_2' title="bbox 500 802 2393 4410">
    <p class='ocr_par' dir='ltr' id='par_1_2' title="bbox 500 802 2393 4410">
     <span class='ocr_line' id='line_1_2' title="bbox 523 802 2381 892; baseline -0.001 -18"><span class='ocrx_word' id='word_1_4' title='bbox 523 808 638 892; x_wconf 87' lang='lat' dir='ltr'>ipsum</span> <span class='ocrx_word' id='word_1_5' title='bbox 654 808 810 874; x_wconf 91' lang='lat' dir='ltr'>nostrum</span> <span class='ocrx_word' id='word_1_6' title='bbox 827 805 1168 891; x_wconf 88' lang='lat' dir='ltr'>archiepiscopatum</span> <span class='ocrx_word' id='word_1_7' title='bbox 1191 802 1309 872; x_wconf 90' lang='lat' dir='ltr'>datum</span> <span class='ocrx_word' id='word_1_8' title='bbox 1332 805 1386 873; x_wconf 91' lang='lat' dir='ltr'>est</span> <span class='ocrx_word' id='word_1_9' title='bbox 1408 821 1472 889; x_wconf 90' lang='lat' dir='ltr'>per</span> <span class='ocrx_word' id='word_1_10' title='bbox 1488 802 1716 873; x_wconf 90' lang='lat' dir='ltr'>odelmannus</span> <span class='ocrx_word' id='word_1_11' title='bbox 1732 804 1882 884; x_wconf 80' lang='lat' dir='ltr'>aurifex,</span> <span class='ocrx_word' id='word_1_12' title='bbox 1908 807 1943 873; x_wconf 88' lang='lat' dir='ltr'>et</span> <span class='ocrx_word' id='word_1_13' title='bbox 1966 806 2184 873; x_wconf 89' lang='lat' dir='ltr'>bolueramus</span> <span class='ocrx_word' id='word_1_14' title='bbox 2201 805 2280 872; x_wconf 89' lang='lat' dir='ltr'>illut</span> <span class='ocrx_word' id='word_1_15' title='bbox 2296 803 2381 874; x_wconf 87' lang='lat' dir='ltr'>dare</span> 
     </span>
     <span class='ocr_line' id='line_1_3' title="bbox 521 953 2381 1041; baseline 0.002 -19"><span class='ocrx_word' id='word_1_16' title='bbox 521 956 789 1024; x_wconf 79' lang='lat' dir='ltr'><strong>conmutationis</strong></span> <span class='ocrx_word' id='word_1_17' title='bbox 813 955 960 1025; x_wconf 83' lang='lat' dir='ltr'>hordine</span> <span class='ocrx_word' id='word_1_18' title='bbox 982 957 1017 1025; x_wconf 91' lang='lat' dir='ltr'>et</span> <span class='ocrx_word' id='word_1_19' title='bbox 1040 955 1188 1041; x_wconf 89' lang='lat' dir='ltr'>abcepta</span> <span class='ocrx_word' id='word_1_20' title='bbox 1211 953 1339 1023; x_wconf 84' lang='lat' dir='ltr'>exinde</span> <span class='ocrx_word' id='word_1_21' title='bbox 1362 957 1456 1024; x_wconf 86' lang='lat' dir='ltr'>terra</span> <span class='ocrx_word' id='word_1_22' title='bbox 1480 955 1661 1024; x_wconf 88' lang='lat' dir='ltr'>arbustata</span> <span class='ocrx_word' id='word_1_23' title='bbox 1683 954 1721 1023; x_wconf 93' lang='lat' dir='ltr'>in</span> <span class='ocrx_word' id='word_1_24' title='bbox 1745 957 1858 1024; x_wconf 91' lang='lat' dir='ltr'>locum</span> <span class='ocrx_word' id='word_1_25' title='bbox 1892 956 2076 1024; x_wconf 87' lang='lat' dir='ltr'>mitiliano.</span> <span class='ocrx_word' id='word_1_26' title='bbox 2101 959 2136 1025; x_wconf 90' lang='lat' dir='ltr'>et</span> <span class='ocrx_word' id='word_1_27' title='bbox 2166 955 2249 1026; x_wconf 91' lang='lat' dir='ltr'>dum</span> <span class='ocrx_word' id='word_1_28' title='bbox 2279 974 2381 1026; x_wconf 89' lang='lat' dir='ltr'>causa</span> 
     </span>
     <span class='ocr_line' id='line_1_4' title="bbox 520 1105 2380 1196; baseline -0.001 -21"><span class='ocrx_word' id='word_1_29' title='bbox 520 1107 587 1176; x_wconf 90' lang='lat' dir='ltr'>ista</span> <span class='ocrx_word' id='word_1_30' title='bbox 610 1127 673 1195; x_wconf 92' lang='lat' dir='ltr'>per</span> <span class='ocrx_word' id='word_1_31' title='bbox 696 1110 814 1194; x_wconf 90' lang='lat' dir='ltr'>plures</span> <span class='ocrx_word' id='word_1_32' title='bbox 837 1107 1093 1194; x_wconf 85' lang='lat' dir='ltr'>dibulgavimus</span> <span class='ocrx_word' id='word_1_33' title='bbox 1115 1109 1151 1176; x_wconf 90' lang='lat' dir='ltr'>et</span> <span class='ocrx_word' id='word_1_34' title='bbox 1172 1105 1539 1196; x_wconf 16' lang='lat' dir='ltr'>dibulgareuiecimus,</span> <span class='ocrx_word' id='word_1_35' title='bbox 1564 1124 1666 1174; x_wconf 91' lang='lat' dir='ltr'>nemo</span> <span class='ocrx_word' id='word_1_36' title='bbox 1691 1107 1885 1177; x_wconf 82' lang='lat' dir='ltr'>invenimus</span> <span class='ocrx_word' id='word_1_37' title='bbox 1909 1108 1968 1194; x_wconf 91' lang='lat' dir='ltr'>qui</span> <span class='ocrx_word' id='word_1_38' title='bbox 1998 1109 2083 1177; x_wconf 89' lang='lat' dir='ltr'>talia</span> <span class='ocrx_word' id='word_1_39' title='bbox 2115 1109 2228 1175; x_wconf 85' lang='lat' dir='ltr'>lacere</span> <span class='ocrx_word' id='word_1_40' title='bbox 2252 1109 2380 1177; x_wconf 88' lang='lat' dir='ltr'>bolere.</span> 
     </span>
     <span class='ocr_line' id='line_1_5' title="bbox 519 1258 2385 1346; baseline 0 -20"><span class='ocrx_word' id='word_1_41' title='bbox 519 1260 713 1330; x_wconf 89' lang='lat' dir='ltr'>nobisseme</span> <span class='ocrx_word' id='word_1_42' title='bbox 736 1263 851 1328; x_wconf 89' lang='lat' dir='ltr'>autern</span> <span class='ocrx_word' id='word_1_43' title='bbox 876 1261 971 1330; x_wconf 80' lang='lat' dir='ltr'>benit</span> <span class='ocrx_word' id='word_1_44' title='bbox 995 1259 1038 1328; x_wconf 89' lang='lat' dir='ltr'>ad</span> <span class='ocrx_word' id='word_1_45' title='bbox 1062 1278 1126 1328; x_wconf 89' lang='lat' dir='ltr'>nos</span> <span class='ocrx_word' id='word_1_46' title='bbox 1149 1259 1371 1345; x_wconf 89' lang='lat' dir='ltr'>supradictus</span> <span class='ocrx_word' id='word_1_47' title='bbox 1394 1260 1564 1328; x_wconf 89' lang='lat' dir='ltr'>iohannes</span> <span class='ocrx_word' id='word_1_48' title='bbox 1581 1259 1778 1330; x_wconf 89' lang='lat' dir='ltr'>atrianense</span> <span class='ocrx_word' id='word_1_49' title='bbox 1793 1260 1886 1328; x_wconf 90' lang='lat' dir='ltr'>filius</span> <span class='ocrx_word' id='word_1_50' title='bbox 1901 1259 2058 1328; x_wconf 90' lang='lat' dir='ltr'>iamdicti</span> <span class='ocrx_word' id='word_1_51' title='bbox 2081 1259 2177 1346; x_wconf 83' lang='lat' dir='ltr'>gucti</span> <span class='ocrx_word' id='word_1_52' title='bbox 2199 1258 2260 1345; x_wconf 92' lang='lat' dir='ltr'>qui</span> <span class='ocrx_word' id='word_1_53' title='bbox 2283 1258 2385 1327; x_wconf 90' lang='lat' dir='ltr'>dissit</span> 
     </span>
     <span class='ocr_line' id='line_1_6' title="bbox 518 1410 2387 1498; baseline 0.001 -20"><span class='ocrx_word' id='word_1_54' title='bbox 518 1412 632 1498; x_wconf 85' lang='lat' dir='ltr'>nobis3</span> <span class='ocrx_word' id='word_1_55' title='bbox 650 1413 680 1482; x_wconf 90' lang='lat' dir='ltr'>si</span> <span class='ocrx_word' id='word_1_56' title='bbox 695 1428 758 1494; x_wconf 91' lang='lat' dir='ltr'>per</span> <span class='ocrx_word' id='word_1_57' title='bbox 782 1429 907 1480; x_wconf 89' lang='lat' dir='ltr'>vonam</span> <span class='ocrx_word' id='word_1_58' title='bbox 931 1412 1209 1480; x_wconf 89' lang='lat' dir='ltr'>conbenientiam</span> <span class='ocrx_word' id='word_1_59' title='bbox 1232 1411 1503 1480; x_wconf 81' lang='lat' dir='ltr'>conmutationis</span> <span class='ocrx_word' id='word_1_60' title='bbox 1527 1411 1675 1480; x_wconf 91' lang='lat' dir='ltr'>hordine</span> <span class='ocrx_word' id='word_1_61' title='bbox 1697 1410 1895 1480; x_wconf 86' lang='lat' dir='ltr'>dederimus</span> <span class='ocrx_word' id='word_1_62' title='bbox 1918 1412 1951 1480; x_wconf 93' lang='lat' dir='ltr'>ei</span> <span class='ocrx_word' id='word_1_63' title='bbox 1975 1410 2133 1498; x_wconf 87' lang='lat' dir='ltr'>predicta</span> <span class='ocrx_word' id='word_1_64' title='bbox 2155 1413 2253 1479; x_wconf 88' lang='lat' dir='ltr'>terra</span> <span class='ocrx_word' id='word_1_65' title='bbox 2276 1410 2387 1496; x_wconf 87' lang='lat' dir='ltr'>ipsius</span> 
     </span>
     <span class='ocr_line' id='line_1_7' title="bbox 521 1565 2385 1653; baseline 0.001 -19"><span class='ocrx_word' id='word_1_66' title='bbox 521 1566 634 1635; x_wconf 88' lang='lat' dir='ltr'>nostri</span> <span class='ocrx_word' id='word_1_67' title='bbox 659 1567 941 1652; x_wconf 84' lang='lat' dir='ltr'>archiepiscopii,</span> <span class='ocrx_word' id='word_1_68' title='bbox 969 1567 1029 1634; x_wconf 91' lang='lat' dir='ltr'>ille</span> <span class='ocrx_word' id='word_1_69' title='bbox 1051 1569 1167 1635; x_wconf 88' lang='lat' dir='ltr'>autern</span> <span class='ocrx_word' id='word_1_70' title='bbox 1191 1566 1276 1636; x_wconf 91' lang='lat' dir='ltr'>dare</span> <span class='ocrx_word' id='word_1_71' title='bbox 1298 1567 1425 1637; x_wconf 86' lang='lat' dir='ltr'>exinde</span> <span class='ocrx_word' id='word_1_72' title='bbox 1447 1567 1548 1635; x_wconf 92' lang='lat' dir='ltr'>nobis</span> <span class='ocrx_word' id='word_1_73' title='bbox 1571 1566 1775 1653; x_wconf 87' lang='lat' dir='ltr'>supradicta</span> <span class='ocrx_word' id='word_1_74' title='bbox 1791 1569 1886 1637; x_wconf 89' lang='lat' dir='ltr'>terra</span> <span class='ocrx_word' id='word_1_75' title='bbox 1909 1585 1974 1636; x_wconf 89' lang='lat' dir='ltr'>sua</span> <span class='ocrx_word' id='word_1_76' title='bbox 1997 1584 2075 1635; x_wconf 92' lang='lat' dir='ltr'>cum</span> <span class='ocrx_word' id='word_1_77' title='bbox 2097 1567 2238 1634; x_wconf 88' lang='lat' dir='ltr'>arbusto</span> <span class='ocrx_word' id='word_1_78' title='bbox 2254 1566 2292 1633; x_wconf 93' lang='lat' dir='ltr'>in</span> <span class='ocrx_word' id='word_1_79' title='bbox 2308 1565 2385 1652; x_wconf 88' lang='lat' dir='ltr'>ipso</span> 
     </span>
     <span class='ocr_line' id='line_1_8' title="bbox 520 1718 2385 1808; baseline -0.001 -22"><span class='ocrx_word' id='word_1_80' title='bbox 520 1722 633 1788; x_wconf 89' lang='lat' dir='ltr'>locum</span> <span class='ocrx_word' id='word_1_81' title='bbox 656 1720 831 1788; x_wconf 89' lang='lat' dir='ltr'>mitiliano</span> <span class='ocrx_word' id='word_1_82' title='bbox 855 1739 875 1787; x_wconf 92' lang='lat' dir='ltr'>a</span> <span class='ocrx_word' id='word_1_83' title='bbox 899 1724 1020 1789; x_wconf 85' lang='lat' dir='ltr'>subtus</span> <span class='ocrx_word' id='word_1_84' title='bbox 1043 1722 1192 1790; x_wconf 89' lang='lat' dir='ltr'>eeclesia</span> <span class='ocrx_word' id='word_1_85' title='bbox 1214 1721 1327 1789; x_wconf 89' lang='lat' dir='ltr'>sancti</span> <span class='ocrx_word' id='word_1_86' title='bbox 1351 1723 1459 1792; x_wconf 82' lang='lat' dir='ltr'>cesari</span> <span class='ocrx_word' id='word_1_87' title='bbox 1477 1722 1693 1808; x_wconf 84' lang='lat' dir='ltr'>pertinentes</span> <span class='ocrx_word' id='word_1_88' title='bbox 1709 1720 1864 1788; x_wconf 89' lang='lat' dir='ltr'>iamdicti</span> <span class='ocrx_word' id='word_1_89' title='bbox 1887 1721 1998 1789; x_wconf 89' lang='lat' dir='ltr'>nostri</span> <span class='ocrx_word' id='word_1_90' title='bbox 2020 1718 2302 1804; x_wconf 88' lang='lat' dir='ltr'>archiepiscopii.</span> <span class='ocrx_word' id='word_1_91' title='bbox 2320 1735 2385 1787; x_wconf 91' lang='lat' dir='ltr'>nos</span> 
     </span>
     <span class='ocr_line' id='line_1_9' title="bbox 521 1871 2385 1962; baseline 0 -24"><span class='ocrx_word' id='word_1_92' title='bbox 521 1875 635 1938; x_wconf 89' lang='lat' dir='ltr'>autem</span> <span class='ocrx_word' id='word_1_93' title='bbox 661 1873 746 1940; x_wconf 89' lang='lat' dir='ltr'>talia</span> <span class='ocrx_word' id='word_1_94' title='bbox 769 1872 950 1942; x_wconf 84' lang='lat' dir='ltr'>audientes</span> <span class='ocrx_word' id='word_1_95' title='bbox 974 1873 1127 1960; x_wconf 84' lang='lat' dir='ltr'>cepimus</span> <span class='ocrx_word' id='word_1_96' title='bbox 1150 1873 1276 1942; x_wconf 82' lang='lat' dir='ltr'>exinde</span> <span class='ocrx_word' id='word_1_97' title='bbox 1299 1877 1401 1943; x_wconf 88' lang='lat' dir='ltr'>abere</span> <span class='ocrx_word' id='word_1_98' title='bbox 1426 1875 1636 1962; x_wconf 88' lang='lat' dir='ltr'>colloquium</span> <span class='ocrx_word' id='word_1_99' title='bbox 1659 1891 1737 1942; x_wconf 89' lang='lat' dir='ltr'>cum</span> <span class='ocrx_word' id='word_1_100' title='bbox 1762 1871 1960 1941; x_wconf 82' lang='lat' dir='ltr'>romoaldus</span> <span class='ocrx_word' id='word_1_101' title='bbox 1984 1871 2141 1940; x_wconf 88' lang='lat' dir='ltr'>notarius</span> <span class='ocrx_word' id='word_1_102' title='bbox 2156 1873 2385 1956; x_wconf 88' lang='lat' dir='ltr'>nostrumque</span> 
     </span>
     <span class='ocr_line' id='line_1_10' title="bbox 500 1983 2384 2114; baseline 0.002 -24"><span class='ocrx_word' id='word_1_103' title='bbox 500 1983 764 2094; x_wconf 34' lang='lat' dir='ltr'>‘adbocatorem</span> <span class='ocrx_word' id='word_1_104' title='bbox 789 2028 822 2092; x_wconf 87' lang='lat' dir='ltr'>et</span> <span class='ocrx_word' id='word_1_105' title='bbox 845 2043 924 2093; x_wconf 85' lang='lat' dir='ltr'>curn</span> <span class='ocrx_word' id='word_1_106' title='bbox 947 2029 1059 2096; x_wconf 89' lang='lat' dir='ltr'>cleros</span> <span class='ocrx_word' id='word_1_107' title='bbox 1081 2031 1271 2096; x_wconf 90' lang='lat' dir='ltr'>honoratos</span> <span class='ocrx_word' id='word_1_108' title='bbox 1293 2027 1404 2097; x_wconf 90' lang='lat' dir='ltr'>nostri</span> <span class='ocrx_word' id='word_1_109' title='bbox 1428 2028 1705 2114; x_wconf 89' lang='lat' dir='ltr'>archiepiscopii.</span> <span class='ocrx_word' id='word_1_110' title='bbox 1732 2026 1819 2094; x_wconf 91' lang='lat' dir='ltr'>inito</span> <span class='ocrx_word' id='word_1_111' title='bbox 1843 2025 2000 2104; x_wconf 90' lang='lat' dir='ltr'>consilio,</span> <span class='ocrx_word' id='word_1_112' title='bbox 2018 2026 2203 2110; x_wconf 85' lang='lat' dir='ltr'>conparuit</span> <span class='ocrx_word' id='word_1_113' title='bbox 2225 2025 2384 2094; x_wconf 86' lang='lat' dir='ltr'>omnibus</span> 
     </span>
     <span class='ocr_line' id='line_1_11' title="bbox 522 2178 2385 2268; baseline 0.001 -23"><span class='ocrx_word' id='word_1_114' title='bbox 522 2179 622 2246; x_wconf 91' lang='lat' dir='ltr'>nobis</span> <span class='ocrx_word' id='word_1_115' title='bbox 637 2181 722 2248; x_wconf 88' lang='lat' dir='ltr'>talia</span> <span class='ocrx_word' id='word_1_116' title='bbox 737 2181 943 2262; x_wconf 83' lang='lat' dir='ltr'>faciendum,</span> <span class='ocrx_word' id='word_1_117' title='bbox 959 2185 1005 2262; x_wconf 89' lang='lat' dir='ltr'>et,</span> <span class='ocrx_word' id='word_1_118' title='bbox 1020 2185 1058 2250; x_wconf 88' lang='lat' dir='ltr'>ut</span> <span class='ocrx_word' id='word_1_119' title='bbox 1082 2182 1350 2268; x_wconf 88' lang='lat' dir='ltr'>prebideremus,</span> <span class='ocrx_word' id='word_1_120' title='bbox 1369 2183 1400 2250; x_wconf 87' lang='lat' dir='ltr'>si</span> <span class='ocrx_word' id='word_1_121' title='bbox 1417 2185 1545 2250; x_wconf 92' lang='lat' dir='ltr'>bonum</span> <span class='ocrx_word' id='word_1_122' title='bbox 1569 2181 1613 2251; x_wconf 90' lang='lat' dir='ltr'>ad</span> <span class='ocrx_word' id='word_1_123' title='bbox 1628 2201 1712 2268; x_wconf 92' lang='lat' dir='ltr'>pars</span> <span class='ocrx_word' id='word_1_124' title='bbox 1727 2179 1839 2248; x_wconf 91' lang='lat' dir='ltr'>nostri</span> <span class='ocrx_word' id='word_1_125' title='bbox 1853 2179 2118 2266; x_wconf 88' lang='lat' dir='ltr'>aschiepiscopii</span> <span class='ocrx_word' id='word_1_126' title='bbox 2134 2178 2301 2259; x_wconf 90' lang='lat' dir='ltr'>ebeniret,</span> <span class='ocrx_word' id='word_1_127' title='bbox 2321 2198 2385 2265; x_wconf 87' lang='lat' dir='ltr'>per</span> 
     </span>
     <span class='ocr_line' id='line_1_12' title="bbox 524 2331 2387 2418; baseline 0.003 -24"><span class='ocrx_word' id='word_1_128' title='bbox 524 2347 577 2398; x_wconf 90' lang='lat' dir='ltr'>rno</span> <span class='ocrx_word' id='word_1_129' title='bbox 599 2331 713 2415; x_wconf 90' lang='lat' dir='ltr'>ipsum</span> <span class='ocrx_word' id='word_1_130' title='bbox 739 2335 774 2399; x_wconf 89' lang='lat' dir='ltr'>et</span> <span class='ocrx_word' id='word_1_131' title='bbox 796 2350 874 2401; x_wconf 87' lang='lat' dir='ltr'>curn</span> <span class='ocrx_word' id='word_1_132' title='bbox 891 2333 1003 2418; x_wconf 91' lang='lat' dir='ltr'>ipsum</span> <span class='ocrx_word' id='word_1_133' title='bbox 1020 2335 1177 2401; x_wconf 90' lang='lat' dir='ltr'>nostrum</span> <span class='ocrx_word' id='word_1_134' title='bbox 1195 2333 1435 2404; x_wconf 87' lang='lat' dir='ltr'>adbocatorem</span> <span class='ocrx_word' id='word_1_135' title='bbox 1453 2341 1580 2402; x_wconf 89' lang='lat' dir='ltr'>etcum</span> <span class='ocrx_word' id='word_1_136' title='bbox 1597 2336 1689 2402; x_wconf 92' lang='lat' dir='ltr'>clero</span> <span class='ocrx_word' id='word_1_137' title='bbox 1705 2333 1816 2402; x_wconf 88' lang='lat' dir='ltr'>nostri</span> <span class='ocrx_word' id='word_1_138' title='bbox 1831 2332 2099 2418; x_wconf 87' lang='lat' dir='ltr'>archiepiscopii</span> <span class='ocrx_word' id='word_1_139' title='bbox 2116 2336 2242 2400; x_wconf 88' lang='lat' dir='ltr'>etcum</span> <span class='ocrx_word' id='word_1_140' title='bbox 2265 2331 2387 2401; x_wconf 86' lang='lat' dir='ltr'>doctos</span> 
     </span>
     <span class='ocr_line' id='line_1_13' title="bbox 524 2483 2387 2576; baseline 0.002 -28"><span class='ocrx_word' id='word_1_141' title='bbox 524 2483 682 2552; x_wconf 91' lang='lat' dir='ltr'>homines</span> <span class='ocrx_word' id='word_1_142' title='bbox 706 2483 883 2554; x_wconf 89' lang='lat' dir='ltr'>dominum</span> <span class='ocrx_word' id='word_1_143' title='bbox 909 2487 1072 2556; x_wconf 87' lang='lat' dir='ltr'>timentes</span> <span class='ocrx_word' id='word_1_144' title='bbox 1095 2506 1199 2575; x_wconf 89' lang='lat' dir='ltr'>super</span> <span class='ocrx_word' id='word_1_145' title='bbox 1223 2489 1302 2574; x_wconf 90' lang='lat' dir='ltr'>ipsa</span> <span class='ocrx_word' id='word_1_146' title='bbox 1325 2490 1421 2557; x_wconf 90' lang='lat' dir='ltr'>terra</span> <span class='ocrx_word' id='word_1_147' title='bbox 1443 2488 1684 2576; x_wconf 79' lang='lat' dir='ltr'>perressimuS,</span> <span class='ocrx_word' id='word_1_148' title='bbox 1699 2493 1735 2557; x_wconf 93' lang='lat' dir='ltr'>et</span> <span class='ocrx_word' id='word_1_149' title='bbox 1750 2507 1826 2556; x_wconf 89' lang='lat' dir='ltr'>curn</span> <span class='ocrx_word' id='word_1_150' title='bbox 1844 2507 1977 2556; x_wconf 90' lang='lat' dir='ltr'>summo</span> <span class='ocrx_word' id='word_1_151' title='bbox 1993 2485 2108 2555; x_wconf 88' lang='lat' dir='ltr'>studio</span> <span class='ocrx_word' id='word_1_152' title='bbox 2131 2487 2210 2554; x_wconf 88' lang='lat' dir='ltr'>illut</span> <span class='ocrx_word' id='word_1_153' title='bbox 2232 2483 2387 2570; x_wconf 90' lang='lat' dir='ltr'>prebidi·</span> 
     </span>
     <span class='ocr_line' id='line_1_14' title="bbox 524 2636 2384 2727; baseline 0.001 -23"><span class='ocrx_word' id='word_1_154' title='bbox 524 2657 600 2705; x_wconf 90' lang='lat' dir='ltr'>mus</span> <span class='ocrx_word' id='word_1_155' title='bbox 624 2640 659 2706; x_wconf 91' lang='lat' dir='ltr'>et</span> <span class='ocrx_word' id='word_1_156' title='bbox 681 2639 928 2709; x_wconf 90' lang='lat' dir='ltr'>extimabimus</span> <span class='ocrx_word' id='word_1_157' title='bbox 938 2661 948 2727; x_wconf 85' lang='lat'><em>3</em></span> <span class='ocrx_word' id='word_1_158' title='bbox 965 2643 1016 2710; x_wconf 88' lang='lat' dir='ltr'>set</span> <span class='ocrx_word' id='word_1_159' title='bbox 1031 2642 1147 2725; x_wconf 87' lang='lat' dir='ltr'>magis</span> <span class='ocrx_word' id='word_1_160' title='bbox 1170 2641 1353 2726; x_wconf 84' lang='lat' dir='ltr'>magisque</span> <span class='ocrx_word' id='word_1_161' title='bbox 1370 2641 1593 2727; x_wconf 82' lang='lat' dir='ltr'>cooperuerit</span> <span class='ocrx_word' id='word_1_162' title='bbox 1608 2641 1766 2709; x_wconf 89' lang='lat' dir='ltr'>omnibns</span> <span class='ocrx_word' id='word_1_163' title='bbox 1782 2641 1893 2718; x_wconf 77' lang='lat' dir='ltr'>nobis</span> <span class='ocrx_word' id='word_1_164' title='bbox 1909 2643 1948 2708; x_wconf 94' lang='lat' dir='ltr'>ut</span> <span class='ocrx_word' id='word_1_165' title='bbox 1961 2639 2085 2708; x_wconf 87' lang='lat' dir='ltr'>melius</span> <span class='ocrx_word' id='word_1_166' title='bbox 2100 2643 2181 2708; x_wconf 89' lang='lat' dir='ltr'>exet</span> <span class='ocrx_word' id='word_1_167' title='bbox 2198 2641 2277 2706; x_wconf 88' lang='lat' dir='ltr'>illut</span> <span class='ocrx_word' id='word_1_168' title='bbox 2292 2636 2384 2724; x_wconf 90' lang='lat' dir='ltr'>quod</span> 
     </span>
     <span class='ocr_line' id='line_1_15' title="bbox 523 2791 2386 2883; baseline 0.003 -26"><span class='ocrx_word' id='word_1_169' title='bbox 523 2791 600 2877; x_wconf 88' lang='lat' dir='ltr'>ipse</span> <span class='ocrx_word' id='word_1_170' title='bbox 623 2794 791 2862; x_wconf 88' lang='lat' dir='ltr'>iohannes</span> <span class='ocrx_word' id='word_1_171' title='bbox 814 2795 914 2863; x_wconf 92' lang='lat' dir='ltr'>nobis</span> <span class='ocrx_word' id='word_1_172' title='bbox 936 2794 1019 2866; x_wconf 90' lang='lat' dir='ltr'>dare</span> <span class='ocrx_word' id='word_1_173' title='bbox 1042 2797 1126 2874; x_wconf 91' lang='lat' dir='ltr'>vult,</span> <span class='ocrx_word' id='word_1_174' title='bbox 1145 2794 1188 2863; x_wconf 88' lang='lat' dir='ltr'>de</span> <span class='ocrx_word' id='word_1_175' title='bbox 1211 2795 1289 2863; x_wconf 89' lang='lat' dir='ltr'>illut</span> <span class='ocrx_word' id='word_1_176' title='bbox 1313 2797 1372 2882; x_wconf 92' lang='lat' dir='ltr'>qui</span> <span class='ocrx_word' id='word_1_177' title='bbox 1395 2813 1417 2862; x_wconf 89' lang='lat' dir='ltr'>a</span> <span class='ocrx_word' id='word_1_178' title='bbox 1439 2813 1502 2863; x_wconf 91' lang='lat' dir='ltr'>nos</span> <span class='ocrx_word' id='word_1_179' title='bbox 1524 2798 1645 2865; x_wconf 90' lang='lat' dir='ltr'>tollere</span> <span class='ocrx_word' id='word_1_180' title='bbox 1667 2797 1794 2883; x_wconf 81' lang='lat' dir='ltr'>querit3</span> <span class='ocrx_word' id='word_1_181' title='bbox 1819 2797 1864 2876; x_wconf 90' lang='lat' dir='ltr'>et,</span> <span class='ocrx_word' id='word_1_182' title='bbox 1884 2797 1923 2863; x_wconf 90' lang='lat' dir='ltr'>ut</span> <span class='ocrx_word' id='word_1_183' title='bbox 1945 2796 2022 2864; x_wconf 89' lang='lat' dir='ltr'>illut</span> <span class='ocrx_word' id='word_1_184' title='bbox 2044 2793 2191 2864; x_wconf 87' lang='lat' dir='ltr'>firmiter</span> <span class='ocrx_word' id='word_1_185' title='bbox 2215 2795 2386 2880; x_wconf 85' lang='lat' dir='ltr'>perficere</span> 
     </span>
     <span class='ocr_line' id='line_1_16' title="bbox 524 2941 2388 3036; baseline 0.002 -26"><span class='ocrx_word' id='word_1_186' title='bbox 524 2945 725 3026; x_wconf 89' lang='lat' dir='ltr'>baleamus,</span> <span class='ocrx_word' id='word_1_187' title='bbox 752 2966 792 3015; x_wconf 86' lang='lat' dir='ltr'>ec</span> <span class='ocrx_word' id='word_1_188' title='bbox 815 2948 929 3016; x_wconf 91' lang='lat' dir='ltr'>omnia</span> <span class='ocrx_word' id='word_1_189' title='bbox 952 2950 1193 3036; x_wconf 87' lang='lat' dir='ltr'>suprascripta</span> <span class='ocrx_word' id='word_1_190' title='bbox 1215 2967 1279 3035; x_wconf 89' lang='lat' dir='ltr'>per</span> <span class='ocrx_word' id='word_1_191' title='bbox 1303 2969 1358 3020; x_wconf 90' lang='lat' dir='ltr'>me</span> <span class='ocrx_word' id='word_1_192' title='bbox 1381 2951 1494 3034; x_wconf 91' lang='lat' dir='ltr'>ipsum</span> <span class='ocrx_word' id='word_1_193' title='bbox 1517 2949 1794 3036; x_wconf 89' lang='lat' dir='ltr'>supradictorum</span> <span class='ocrx_word' id='word_1_194' title='bbox 1819 2941 2050 3036; x_wconf 84' lang='lat' dir='ltr'>gloriosorum</span> <span class='ocrx_word' id='word_1_195' title='bbox 2074 2942 2271 3034; x_wconf 91' lang='lat' dir='ltr'>principum</span> <span class='ocrx_word' id='word_1_196' title='bbox 2295 2948 2388 3014; x_wconf 90' lang='lat' dir='ltr'>noti·</span> 
     </span>
     <span class='ocr_line' id='line_1_17' title="bbox 507 3099 2385 3189; baseline 0.003 -24"><span class='ocrx_word' id='word_1_197' title='bbox 507 3100 713 3166; x_wconf 84' lang='lat' dir='ltr'>-ficavimus</span> <span class='ocrx_word' id='word_1_198' title='bbox 742 3099 809 3186; x_wconf 93' lang='lat' dir='ltr'>ipsi</span> <span class='ocrx_word' id='word_1_199' title='bbox 831 3118 914 3170; x_wconf 90' lang='lat' dir='ltr'>vero</span> <span class='ocrx_word' id='word_1_200' title='bbox 938 3101 1047 3170; x_wconf 90' lang='lat' dir='ltr'>adeo</span> <span class='ocrx_word' id='word_1_201' title='bbox 1070 3104 1283 3172; x_wconf 88' lang='lat' dir='ltr'>conserbatis</span> <span class='ocrx_word' id='word_1_202' title='bbox 1306 3103 1524 3189; x_wconf 89' lang='lat' dir='ltr'>principibus</span> <span class='ocrx_word' id='word_1_203' title='bbox 1546 3104 1810 3188; x_wconf 84' lang='lat' dir='ltr'>angnoscentes,</span> <span class='ocrx_word' id='word_1_204' title='bbox 1829 3101 1918 3188; x_wconf 92' lang='lat' dir='ltr'>quod</span> <span class='ocrx_word' id='word_1_205' title='bbox 1941 3120 2069 3170; x_wconf 90' lang='lat' dir='ltr'>vonum</span> <span class='ocrx_word' id='word_1_206' title='bbox 2094 3103 2138 3170; x_wconf 90' lang='lat' dir='ltr'>ad</span> <span class='ocrx_word' id='word_1_207' title='bbox 2162 3121 2245 3188; x_wconf 92' lang='lat' dir='ltr'>pars</span> <span class='ocrx_word' id='word_1_208' title='bbox 2269 3104 2385 3171; x_wconf 86' lang='lat' dir='ltr'>nostri</span> 
     </span>
     <span class='ocr_line' id='line_1_18' title="bbox 525 3252 2388 3344; baseline 0.004 -26"><span class='ocrx_word' id='word_1_209' title='bbox 525 3252 809 3340; x_wconf 88' lang='lat' dir='ltr'>archiepisscopii</span> <span class='ocrx_word' id='word_1_210' title='bbox 831 3256 998 3332; x_wconf 89' lang='lat' dir='ltr'>ebeniret,</span> <span class='ocrx_word' id='word_1_211' title='bbox 1024 3257 1230 3326; x_wconf 90' lang='lat' dir='ltr'>solutionem</span> <span class='ocrx_word' id='word_1_212' title='bbox 1254 3258 1355 3325; x_wconf 90' lang='lat' dir='ltr'>nohis</span> <span class='ocrx_word' id='word_1_213' title='bbox 1376 3257 1545 3326; x_wconf 89' lang='lat' dir='ltr'>dederunt</span> <span class='ocrx_word' id='word_1_214' title='bbox 1560 3275 1626 3325; x_wconf 87' lang='lat' dir='ltr'>ane</span> <span class='ocrx_word' id='word_1_215' title='bbox 1641 3258 1933 3326; x_wconf 88' lang='lat' dir='ltr'>conmutationem</span> <span class='ocrx_word' id='word_1_216' title='bbox 1947 3257 2154 3344; x_wconf 83' lang='lat' dir='ltr'>laciendum3</span> <span class='ocrx_word' id='word_1_217' title='bbox 2172 3259 2278 3326; x_wconf 87' lang='lat' dir='ltr'>etiam</span> <span class='ocrx_word' id='word_1_218' title='bbox 2295 3261 2331 3326; x_wconf 89' lang='lat' dir='ltr'>et</span> <span class='ocrx_word' id='word_1_219' title='bbox 2342 3257 2388 3327; x_wconf 89' lang='lat' dir='ltr'>de</span> 
     </span>
     <span class='ocr_line' id='line_1_19' title="bbox 524 3404 2389 3490; baseline 0.004 -19"><span class='ocrx_word' id='word_1_220' title='bbox 524 3404 598 3471; x_wconf 91' lang='lat' dir='ltr'>suis</span> <span class='ocrx_word' id='word_1_221' title='bbox 621 3407 807 3490; x_wconf 89' lang='lat' dir='ltr'>presentiis</span> <span class='ocrx_word' id='word_1_222' title='bbox 824 3406 915 3475; x_wconf 91' lang='lat' dir='ltr'>inter</span> <span class='ocrx_word' id='word_1_223' title='bbox 931 3409 1083 3478; x_wconf 91' lang='lat' dir='ltr'>medium</span> <span class='ocrx_word' id='word_1_224' title='bbox 1099 3412 1255 3478; x_wconf 89' lang='lat' dir='ltr'>nostrum</span> <span class='ocrx_word' id='word_1_225' title='bbox 1272 3411 1461 3479; x_wconf 89' lang='lat' dir='ltr'>exsendum</span> <span class='ocrx_word' id='word_1_226' title='bbox 1480 3409 1694 3479; x_wconf 87' lang='lat' dir='ltr'>diresserunt</span> <span class='ocrx_word' id='word_1_227' title='bbox 1718 3411 1860 3480; x_wconf 90' lang='lat' dir='ltr'>missum</span> <span class='ocrx_word' id='word_1_228' title='bbox 1876 3429 1976 3479; x_wconf 76' lang='lat' dir='ltr'>sirum</span> <span class='ocrx_word' id='word_1_229' title='bbox 2001 3410 2169 3478; x_wconf 89' lang='lat' dir='ltr'>iohannes</span> <span class='ocrx_word' id='word_1_230' title='bbox 2185 3408 2291 3477; x_wconf 88' lang='lat' dir='ltr'>iudex</span> <span class='ocrx_word' id='word_1_231' title='bbox 2307 3428 2389 3478; x_wconf 90' lang='lat' dir='ltr'>suo-</span> 
     </span>
     <span class='ocr_line' id='line_1_20' title="bbox 526 3559 2386 3649; baseline 0.002 -25"><span class='ocrx_word' id='word_1_232' title='bbox 526 3576 594 3645; x_wconf 90' lang='lat' dir='ltr'>que</span> <span class='ocrx_word' id='word_1_233' title='bbox 616 3559 767 3639; x_wconf 89' lang='lat' dir='ltr'>fidelem,</span> <span class='ocrx_word' id='word_1_234' title='bbox 786 3567 822 3629; x_wconf 92' lang='lat' dir='ltr'>et</span> <span class='ocrx_word' id='word_1_235' title='bbox 838 3579 902 3630; x_wconf 93' lang='lat' dir='ltr'>nos</span> <span class='ocrx_word' id='word_1_236' title='bbox 925 3579 947 3627; x_wconf 90' lang='lat' dir='ltr'>a</span> <span class='ocrx_word' id='word_1_237' title='bbox 968 3563 1096 3630; x_wconf 90' lang='lat' dir='ltr'>nostris</span> <span class='ocrx_word' id='word_1_238' title='bbox 1118 3563 1274 3647; x_wconf 89' lang='lat' dir='ltr'>partibus</span> <span class='ocrx_word' id='word_1_239' title='bbox 1296 3562 1599 3630; x_wconf 86' lang='lat' dir='ltr'>reminiscentibus</span> <span class='ocrx_word' id='word_1_240' title='bbox 1623 3565 1658 3630; x_wconf 92' lang='lat' dir='ltr'>et</span> <span class='ocrx_word' id='word_1_241' title='bbox 1681 3563 1942 3631; x_wconf 86' lang='lat' dir='ltr'>obserbantihus</span> <span class='ocrx_word' id='word_1_242' title='bbox 1968 3581 2077 3648; x_wconf 91' lang='lat' dir='ltr'>eaque</span> <span class='ocrx_word' id='word_1_243' title='bbox 2099 3563 2145 3649; x_wconf 73' lang='lat' dir='ltr'>[in</span> <span class='ocrx_word' id='word_1_244' title='bbox 2175 3564 2234 3630; x_wconf 89' lang='lat' dir='ltr'>lex</span> <span class='ocrx_word' id='word_1_245' title='bbox 2262 3563 2386 3647; x_wconf 87' lang='lat' dir='ltr'>longo·</span> 
     </span>
     <span class='ocr_line' id='line_1_21' title="bbox 526 3709 2389 3818; baseline 0.004 -42"><span class='ocrx_word' id='word_1_246' title='bbox 526 3709 713 3779; x_wconf 90' lang='lat' dir='ltr'>bardorum</span> <span class='ocrx_word' id='word_1_247' title='bbox 737 3711 781 3779; x_wconf 91' lang='lat' dir='ltr'>de</span> <span class='ocrx_word' id='word_1_248' title='bbox 803 3713 1082 3782; x_wconf 86' lang='lat' dir='ltr'>commutationis</span> <span class='ocrx_word' id='word_1_249' title='bbox 1104 3711 1251 3781; x_wconf 92' lang='lat' dir='ltr'>hordine</span> <span class='ocrx_word' id='word_1_250' title='bbox 1274 3713 1444 3792; x_wconf 88' lang='lat' dir='ltr'>aefictum,</span> <span class='ocrx_word' id='word_1_251' title='bbox 1459 3732 1543 3798; x_wconf 91' lang='lat' dir='ltr'>pars</span> <span class='ocrx_word' id='word_1_252' title='bbox 1559 3715 1714 3799; x_wconf 89' lang='lat' dir='ltr'>partium</span> <span class='ocrx_word' id='word_1_253' title='bbox 1737 3715 1828 3783; x_wconf 88' lang='lat' dir='ltr'>inter</span> <span class='ocrx_word' id='word_1_254' title='bbox 1850 3715 2001 3818; x_wconf 87' lang='lat' dir='ltr'>medium</span> <span class='ocrx_word' id='word_1_255' title='bbox 2024 3717 2179 3783; x_wconf 89' lang='lat' dir='ltr'>nostrum</span> <span class='ocrx_word' id='word_1_256' title='bbox 2195 3714 2389 3785; x_wconf 87' lang='lat' dir='ltr'>exsendum</span> 
     </span>
     <span class='ocr_line' id='line_1_22' title="bbox 525 3864 2390 3954; baseline 0.003 -24"><span class='ocrx_word' id='word_1_257' title='bbox 525 3866 793 3932; x_wconf 89' lang='lat' dir='ltr'>conbocabimus</span> <span class='ocrx_word' id='word_1_258' title='bbox 809 3864 943 3934; x_wconf 88' lang='lat' dir='ltr'>idoneis</span> <span class='ocrx_word' id='word_1_259' title='bbox 956 3866 1126 3944; x_wconf 71' lang='lat' dir='ltr'>omnihus</span> <span class='ocrx_word' id='word_1_260' title='bbox 1144 3868 1193 3944; x_wconf 89' lang='lat' dir='ltr'>ut,</span> <span class='ocrx_word' id='word_1_261' title='bbox 1209 3885 1276 3951; x_wconf 91' lang='lat' dir='ltr'>quo</span> <span class='ocrx_word' id='word_1_262' title='bbox 1287 3869 1473 3952; x_wconf 90' lang='lat' dir='ltr'>utrumque</span> <span class='ocrx_word' id='word_1_263' title='bbox 1484 3868 1684 3946; x_wconf 81' lang='lat' dir='ltr'>taceremne,</span> <span class='ocrx_word' id='word_1_264' title='bbox 1699 3869 1820 3935; x_wconf 91' lang='lat' dir='ltr'>homni</span> <span class='ocrx_word' id='word_1_265' title='bbox 1836 3871 1992 3954; x_wconf 90' lang='lat' dir='ltr'>tempore</span> <span class='ocrx_word' id='word_1_266' title='bbox 2008 3869 2147 3935; x_wconf 91' lang='lat' dir='ltr'>firmum</span> <span class='ocrx_word' id='word_1_267' title='bbox 2158 3867 2390 3954; x_wconf 87' lang='lat' dir='ltr'>stabilemque</span> 
     </span>
     <span class='ocr_line' id='line_1_23' title="bbox 526 4019 2392 4106; baseline 0.004 -24"><span class='ocrx_word' id='word_1_268' title='bbox 526 4022 722 4086; x_wconf 89' lang='lat' dir='ltr'>manerent.</span> <span class='ocrx_word' id='word_1_269' title='bbox 749 4035 817 4102; x_wconf 92' lang='lat' dir='ltr'>quo</span> <span class='ocrx_word' id='word_1_270' title='bbox 840 4019 889 4085; x_wconf 91' lang='lat' dir='ltr'>ita</span> <span class='ocrx_word' id='word_1_271' title='bbox 912 4020 1054 4098; x_wconf 85' lang='lat' dir='ltr'>iactum,</span> <span class='ocrx_word' id='word_1_272' title='bbox 1081 4035 1147 4103; x_wconf 86' lang='lat' dir='ltr'>ego</span> <span class='ocrx_word' id='word_1_273' title='bbox 1171 4019 1392 4105; x_wconf 89' lang='lat' dir='ltr'>supradictus</span> <span class='ocrx_word' id='word_1_274' title='bbox 1414 4023 1550 4090; x_wconf 90' lang='lat' dir='ltr'>amatus</span> <span class='ocrx_word' id='word_1_275' title='bbox 1580 4021 1711 4088; x_wconf 89' lang='lat' dir='ltr'>domini</span> <span class='ocrx_word' id='word_1_276' title='bbox 1735 4021 1972 4090; x_wconf 90' lang='lat' dir='ltr'>misericordia</span> <span class='ocrx_word' id='word_1_277' title='bbox 1994 4021 2290 4106; x_wconf 88' lang='lat' dir='ltr'>archiepiscopus,</span> <span class='ocrx_word' id='word_1_278' title='bbox 2315 4040 2392 4089; x_wconf 87' lang='lat' dir='ltr'>una</span> 
     </span>
     <span class='ocr_line' id='line_1_24' title="bbox 526 4163 2392 4258; baseline 0.002 -22"><span class='ocrx_word' id='word_1_279' title='bbox 526 4189 661 4240; x_wconf 89' lang='lat' dir='ltr'>mecum</span> <span class='ocrx_word' id='word_1_280' title='bbox 685 4170 813 4239; x_wconf 89' lang='lat' dir='ltr'>adexet</span> <span class='ocrx_word' id='word_1_281' title='bbox 836 4163 911 4256; x_wconf 88' lang='lat' dir='ltr'>ipse</span> <span class='ocrx_word' id='word_1_282' title='bbox 933 4170 1177 4238; x_wconf 90' lang='lat' dir='ltr'>adbocatorem</span> <span class='ocrx_word' id='word_1_283' title='bbox 1201 4171 1370 4250; x_wconf 89' lang='lat' dir='ltr'>nostrum,</span> <span class='ocrx_word' id='word_1_284' title='bbox 1398 4175 1479 4240; x_wconf 90' lang='lat' dir='ltr'>ante</span> <span class='ocrx_word' id='word_1_285' title='bbox 1500 4172 1615 4257; x_wconf 88' lang='lat' dir='ltr'>ipsum</span> <span class='ocrx_word' id='word_1_286' title='bbox 1639 4172 1781 4241; x_wconf 90' lang='lat' dir='ltr'>missum</span> <span class='ocrx_word' id='word_1_287' title='bbox 1805 4172 2084 4258; x_wconf 89' lang='lat' dir='ltr'>supradictorum</span> <span class='ocrx_word' id='word_1_288' title='bbox 2108 4171 2328 4258; x_wconf 88' lang='lat' dir='ltr'>principibus</span> <span class='ocrx_word' id='word_1_289' title='bbox 2352 4175 2392 4240; x_wconf 89' lang='lat' dir='ltr'>ct</span> 
     </span>
     <span class='ocr_line' id='line_1_25' title="bbox 526 4323 2393 4410; baseline -0.001 -17"><span class='ocrx_word' id='word_1_290' title='bbox 526 4324 716 4409; x_wconf 91' lang='lat' dir='ltr'>subscripti</span> <span class='ocrx_word' id='word_1_291' title='bbox 740 4323 873 4392; x_wconf 90' lang='lat' dir='ltr'>idoneis</span> <span class='ocrx_word' id='word_1_292' title='bbox 907 4326 1013 4392; x_wconf 88' lang='lat' dir='ltr'>testes</span> <span class='ocrx_word' id='word_1_293' title='bbox 1036 4342 1098 4410; x_wconf 90' lang='lat' dir='ltr'>per</span> <span class='ocrx_word' id='word_1_294' title='bbox 1121 4342 1186 4391; x_wconf 92' lang='lat' dir='ltr'>anc</span> <span class='ocrx_word' id='word_1_295' title='bbox 1210 4327 1383 4392; x_wconf 89' lang='lat' dir='ltr'>cartulam</span> <span class='ocrx_word' id='word_1_296' title='bbox 1407 4325 1645 4394; x_wconf 85' lang='lat' dir='ltr'>vicariationis</span> <span class='ocrx_word' id='word_1_297' title='bbox 1668 4325 1790 4394; x_wconf 90' lang='lat' dir='ltr'>ordine</span> <span class='ocrx_word' id='word_1_298' title='bbox 1812 4325 2020 4394; x_wconf 90' lang='lat' dir='ltr'>tradidimus</span> <span class='ocrx_word' id='word_1_299' title='bbox 2043 4324 2155 4410; x_wconf 90' lang='lat' dir='ltr'>adque</span> <span class='ocrx_word' id='word_1_300' title='bbox 2179 4323 2224 4391; x_wconf 90' lang='lat' dir='ltr'>ad</span> <span class='ocrx_word' id='word_1_301' title='bbox 2248 4341 2393 4408; x_wconf 89' lang='lat' dir='ltr'>semper</span> 
     </span>
    </p>
   </div>
   <div class='ocr_carea' id='block_1_3' title="bbox 526 4477 2392 4567">
    <p class='ocr_par' dir='ltr' id='par_1_3' title="bbox 526 4477 2392 4567">
     <span class='ocr_line' id='line_1_26' title="bbox 526 4477 2392 4567; baseline -0.003 -17"><span class='ocrx_word' id='word_1_302' title='bbox 526 4481 700 4551; x_wconf 83' lang='lat' dir='ltr'>abendam</span> <span class='ocrx_word' id='word_1_303' title='bbox 725 4479 1007 4548; x_wconf 90' lang='lat' dir='ltr'>confirmabimus</span> <span class='ocrx_word' id='word_1_304' title='bbox 1030 4480 1094 4548; x_wconf 91' lang='lat' dir='ltr'>tibi</span> <span class='ocrx_word' id='word_1_305' title='bbox 1118 4479 1317 4565; x_wconf 86' lang='lat' dir='ltr'>supradicto</span> <span class='ocrx_word' id='word_1_306' title='bbox 1333 4481 1477 4549; x_wconf 90' lang='lat' dir='ltr'>iohanni</span> <span class='ocrx_word' id='word_1_307' title='bbox 1503 4480 1580 4567; x_wconf 90' lang='lat' dir='ltr'>ipsa</span> <span class='ocrx_word' id='word_1_308' title='bbox 1595 4484 1690 4551; x_wconf 87' lang='lat' dir='ltr'>terra</span> <span class='ocrx_word' id='word_1_309' title='bbox 1706 4481 1828 4548; x_wconf 89' lang='lat' dir='ltr'>baciba</span> <span class='ocrx_word' id='word_1_310' title='bbox 1843 4481 1878 4549; x_wconf 89' lang='lat' dir='ltr'>et</span> <span class='ocrx_word' id='word_1_311' title='bbox 1892 4481 1982 4548; x_wconf 89' lang='lat' dir='ltr'>silba</span> <span class='ocrx_word' id='word_1_312' title='bbox 2004 4498 2068 4566; x_wconf 88' lang='lat' dir='ltr'>per</span> <span class='ocrx_word' id='word_1_313' title='bbox 2091 4477 2291 4564; x_wconf 85' lang='lat' dir='ltr'>supradicte</span> <span class='ocrx_word' id='word_1_314' title='bbox 2306 4477 2392 4544; x_wconf 88' lang='lat' dir='ltr'>finis</span> 
     </span>
    </p>
   </div>
   <div class='ocr_carea' id='block_1_4' title="bbox 524 4629 2388 4717">
    <p class='ocr_par' dir='ltr' id='par_1_4' title="bbox 524 4629 2388 4717">
     <span class='ocr_line' id='line_1_27' title="bbox 524 4629 2388 4717; baseline -0.003 -17"><span class='ocrx_word' id='word_1_315' title='bbox 524 4633 560 4700; x_wconf 90' lang='lat' dir='ltr'>et</span> <span class='ocrx_word' id='word_1_316' title='bbox 584 4631 760 4700; x_wconf 81' lang='lat' dir='ltr'>mensuris</span> <span class='ocrx_word' id='word_1_317' title='bbox 786 4631 865 4716; x_wconf 91' lang='lat' dir='ltr'>ipsa</span> <span class='ocrx_word' id='word_1_318' title='bbox 887 4629 1074 4716; x_wconf 86' lang='lat' dir='ltr'>percurrit,</span> <span class='ocrx_word' id='word_1_319' title='bbox 1093 4631 1136 4699; x_wconf 90' lang='lat' dir='ltr'>ad</span> <span class='ocrx_word' id='word_1_320' title='bbox 1156 4631 1246 4698; x_wconf 91' lang='lat' dir='ltr'>iusto</span> <span class='ocrx_word' id='word_1_321' title='bbox 1268 4649 1409 4716; x_wconf 89' lang='lat' dir='ltr'>passum</span> <span class='ocrx_word' id='word_1_322' title='bbox 1426 4649 1503 4700; x_wconf 89' lang='lat' dir='ltr'>cum</span> <span class='ocrx_word' id='word_1_323' title='bbox 1520 4632 1594 4700; x_wconf 91' lang='lat' dir='ltr'>bice</span> <span class='ocrx_word' id='word_1_324' title='bbox 1616 4632 1660 4699; x_wconf 91' lang='lat' dir='ltr'>de</span> <span class='ocrx_word' id='word_1_325' title='bbox 1675 4632 1823 4717; x_wconf 88' lang='lat' dir='ltr'>ipsabia</span> <span class='ocrx_word' id='word_1_326' title='bbox 1838 4631 1917 4700; x_wconf 92' lang='lat' dir='ltr'>illut</span> <span class='ocrx_word' id='word_1_327' title='bbox 1938 4631 2003 4699; x_wconf 91' lang='lat' dir='ltr'>tibi</span> <span class='ocrx_word' id='word_1_328' title='bbox 2027 4629 2222 4715; x_wconf 89' lang='lat' dir='ltr'>supradicto</span> <span class='ocrx_word' id='word_1_329' title='bbox 2240 4629 2388 4697; x_wconf 90' lang='lat' dir='ltr'>iohanni</span> 
     </span>
    </p>
   </div>
   <div class='ocr_carea' id='block_1_5' title="bbox 522 4755 2390 5813">
    <p class='ocr_par' dir='ltr' id='par_1_5' title="bbox 522 4755 2390 5813">
     <span class='ocr_line' id='line_1_28' title="bbox 523 4755 2390 4870; baseline 0 -20"><span class='ocrx_word' id='word_1_330' title='bbox 523 4755 746 4864; x_wconf 72' lang='lat' dir='ltr'>tradidimus</span> <span class='ocrx_word' id='word_1_331' title='bbox 766 4783 811 4851; x_wconf 89' lang='lat' dir='ltr'>ad</span> <span class='ocrx_word' id='word_1_332' title='bbox 833 4784 1001 4852; x_wconf 88' lang='lat' dir='ltr'>securiter</span> <span class='ocrx_word' id='word_1_333' title='bbox 1017 4800 1058 4850; x_wconf 90' lang='lat' dir='ltr'>ac</span> <span class='ocrx_word' id='word_1_334' title='bbox 1074 4783 1223 4850; x_wconf 87' lang='lat' dir='ltr'>firmiter</span> <span class='ocrx_word' id='word_1_335' title='bbox 1239 4781 1364 4851; x_wconf 90' lang='lat' dir='ltr'>amodo</span> <span class='ocrx_word' id='word_1_336' title='bbox 1386 4784 1422 4851; x_wconf 89' lang='lat' dir='ltr'>et</span> <span class='ocrx_word' id='word_1_337' title='bbox 1435 4801 1571 4870; x_wconf 90' lang='lat' dir='ltr'>semper</span> <span class='ocrx_word' id='word_1_338' title='bbox 1587 4801 1627 4852; x_wconf 90' lang='lat' dir='ltr'>ec</span> <span class='ocrx_word' id='word_1_339' title='bbox 1642 4784 1760 4852; x_wconf 87' lang='lat' dir='ltr'>omnia</span> <span class='ocrx_word' id='word_1_340' title='bbox 1774 4785 2010 4870; x_wconf 87' lang='lat' dir='ltr'>suprascripta</span> <span class='ocrx_word' id='word_1_341' title='bbox 2026 4785 2063 4850; x_wconf 91' lang='lat' dir='ltr'>tu</span> <span class='ocrx_word' id='word_1_342' title='bbox 2078 4783 2212 4868; x_wconf 89' lang='lat' dir='ltr'>tuisque</span> <span class='ocrx_word' id='word_1_343' title='bbox 2227 4780 2390 4850; x_wconf 83' lang='lat' dir='ltr'>aradibus</span> 
     </span>
     <span class='ocr_line' id='line_1_29' title="bbox 525 4933 2389 5022; baseline -0.002 -19"><span class='ocrx_word' id='word_1_344' title='bbox 525 4935 606 5003; x_wconf 92' lang='lat' dir='ltr'>illut</span> <span class='ocrx_word' id='word_1_345' title='bbox 627 4934 812 5013; x_wconf 90' lang='lat' dir='ltr'>abendum,</span> <span class='ocrx_word' id='word_1_346' title='bbox 839 4933 1099 5014; x_wconf 89' lang='lat' dir='ltr'>dominandum,</span> <span class='ocrx_word' id='word_1_347' title='bbox 1118 4933 1376 5020; x_wconf 91' lang='lat' dir='ltr'>possidendum,</span> <span class='ocrx_word' id='word_1_348' title='bbox 1395 4936 1513 5003; x_wconf 90' lang='lat' dir='ltr'>omnia</span> <span class='ocrx_word' id='word_1_349' title='bbox 1524 4934 1606 5002; x_wconf 91' lang='lat' dir='ltr'>inde</span> <span class='ocrx_word' id='word_1_350' title='bbox 1622 4933 1817 5004; x_wconf 84' lang='lat' dir='ltr'>iaciendum</span> <span class='ocrx_word' id='word_1_351' title='bbox 1839 4954 1906 5021; x_wconf 92' lang='lat' dir='ltr'>que</span> <span class='ocrx_word' id='word_1_352' title='bbox 1921 4935 1986 5004; x_wconf 89' lang='lat' dir='ltr'>tibi</span> <span class='ocrx_word' id='word_1_353' title='bbox 2001 4935 2119 5022; x_wconf 90' lang='lat' dir='ltr'>tuique</span> <span class='ocrx_word' id='word_1_354' title='bbox 2134 4933 2295 5003; x_wconf 90' lang='lat' dir='ltr'>eredibus</span> <span class='ocrx_word' id='word_1_355' title='bbox 2312 4935 2389 5019; x_wconf 91' lang='lat' dir='ltr'>pla-</span> 
     </span>
     <span class='ocr_line' id='line_1_30' title="bbox 524 5085 2386 5172; baseline -0.001 -17"><span class='ocrx_word' id='word_1_356' title='bbox 524 5087 637 5156; x_wconf 89' lang='lat' dir='ltr'>cuerit</span> <span class='ocrx_word' id='word_1_357' title='bbox 651 5086 728 5155; x_wconf 89' lang='lat' dir='ltr'>sine</span> <span class='ocrx_word' id='word_1_358' title='bbox 743 5087 990 5171; x_wconf 90' lang='lat' dir='ltr'>cuiuscumque</span> <span class='ocrx_word' id='word_1_359' title='bbox 1006 5085 1289 5157; x_wconf 87' lang='lat' dir='ltr'>contradictione.</span> <span class='ocrx_word' id='word_1_360' title='bbox 1304 5091 1340 5154; x_wconf 91' lang='lat' dir='ltr'>et</span> <span class='ocrx_word' id='word_1_361' title='bbox 1354 5105 1418 5172; x_wconf 94' lang='lat' dir='ltr'>pro</span> <span class='ocrx_word' id='word_1_362' title='bbox 1433 5105 1498 5154; x_wconf 90' lang='lat' dir='ltr'>anc</span> <span class='ocrx_word' id='word_1_363' title='bbox 1514 5088 1803 5156; x_wconf 86' lang='lat' dir='ltr'>conmutationem</span> <span class='ocrx_word' id='word_1_364' title='bbox 1820 5086 2030 5156; x_wconf 90' lang='lat' dir='ltr'>firmandum</span> <span class='ocrx_word' id='word_1_365' title='bbox 2046 5106 2067 5155; x_wconf 91' lang='lat' dir='ltr'>a</span> <span class='ocrx_word' id='word_1_366' title='bbox 2084 5085 2255 5172; x_wconf 89' lang='lat' dir='ltr'>presentis</span> <span class='ocrx_word' id='word_1_367' title='bbox 2270 5088 2386 5171; x_wconf 88' lang='lat' dir='ltr'>recepi</span> 
     </span>
     <span class='ocr_line' id='line_1_31' title="bbox 523 5223 2389 5326; baseline -0.002 -18"><span class='ocrx_word' id='word_1_368' title='bbox 523 5241 593 5308; x_wconf 87' lang='lat' dir='ltr'>ate</span> <span class='ocrx_word' id='word_1_369' title='bbox 609 5223 831 5323; x_wconf 85' lang='lat' dir='ltr'>supradictus</span> <span class='ocrx_word' id='word_1_370' title='bbox 854 5238 1024 5307; x_wconf 89' lang='lat' dir='ltr'>iohannes</span> <span class='ocrx_word' id='word_1_371' title='bbox 1047 5240 1126 5324; x_wconf 89' lang='lat' dir='ltr'>ipsa</span> <span class='ocrx_word' id='word_1_372' title='bbox 1142 5241 1237 5307; x_wconf 84' lang='lat' dir='ltr'>terra</span> <span class='ocrx_word' id='word_1_373' title='bbox 1260 5240 1319 5306; x_wconf 88' lang='lat' dir='ltr'>tua</span> <span class='ocrx_word' id='word_1_374' title='bbox 1342 5257 1419 5306; x_wconf 90' lang='lat' dir='ltr'>curn</span> <span class='ocrx_word' id='word_1_375' title='bbox 1436 5241 1575 5309; x_wconf 88' lang='lat' dir='ltr'>arbusto</span> <span class='ocrx_word' id='word_1_376' title='bbox 1591 5243 1626 5310; x_wconf 89' lang='lat' dir='ltr'>et</span> <span class='ocrx_word' id='word_1_377' title='bbox 1640 5239 1812 5326; x_wconf 82' lang='lat' dir='ltr'>pomifera</span> <span class='ocrx_word' id='word_1_378' title='bbox 1834 5257 1898 5308; x_wconf 90' lang='lat' dir='ltr'>sua</span> <span class='ocrx_word' id='word_1_379' title='bbox 1920 5239 1958 5306; x_wconf 90' lang='lat' dir='ltr'>in</span> <span class='ocrx_word' id='word_1_380' title='bbox 1973 5237 2176 5306; x_wconf 87' lang='lat' dir='ltr'>iamdictum</span> <span class='ocrx_word' id='word_1_381' title='bbox 2191 5239 2306 5305; x_wconf 92' lang='lat' dir='ltr'>locum</span> <span class='ocrx_word' id='word_1_382' title='bbox 2322 5239 2389 5304; x_wconf 94' lang='lat' dir='ltr'>mi-</span> 
     </span>
     <span class='ocr_line' id='line_1_32' title="bbox 525 5387 2389 5478; baseline -0.002 -20"><span class='ocrx_word' id='word_1_383' title='bbox 525 5389 646 5458; x_wconf 89' lang='lat' dir='ltr'>tiliano</span> <span class='ocrx_word' id='word_1_384' title='bbox 674 5409 697 5457; x_wconf 91' lang='lat' dir='ltr'>a</span> <span class='ocrx_word' id='word_1_385' title='bbox 718 5393 841 5460; x_wconf 88' lang='lat' dir='ltr'>subtus</span> <span class='ocrx_word' id='word_1_386' title='bbox 864 5391 944 5476; x_wconf 88' lang='lat' dir='ltr'>ipsa</span> <span class='ocrx_word' id='word_1_387' title='bbox 966 5390 1110 5460; x_wconf 80' lang='lat' dir='ltr'>ecclesia</span> <span class='ocrx_word' id='word_1_388' title='bbox 1132 5392 1243 5460; x_wconf 89' lang='lat' dir='ltr'>sancti</span> <span class='ocrx_word' id='word_1_389' title='bbox 1266 5388 1379 5461; x_wconf 87' lang='lat' dir='ltr'>cesari</span> <span class='ocrx_word' id='word_1_390' title='bbox 1402 5392 1614 5478; x_wconf 88' lang='lat' dir='ltr'>pertinentes</span> <span class='ocrx_word' id='word_1_391' title='bbox 1638 5391 1785 5478; x_wconf 88' lang='lat' dir='ltr'>predicti</span> <span class='ocrx_word' id='word_1_392' title='bbox 1808 5390 1919 5459; x_wconf 91' lang='lat' dir='ltr'>nostri</span> <span class='ocrx_word' id='word_1_393' title='bbox 1943 5387 2212 5475; x_wconf 89' lang='lat' dir='ltr'>archiepiscopii</span> <span class='ocrx_word' id='word_1_394' title='bbox 2228 5405 2292 5473; x_wconf 89' lang='lat' dir='ltr'>per</span> <span class='ocrx_word' id='word_1_395' title='bbox 2315 5387 2389 5455; x_wconf 86' lang='lat' dir='ltr'>alia</span> 
     </span>
     <span class='ocr_line' id='line_1_33' title="bbox 523 5541 2389 5633; baseline -0.001 -22"><span class='ocrx_word' id='word_1_396' title='bbox 523 5545 673 5624; x_wconf 90' lang='lat' dir='ltr'>cartula,</span> <span class='ocrx_word' id='word_1_397' title='bbox 689 5563 755 5630; x_wconf 92' lang='lat' dir='ltr'>que</span> <span class='ocrx_word' id='word_1_398' title='bbox 777 5549 863 5631; x_wconf 86' lang='lat' dir='ltr'>aput</span> <span class='ocrx_word' id='word_1_399' title='bbox 885 5563 949 5613; x_wconf 91' lang='lat' dir='ltr'>nos</span> <span class='ocrx_word' id='word_1_400' title='bbox 972 5546 1104 5632; x_wconf 90' lang='lat' dir='ltr'>scripta</span> <span class='ocrx_word' id='word_1_401' title='bbox 1127 5547 1328 5626; x_wconf 90' lang='lat' dir='ltr'>retinemus,</span> <span class='ocrx_word' id='word_1_402' title='bbox 1348 5566 1410 5633; x_wconf 92' lang='lat' dir='ltr'>per</span> <span class='ocrx_word' id='word_1_403' title='bbox 1426 5548 1508 5616; x_wconf 89' lang='lat' dir='ltr'>finis</span> <span class='ocrx_word' id='word_1_404' title='bbox 1530 5550 1565 5616; x_wconf 92' lang='lat' dir='ltr'>et</span> <span class='ocrx_word' id='word_1_405' title='bbox 1589 5545 1775 5617; x_wconf 85' lang='lat' dir='ltr'>mensuris:</span> <span class='ocrx_word' id='word_1_406' title='bbox 1793 5549 1838 5614; x_wconf 89' lang='lat' dir='ltr'>ha</span> <span class='ocrx_word' id='word_1_407' title='bbox 1852 5563 1936 5631; x_wconf 89' lang='lat' dir='ltr'>pars</span> <span class='ocrx_word' id='word_1_408' title='bbox 1958 5543 2217 5630; x_wconf 89' lang='lat' dir='ltr'>septemtrionis</span> <span class='ocrx_word' id='word_1_409' title='bbox 2240 5541 2311 5610; x_wconf 91' lang='lat' dir='ltr'>fine</span> <span class='ocrx_word' id='word_1_410' title='bbox 2327 5541 2389 5610; x_wconf 80' lang='lat' dir='ltr'>bia</span> 
     </span>
     <span class='ocr_line' id='line_1_34' title="bbox 522 5691 2390 5813; baseline -0.002 -49"><span class='ocrx_word' id='word_1_411' title='bbox 522 5695 770 5781; x_wconf 75' lang='lat' dir='ltr'>publicasset</span> <span class='ocrx_word' id='word_1_412' title='bbox 792 5697 873 5765; x_wconf 90' lang='lat' dir='ltr'>inde</span> <span class='ocrx_word' id='word_1_413' title='bbox 897 5716 1014 5784; x_wconf 90' lang='lat' dir='ltr'>passos</span> <span class='ocrx_word' id='word_1_414' title='bbox 1037 5701 1265 5786; x_wconf 83' lang='lat' dir='ltr'>septuaginta</span> <span class='ocrx_word' id='word_1_415' title='bbox 1288 5699 1471 5787; x_wconf 84' lang='lat' dir='ltr'>quadtuor3</span> <span class='ocrx_word' id='word_1_416' title='bbox 1491 5703 1532 5813; x_wconf 29' lang='lat' dir='ltr'>,et</span> <span class='ocrx_word' id='word_1_417' title='bbox 1553 5699 1600 5768; x_wconf 88' lang='lat' dir='ltr'>da</span> <span class='ocrx_word' id='word_1_418' title='bbox 1614 5717 1695 5787; x_wconf 89' lang='lat' dir='ltr'>pars</span> <span class='ocrx_word' id='word_1_419' title='bbox 1712 5699 1857 5768; x_wconf 90' lang='lat' dir='ltr'>orientis</span> <span class='ocrx_word' id='word_1_420' title='bbox 1879 5697 1959 5778; x_wconf 90' lang='lat' dir='ltr'>fine,</span> <span class='ocrx_word' id='word_1_421' title='bbox 1975 5697 2065 5766; x_wconf 90' lang='lat' dir='ltr'>sicut</span> <span class='ocrx_word' id='word_1_422' title='bbox 2087 5694 2200 5764; x_wconf 92' lang='lat' dir='ltr'>medio</span> <span class='ocrx_word' id='word_1_423' title='bbox 2216 5692 2299 5779; x_wconf 90' lang='lat' dir='ltr'>poiu</span> <span class='ocrx_word' id='word_1_424' title='bbox 2314 5691 2390 5761; x_wconf 90' lang='lat' dir='ltr'>dis-</span> 
     </span>
    </p>
   </div>
   <div class='ocr_carea' id='block_1_6' title="bbox 520 5845 2393 5941">
    <p class='ocr_par' dir='ltr' id='par_1_6' title="bbox 520 5845 2393 5941">
     <span class='ocr_line' id='line_1_35' title="bbox 520 5845 2393 5941; baseline -0.001 -25"><span class='ocrx_word' id='word_1_425' title='bbox 520 5851 646 5930; x_wconf 90' lang='lat' dir='ltr'>cernit,</span> <span class='ocrx_word' id='word_1_426' title='bbox 672 5852 756 5918; x_wconf 90' lang='lat' dir='ltr'>sunt</span> <span class='ocrx_word' id='word_1_427' title='bbox 778 5849 859 5918; x_wconf 92' lang='lat' dir='ltr'>inde</span> <span class='ocrx_word' id='word_1_428' title='bbox 882 5852 975 5937; x_wconf 89' lang='lat' dir='ltr'>passi</span> <span class='ocrx_word' id='word_1_429' title='bbox 998 5854 1256 5940; x_wconf 84' lang='lat' dir='ltr'>quinquaginta</span> <span class='ocrx_word' id='word_1_430' title='bbox 1279 5852 1478 5941; x_wconf 83' lang='lat' dir='ltr'>quadtu0r3</span> <span class='ocrx_word' id='word_1_431' title='bbox 1503 5855 1538 5923; x_wconf 91' lang='lat' dir='ltr'>et</span> <span class='ocrx_word' id='word_1_432' title='bbox 1560 5853 1606 5922; x_wconf 92' lang='lat' dir='ltr'>da</span> <span class='ocrx_word' id='word_1_433' title='bbox 1629 5873 1714 5940; x_wconf 89' lang='lat' dir='ltr'>pars</span> <span class='ocrx_word' id='word_1_434' title='bbox 1730 5851 1875 5921; x_wconf 88' lang='lat' dir='ltr'>meridie</span> <span class='ocrx_word' id='word_1_435' title='bbox 1898 5845 2059 5920; x_wconf 85' lang='lat' dir='ltr'>similiter</span> <span class='ocrx_word' id='word_1_436' title='bbox 2074 5850 2143 5918; x_wconf 93' lang='lat' dir='ltr'>fine</span> <span class='ocrx_word' id='word_1_437' title='bbox 2165 5847 2222 5916; x_wconf 89' lang='lat' dir='ltr'>bia</span> <span class='ocrx_word' id='word_1_438' title='bbox 2244 5847 2393 5932; x_wconf 87' lang='lat' dir='ltr'>publica</span> 
     </span>
    </p>
   </div>
   <div class='ocr_carea' id='block_1_7' title="bbox 0 0 2637 7092">
    <p class='ocr_par' dir='ltr' id='par_1_7' title="bbox 0 0 2637 7092">
     <span class='ocr_line' id='line_1_36' title="bbox 0 0 2637 7092; baseline 0 0"><span class='ocrx_word' id='word_1_439' title='bbox 0 0 2637 7092; x_wconf 95' lang='lat' dir='ltr'> </span> 
     </span>
    </p>
   </div>
  </div>
 </body>
</html>
