5252 7102
629 635 692 696 300
1300 604 1463 680 CODEX
1500 601 1732 678 CAVENSIS

580 858 856 948 componendum
869 857 912 926 ad
927 853 1086 941 partibus
1102 851 1212 938 ipsius
1224 848 1366 919 ecclesie
1378 847 1484 933 (deest
1494 847 1662 935 pretium)
1678 847 1756 915 auri
1771 846 1898 915 solidos
1914 847 2134 930 costantinos;
2149 853 2194 928 01,
2208 849 2293 917 01001
2306 847 2416 924 dictum

579 1017 643 1091 001,
671 1011 789 1080 omnia
815 1008 1052 1094 suprascripta
1079 1007 1115 1072 in
1142 1003 1300 1090 partibus
1326 1003 1436 1087 ipsius
1463 1001 1607 1069 ecclesie
1633 1000 1903 1086 adimpleamus:
1921 1003 2157 1070 tantummodo
2184 1004 2292 1070 omnis
2316 1022 2417 1088 supra-

577 1167 710 1249 scripta
725 1165 845 1230 nostra
861 1161 1075 1228 offertionem
1092 1157 1130 1225 in
1156 1155 1322 1224 iamdicta
1349 1153 1494 1223 ecclesia
1519 1153 1718 1223 offeruimus
1745 1154 1809 1220 tali
1835 1153 2004 1232 ordinem,
2024 1157 2063 1220 ut
2089 1155 2119 1221 si
2147 1155 2295 1239 qualibet
2319 1157 2418 1238 partes

578 1317 774 1387 surrexerit
790 1315 850 1401 qui
867 1312 1012 1382 eandem
1029 1311 1148 1379 sancta
1163 1309 1308 1377 ecclesia
1324 1327 1346 1376 a
1360 1310 1479 1394 partes
1501 1306 1543 1374 de
1566 1307 1701 1374 nostros
1724 1306 1815 1373 filios
1837 1309 1872 1374 et
1894 1306 2039 1374 heredes
2063 1326 2125 1392 per
2147 1310 2260 1392 legem
2281 1325 2418 1374 1000000

579 1470 765 1538 advincuta
782 1468 912 1536 suerint
928 1468 962 1534 et
979 1465 1021 1534 de
1043 1465 1249 1550 potestatem
1273 1462 1316 1530 de
1339 1463 1476 1529 nostros
1499 1459 1643 1529 heredes
1665 1479 1727 1546 per
1750 1461 1863 1544 legem
1888 1479 1951 1546 per
1974 1463 2127 1545 qualibet
2150 1461 2324 1545 ingenium
2345 1464 2419 1529 tulta

579 1623 696 1700 luerit,
716 1623 754 1688 ut
770 1639 841 1688 non
857 1621 981 1704 pareat
997 1619 1033 1685 in
1051 1619 1153 1684 antea
1169 1614 1260 1701 quod
1284 1616 1422 1683 nostros
1445 1613 1590 1680 horedus
1613 1611 1756 1681 eandem
1780 1613 1926 1680 ecclesia
1948 1612 2128 1681 defensare
2151 1615 2334 1697 potuerint,
2351 1617 2419 1680 tunc

579 1773 783 1859 potestatem
799 1773 925 1838 abeant
941 1772 1077 1836 nostros
1092 1767 1181 1834 filios
1197 1769 1230 1834 ot
1245 1763 1391 1833 herodes
1419 1761 1563 1832 eandem
1585 1763 1783 1848 supradicta
1806 1762 1917 1831 omnis
1940 1766 2042 1833 rebus
2065 1767 2186 1832 stavile
2209 1767 2244 1832 01
2266 1765 2417 1840 movilem,

578 1925 669 2011 quod
685 1921 908 2010 superius‘ibi
921 1918 1135 1998 offeruimus,
1155 1920 1234 1985 illut
1249 1917 1376 1984 exinde
1392 1919 1526 1994 tollere,
1545 1920 1580 1983 01
1595 1935 1659 2002 000
1676 1935 1769 1984 suam
1784 1919 1987 2002 potestatem
2004 1919 2180 1996 rebocare,
2195 1919 2230 1985 et
2245 1917 2377 1984 ecclesia
2391 1917 2420 1982 in

579 2081 649 2146 alia
663 2077 764 2145 rebus
779 2079 935 2143 nostram
953 2075 1164 2152 construere,
1183 2076 1217 2140 et
1234 2076 1347 2138 omnis
1363 2071 1602 2156 suprascripta
1618 2073 1722 2138 rebus
1737 2071 1830 2137 siant
1846 2072 2019 2156 obligatos
2034 2075 2171 2139 nostros
2186 2071 2277 2137 filios
2293 2075 2325 2138 01
2339 2073 2421 2137 here

580 2230 640 2299 des
656 2248 719 2316 000
736 2247 802 2296 000
818 2229 985 2313 scriptum
1009 2225 1163 2293 dandum
1187 2226 1224 2292 in
1248 2224 1407 2310 predicta
1429 2225 1574 2293 ecclesia
1597 2223 1686 2308 quod
1712 2224 1987 2296 construxerint.
2007 2224 2042 2290 in
2058 2243 2097 2291 00
2113 2223 2237 2302 110000,
2255 2223 2350 2292 010011
2370 2240 2421 2290 000

578 2381 657 2449 11100
672 2379 827 2449 dedimus
844 2381 879 2446 et
895 2395 959 2462 pro
982 2381 1101 2444 nostre
1124 2376 1360 2462 redenptionis
1382 2377 1497 2444 anime
1520 2375 1722 2444 offeruimus
1746 2375 1785 2444 10
1808 2377 1885 2461 ipsa
1908 2377 2053 2445 00010010
2076 2377 2194 2444 000010
2216 2374 2325 2443 marie
2345 2376 2418 2461 quod

579 2533 680 2600 modo
698 2531 967 2600 construximus.
982 2549 1086 2615 quam
1104 2533 1139 2596 et
1155 2530 1343 2614 optulimus
1359 2530 1396 2594 in
1412 2527 1559 2598 eandem
1575 2530 1721 2596 ecclesia
1737 2547 1805 2596 una
1821 2531 1960 2615 planeta
1975 2532 2088 2598 serica
2103 2547 2180 2595 cum
2194 2528 2276 2597 lisia
2286 2528 2324 2598 do
2336 2547 2417 2607 auro,

580 2689 615 2753 et
630 2705 738 2753 unum
763 2685 977 2763 ammictum,
997 2687 1032 2751 et
1057 2703 1164 2752 unum
1193 2683 1309 2750 orario
1336 2683 1379 2750 de
1405 2684 1528 2762 scrico,
1546 2686 1579 2750 et
1604 2703 1673 2751 uno
1702 2684 1882 2770 facitergio
1909 2685 2041 2752 maiore
2067 2703 2144 2752 cum
2170 2685 2292 2764 serice,
2309 2688 2341 2754 01
2362 2702 2420 2752 000

576 2834 717 2927 01000)
735 2839 777 2906 110
792 2839 914 2917 000100.
934 2855 994 2904 000
1011 2841 1045 2905 01
1060 2856 1165 2906 unum
1182 2839 1353 2915 manuale,
1368 2855 1431 2904 nec
1446 2854 1516 2904 non
1532 2840 1567 2904 et
1582 2837 1699 2905 decem
1717 2839 1834 2923 000110
1848 2837 1890 2904 (10
1906 2838 2107 2920 iumentem,
2122 2845 2156 2907 et
2172 2859 2281 2908 unum
2295 2858 2421 2907 ammes·

576 3009 693 3060 sarum
708 2990 746 3078 ²),
765 2993 799 3056 et
815 2987 1070 3074 quinquaginta
1093 2988 1209 3073 capitu
1231 2986 1274 3054 de
1288 2985 1413 3066 scurie,
1433 2993 1467 3054 01
1490 2985 1746 3073 001000001010
1768 3004 1837 3066 000,
1865 2987 1908 3053 ad
1932 2989 2097 3058 securiter
2120 3007 2160 3054 00
2184 2989 2329 3058 firmiter
2350 3009 2420 3075 pars

578 3144 693 3228 ipsius
717 3139 861 3210 ecclesie
884 3159 923 3208 ec
946 3138 1064 3207 omnia
1086 3140 1325 3225 suprascripta
1347 3139 1517 3207 abundum
1542 3142 1577 3207 et
1598 3138 1792 3207 faciendum
1816 3159 1880 3225 que
1903 3142 2051 3208 voluerit
2073 3159 2136 3226 per
2160 3141 2219 3209 illo
2242 3141 2417 3216 hordinom

570 3296 661 3364 sicut
684 3298 718 3363 et
742 3294 817 3380 ipso
840 3293 926 3361 aliut
948 3293 1038 3378 quod
1062 3295 1222 3378 superius
1245 3294 1293 3360 ibi
1316 3292 1526 3373 offeruimus,
1547 3296 1582 3362 01
1603 3295 1654 3361 010
1677 3314 1739 3380 000
1761 3296 1898 3363 0001000
1922 3294 2065 3364 heredes
2082 3294 2278 3365 defensatus
2302 3315 2359 3382 per
2373 3315 2418 3363 su-

572 3446 768 3533 pradictam
795 3445 1052 3529 obligationum.
1083 3447 1118 3513 01
1144 3445 1259 3512 1011100
1286 3445 1438 3516 scribere
1461 3446 1604 3514 lecimus
1628 3451 1660 3516 te
1683 3445 1881 3516 romoaldus
1905 3449 2072 3518 notarius.

633 3575 662 3686 †
678 3619 745 3685 ego
762 3598 970 3667 madelsrcda

633 3723 663 3838 †
678 3771 745 3838 000
761 3751 940 3819 adenolfus

632 3878 661 3992 †
677 3924 744 3991 000
759 3903 924 3990 (10010100.

1309 4413 1687 4496 CCCCXXVI.

1361 4658 1416 4734 A.
1454 4658 1504 4734 D.
1543 4655 1646 4735 990.

637 4911 671 5048 †
688 4966 727 5029 ln
743 4960 884 5029 nomine
898 4962 1029 5030 domini
1045 4965 1191 5048 septimo
1207 4983 1298 5034 anno
1322 4967 1540 5054 principatus
1555 4969 1672 5037 domni
1686 4971 1797 5038 nostri
1812 4971 1953 5038 iohanni
1972 4973 2007 5038 01
2029 4971 2179 5040 secundo
2203 4989 2292 5039 anno
2314 4966 2414 5036 domni

575 5115 765 5202 guaimarii
782 5115 858 5184 eius
873 5115 946 5183 filio
961 5117 1104 5203 gloriosi
1128 5120 1358 5212 principibus,
1377 5141 1493 5191 mense
1507 5125 1644 5209 magius
1660 5123 1762 5192 tertia
1786 5124 1989 5192 indictione.
2010 5129 2049 5194 10
2072 5127 2303 5194 sacratissimo
2325 5125 2416 5191 saler-

576 5268 697 5335 nitano
713 5267 846 5353 palatio
861 5272 943 5336 0010
959 5287 1012 5336 me
1026 5271 1145 5355 petrus
1162 5271 1266 5338 iudex
1284 5274 1440 5343 causabit
1454 5275 1863 5344 landonolfus-castaldus
1887 5278 1978 5345 illius
1996 5281 2085 5363 petri
2101 5298 2163 5363 per
2186 5277 2413 5347 absolutionem

579 5418 688 5504 ipsius
704 5419 856 5503 genitori
872 5439 934 5488 suo
950 5440 1025 5490 cum
1041 5423 1175 5493 andrea
1189 5425 1263 5492 filio
1279 5426 1399 5494 mundi
1416 5425 1579 5509 dieentes,
1598 5434 1633 5498 ut
1656 5430 1730 5515 ipse
1755 5430 1901 5499 andreas
1928 5433 2019 5500 malo
2047 5431 2167 5500 ordine
2195 5431 2360 5501 introisset
2384 5430 2413 5493 in

580 5615 1029 5626 ψοφῇ-.-

634 5743 659 5810 ⁴)
674 5743 774 5814 lippa,
791 5741 867 5797 idem
883 5756 917 5797 ac
933 5742 999 5815 zipo
1015 5741 1146 5799 0110110
1162 5741 1272 5818 Gange,
1289 5745 1389 5802 tunica
1403 5760 1439 5802 ex
1452 5747 1576 5804 maculis
1590 5757 1736 5805 contexta.

635 5865 659 5937 ²)
673 5867 875 5925 dromonorum
889 5867 967 5922 ualet
980 5869 1167 5938 admissarius,
1183 5885 1285 5942 equus.
