5216 7092
626 584 689 646 ⁶234
1289 565 1454 640 CODEX
1492 565 1731 638 CAVENSIS

581 831 662 882 casa
676 815 711 880 et
725 829 881 898 organea
896 809 1023 880 exinde
1039 811 1074 877 et
1090 807 1225 876 codices
1241 808 1276 877 et
1290 817 1426 893 pannos
1441 808 1476 878 et
1490 807 1585 874 omni
1602 805 1770 886 ordinem,
1786 808 1951 892 quantum
1964 807 2000 874 in
2012 807 2132 876 eadem
2148 810 2324 879 ecclesiam
2340 816 2417 892 abet,

579 968 614 1034 et
629 965 755 1044 omnia,
774 963 863 1050 quod
879 963 1039 1049 superius
1054 961 1155 1029 modo
1178 964 1249 1030 illis
1272 961 1399 1030 ibidem
1421 960 1602 1042 dederunt,
1620 941 1665 1028 ad
1688 963 1825 1030 illorum
1849 960 2096 1032 retradidimus
2119 964 2320 1048 potestatem
2340 965 2373 1034 in
2387 985 2420 1035 oc

578 1117 748 1196 ordinem,
768 1118 806 1184 ut
821 1114 942 1184 amodo
959 1117 994 1184 et
1009 1115 1129 1183 diebus
1145 1116 1214 1182 vite
1230 1133 1292 1182 sue
1307 1113 1465 1182 inclitum
1488 1114 1566 1182 illut
1589 1132 1649 1182 sue
1671 1113 1852 1198 potestatis
1875 1115 2005 1193 tenere,
2023 1115 2057 1183 et
2079 1112 2208 1182 ibidem
2230 1113 2374 1184 residere
2392 1123 2420 1186 et

579 1269 722 1346 abitare,
742 1269 777 1335 et
791 1267 983 1335 dominium
1000 1286 1098 1335 suum
1127 1267 1253 1335 ibidem
1279 1268 1405 1346 faeere,
1425 1269 1574 1352 qualiter
1601 1284 1720 1335 eorum
1748 1267 1921 1352 placuerit
1946 1263 2045 1332 iuxta
2071 1266 2253 1346 rationem,
2271 1269 2306 1336 et
2326 1270 2419 1336 totum
2525 1304 2527 1314 ν

577 1420 655 1486 illut
669 1437 794 1505 regere
809 1419 896 1487 sicut
911 1421 1090 1498 meruerit,
1109 1420 1144 1487 et
1158 1419 1196 1487 in
1212 1419 1288 1504 ipsa
1302 1418 1448 1487 ecclesia
1462 1417 1520 1484 die
1534 1419 1706 1503 noctuque
1722 1416 1888 1494 officiare,
1907 1415 1996 1484 sicut
2017 1416 2115 1485 decet
2136 1416 2295 1487 sacerdos
2316 1437 2421 1504 grecos

582 1572 744 1652 villanus
764 1574 800 1639 et
814 1573 888 1639 tota
903 1573 981 1657 ipsa
996 1573 1099 1639 rebus
1115 1573 1276 1648 laborare
1291 1572 1326 1638 et
1341 1588 1485 1656 operare
1499 1571 1535 1637 et
1549 1572 1691 1648 euitare,
1710 1571 1798 1638 sicut
1812 1571 1907 1639 locus
1922 1571 1998 1654 ipse
2012 1569 2190 1648 meruerit,
2208 1573 2247 1635 ut
2268 1571 2336 1638 tota
2355 1571 2419 1656 ipsa

580 1724 682 1790 rebus
700 1711 886 1806 proficiant
900 1725 934 1790 et
949 1740 1018 1788 non
1034 1721 1245 1806 dispereant,
1265 1723 1300 1788 et
1314 1720 1427 1838 omnis
1442 1721 1588 1805 srugens
1603 1721 1638 1788 et
1653 1719 1770 1789 vinum
1786 1719 1914 1788 exinde
1928 1721 1962 1788 et
1976 1721 2242 1806 sepulturam-et
2255 1720 2380 1789 offeras
2392 1725 2420 1791 et

580 1873 804 1951 botationem,
826 1890 928 1958 quam
946 1873 1071 1941 ibidem
1100 1873 1286 1950 introierit,
1305 1874 1413 1938 totum
1435 1874 1477 1957 jn
1505 1872 1644 1939 illorum
1670 1868 1740 1940 sint
1765 1873 1948 1956 potestates
1975 1871 2171 1940 faciendum
2201 1891 2266 1958 que
2290 1874 2418 1942 voluerit

578 2026 706 2109 absque
721 2025 841 2092 nostra
852 2024 1149 2091 contrarietatem.
1165 2025 1294 2109 preter,
1309 2024 1340 2090 si
1355 2041 1494 2090 causam
1509 2023 1776 2094 ecclesiasticam
1791 2025 1845 2091 vel
1862 2024 1964 2090 vobes
1979 2027 2038 2092 aut
2054 2025 2177 2091 baccas
2193 2023 2231 2089 in
2245 2021 2319 2107 ipsa
2328 2026 2417 2091 eccle-

577 2175 633 2242 sia
649 2175 835 2254 introierit,
854 2194 989 2261 semper
1005 2175 1051 2244 sit
1065 2175 1193 2242 ibidem
1218 2175 1260 2242 ad
1285 2171 1455 2242 abendurn
1477 2177 1511 2244 et
1534 2175 1723 2261 regendum
1747 2176 1836 2255 illut,
1855 2177 1943 2243 sicut
1958 2176 1993 2244 et
2007 2174 2082 2260 ipso
2105 2174 2194 2243 aliut
2216 2177 2343 2242 tantum
2362 2194 2415 2260 pro

580 2344 724 2396 censum
740 2327 783 2396 de
805 2329 882 2412 ipsa
907 2329 1053 2396 ecclesia
1079 2346 1140 2412 per
1168 2327 1280 2396 omnis
1308 2343 1439 2398 annum
1466 2327 1552 2396 dare
1577 2329 1677 2396 nobis
1702 2329 1899 2414 nostrisque
1926 2327 2111 2396 heredibus
2136 2347 2244 2396 unum
2271 2329 2361 2413 pario
2381 2329 2416 2395 de

464 2506 467 2514 ⁴
581 2481 719 2547 obblate
736 2481 772 2547 et
787 2497 894 2546 unum
908 2496 1056 2557 cereum,
1071 2481 1105 2546 et
1121 2497 1184 2564 per
1200 2479 1312 2546 omnis
1327 2498 1457 2547 annum
1472 2481 1572 2548 iuxta
1587 2482 1755 2549 rationem
1772 2481 1848 2564 ipso
1863 2481 2037 2547 cetrarum
2053 2481 2255 2565 colligerem
2269 2482 2302 2547 et
2312 2479 2417 2550 medie·

579 2633 687 2700 tatem
705 2597 784 2699 illos
798 2631 898 2698 nobis
914 2630 1006 2709 dare,
1026 2634 1061 2698 et
1076 2632 1193 2698 omnia
1210 2634 1375 2716 quantum
1391 2631 1434 2698 ad
1449 2633 1505 2702 die
1521 2633 1605 2700 obiti
1621 2634 1675 2700 sui
1692 2632 1836 2710 abuerit,
1852 2632 1918 2699 due
1929 2633 2033 2700 sortis
2048 2631 2175 2699 exinde
2190 2629 2295 2699 deant
2308 2631 2341 2698 in
2355 2632 2417 2716 ipsa

582 2781 744 2859 ecclesia,
762 2780 955 2848 faciendum
973 2780 1099 2848 exinde
1115 2798 1196 2866 pars
1220 2781 1329 2866 ipsius
1355 2781 1498 2850 ecclesie
1524 2780 1641 2850 omnia
1668 2781 1757 2866 quod
1784 2782 1940 2859 voluerit,
1960 2784 1995 2848 et
2019 2781 2064 2849 de
2088 2781 2164 2866 ipsa
2190 2783 2325 2850 tertiam
2349 2801 2416 2866 pars

582 2935 704 3003 liceret
720 2935 791 3002 illis
807 2936 921 3004 facere
937 2937 1055 3004 omnia
1070 2935 1160 3020 quod
1177 2936 1344 3014 voluerit,
1363 2937 1398 3002 et
1414 2937 1538 3004 inclita
1551 2936 1628 3021 ipsa
1643 2937 1790 3005 ecclesia
1804 2955 1881 3003 cum
1899 2935 2107 3020 omniaque,
2125 2935 2164 3001 ut
2178 2953 2285 3021 supra
2304 2936 2417 3003 dictum

579 3089 654 3165 est,
681 3087 725 3155 ad
749 3091 870 3157 nostra
893 3090 926 3156 et
948 3087 990 3157 de
1012 3089 1141 3157 nostris
1164 3087 1348 3158 heredibus
1372 3091 1531 3192 rebertas
1549 3091 1765 3174 potestatem.
1798 3087 1888 3158 unde
1911 3090 1948 3156 in
1978 3107 2019 3157 eo
2041 3088 2163 3158 ordine
2187 3089 2315 3176 guadio
2333 3091 2416 3158 nobis

583 3237 753 3306 dederunt
776 3241 811 3307 et
833 3237 1039 3308 mediatores
1055 3239 1155 3306 nobis
1171 3241 1361 3323 posuerunt
1374 3259 1410 3308 se
1426 3239 1525 3326 ipsis3
1543 3241 1578 3308 et
1600 3259 1662 3325 per
1685 3238 1841 3308 eamdem
1865 3237 1995 3347 guadia
2010 3239 2256 3324 obligaberunt
2277 3259 2321 3318 se,
2343 3241 2375 3305 ut
2393 3237 2417 3305 si

581 3341 720 3478 aliquit,
738 3391 782 3460 de
797 3392 966 3478 quomodo
982 3394 1141 3478 superius
1158 3393 1300 3477 legitur,
1319 3392 1485 3478 quesierit
1500 3396 1679 3462 remobere
1694 3395 1752 3461 aut
1767 3395 1926 3486 contrare
1949 3395 1984 3461 et
2005 3394 2090 3460 talia
2112 3393 2215 3460 nobis
2237 3409 2305 3460 non
2326 3389 2417 3458 adim-

581 3543 742 3627 pleberit,
761 3547 845 3611 tunc
867 3561 931 3627 per
955 3543 1033 3628 ipsa
1055 3541 1185 3627 guadio
1207 3559 1414 3628 componere
1431 3545 1676 3630 obligaberunt
1697 3563 1735 3614 se
1758 3545 1858 3612 nobis
1873 3546 2068 3631 nostrisque
2090 3543 2286 3622 heredibus,
2303 3545 2351 3610 rel
2371 3544 2416 3609 cui

578 3711 647 3760 unc
664 3695 803 3762 brebem
820 3695 894 3760 vice
910 3696 1030 3764 nostra
1046 3695 1084 3762 in
1097 3713 1202 3762 manu
1216 3695 1383 3780 paruerit,
1402 3696 1531 3781 viginti
1546 3697 1625 3766 auri
1641 3696 1996 3774 solidoscostantinos
2018 3699 2052 3766 et
2067 3699 2186 3767 omnia
2202 3696 2415 3785 suprascripta

579 3843 678 3910 nobis
694 3842 935 3929 adimplerent.
956 3797 990 3912 et
1006 3862 1074 3911 unc
1089 3845 1229 3912 brebem
1246 3847 1387 3932 scripsit
1402 3864 1468 3933 ego
1484 3846 1682 3916 romoaldus
1698 3847 1866 3918 notarius.
2386 3807 2391 3818 Ι

638 3965 667 4078 †
681 4010 748 4078 ego
764 3993 961 4062 teudericus
977 4013 1031 4066 me
1046 3996 1236 4082 subscripsi
1276 4005 1282 4014 “

634 4114 746 4227 †ego
763 4144 881 4228 petrus

635 4263 908 4379 †wmm

633 4415 744 4530 †ego
761 4447 848 4515 wiso

633 4593 811 4708 ι[Σαιὺοις
844 4598 1066 4710 ἁμαρτολὸς
1097 4599 1314 4712 ἡγούμενος.

633 4773 663 4886 †
685 4773 788 4884 Ἐγὼ
818 4775 983 4884 Κόσμας
1006 4778 1271 4892 πρεσβύτερος.
