5216 7092
495 617 558 678 ato
1154 595 1316 669 counit
1354 595 1586 670 cavensis

446 849 516 924 est,
543 844 634 912 unde
657 846 738 910 ante
761 859 799 910 os
834 838 908 910 dies
931 842 1006 924 ipse
1029 839 1134 924 ligori
1158 856 1235 905 cum
1261 837 1373 922 ipsum
1397 857 1498 906 ursus
1521 839 1702 918 causabit,
1729 841 1768 905 ut
1791 841 1884 906 malo
1918 839 2039 908 ordine
2073 843 2238 910 intrasset
2271 843 2310 909 in

449 1000 554 1068 rebus
577 998 613 1064 et
636 994 725 1062 casis
747 992 888 1061 eiusde
911 993 1008 1062 intus
1030 995 1121 1059 hanc
1144 989 1396 1058 salernitanam
1421 991 1597 1056 cibitatem
1633 989 1669 1055 in
1697 990 1775 1056 vico
1807 991 1926 1057 sancte
1961 991 2127 1059 trelomee
2149 1010 2170 1058 a
2191 995 2313 1077 suptus

448 1149 525 1235 ipsa
548 1149 640 1234 ripa,
658 1152 695 1215 et
712 1147 808 1214 iobee
830 1147 878 1214 ibi
903 1145 1050 1224 fecisset,
1076 1146 1112 1212 et
1134 1145 1210 1229 ipsa
1232 1145 1334 1211 rebus
1357 1145 1393 1212 et
1414 1143 1502 1212 casis
1525 1143 1557 1210 ei
1580 1145 1782 1211 contrasset.
1801 1143 1875 1227 ipse
1898 1161 1997 1211 orsus
2021 1143 2235 1230 respondidit
2255 1145 2309 1213 di-

450 1299 609 1380 cendum,
635 1301 752 1368 tenere
777 1303 889 1369 terras
911 1301 947 1366 et
970 1297 1060 1365 casis
1084 1297 1178 1362 intus
1201 1313 1239 1362 ec
1263 1295 1404 1362 cibitate
1420 1295 1457 1360 in
1472 1296 1547 1362 vico
1570 1296 1690 1363 sancte
1712 1294 1875 1362 trefomee
1897 1295 1965 1362 eta
1980 1295 2101 1378 suptus
2123 1294 2200 1379 ipsa
2215 1294 2304 1381 ripa,

448 1455 500 1523 set
522 1451 657 1521 nescire
683 1451 727 1520 de
749 1453 848 1537 quale
870 1451 974 1519 terris
997 1452 1032 1517 et
1053 1448 1143 1517 casis
1167 1466 1244 1514 cum
1269 1466 1348 1515 eum
1371 1447 1548 1526 causabit,
1573 1448 1608 1512 et
1631 1446 1723 1513 inter
1746 1463 1783 1514 se
1805 1445 1946 1513 luerunt
1979 1445 2139 1532 guadiati
2173 1447 2306 1532 pariter

452 1619 603 1688 pergere
628 1621 730 1686 super
754 1605 830 1685 ipse
852 1600 957 1667 terris
980 1603 1014 1666 et
1038 1599 1126 1665 casis
1149 1615 1227 1662 cum
1252 1596 1400 1663 iudicem
1424 1598 1460 1662 et
1481 1596 1678 1682 notarium;
1700 1597 1737 1664 et
1759 1595 1833 1680 ipse
1856 1594 1963 1680 ligori
1990 1599 2185 1665 monstrare
2207 1599 2240 1664 ei
2261 1598 2306 1666 de

450 1757 553 1841 quale
575 1754 680 1822 terris
704 1757 739 1820 et
762 1754 853 1821 casis
877 1772 955 1821 cum
977 1771 1056 1820 eum
1081 1751 1257 1829 causabit,
1283 1753 1318 1817 et
1341 1767 1405 1834 ρει
1427 1752 1544 1834 partes
1572 1751 1741 1835 plicarent
1770 1768 1807 1817 se
1841 1767 1919 1816 cum
1955 1749 2025 1818 suis
2058 1750 2247 1819 rationibus
2269 1753 2304 1822 et

450 1904 543 1971 iusta
565 1906 679 1988 legem
704 1904 796 1972 inter
820 1921 858 1970 se
881 1902 1009 1970 exinde
1030 1901 1133 1969 finem
1156 1900 1282 1968 facere.
1301 1895 1524 1966 nunc‘autem
1548 1917 1653 1983 super
1676 1899 1749 1984 ipse
1771 1899 1876 1969 terris
1898 1902 1933 1966 et
1954 1899 2041 1967 casis
2064 1903 2302 1984 perrexerunt,

448 2057 587 2142 etipse
617 2057 724 2140 ligori
758 2055 833 2139 ipse
862 2055 966 2123 terris
996 2055 1031 2120 et
1054 2053 1144 2119 casis
1174 2051 1208 2118 ei
1237 2051 1472 2136 monstrabit3
1498 2050 1588 2118 unde
1614 2051 1689 2136 ipse
1715 2050 1820 2136 ligori
1847 2051 1971 2118 ostedit
2005 2070 2109 2119 unum
2141 2053 2305 2137 scriptum

450 2209 656 2292 sigillatum,
674 2210 708 2274 et
724 2209 799 2291 ipse
815 2225 917 2274 ursus
940 2204 1066 2274 ostedit
1088 2223 1195 2272 unum
1221 2205 1327 2271 alium
1352 2203 1533 2287 scriptum,
1552 2204 1588 2270 et
1611 2221 1674 2286 ρει
1697 2205 1813 2286 partes
1837 2203 2157 2282 manifestatorum,
2176 2205 2306 2289 utplus

450 2360 626 2427 monimen
650 2359 777 2426 exinde
800 2377 870 2425 non
894 2360 1009 2426 abere.
1037 2359 1185 2443 primum
1203 2355 1347 2444 ⁸quidem
1369 2358 1525 2441 relegere
1549 2356 1691 2423 lecimus
1714 2357 1789 2441 ipso
1812 2355 1981 2439 scriptum
2004 2355 2191 2440 sigillatum
2214 2356 2304 2442 quod

450 2511 524 2596 ipse
548 2511 652 2596 ligori
677 2511 814 2597 ostedit3
840 2511 1051 2588 continebat,
1078 2511 1227 2594 qualiter
1251 2509 1398 2576 domnus
1420 2508 1591 2594 paldolfus
1614 2512 1648 2576 et
1664 2508 1837 2593 paldolfus
1860 2508 2078 2591 principibus
2093 2509 2307 2576 concesserat

450 2662 556 2746 ligori
582 2663 781 2730 atrianense
803 2662 876 2728 filio
899 2661 1069 2746 quondam
1094 2661 1237 2728 iohanni
1259 2662 1355 2727 terra
1377 2677 1486 2728 vacua
1508 2661 1545 2726 in
1568 2661 1646 2744 ipsa
1670 2661 1749 2744 ripa
1770 2659 1813 2726 de
1836 2660 1929 2726 intus
1953 2661 2044 2726 hanc
2059 2659 2306 2727 salernitanam

452 2811 628 2878 cibitatem
652 2813 883 2896 pertinentem
909 2811 1038 2897 palatio
1062 2811 1097 2876 in
1121 2812 1197 2876 vico
1220 2815 1342 2878 sancte
1365 2813 1530 2879 tretomee
1553 2831 1575 2878 a
1597 2831 1701 2896 super
1724 2829 1804 2877 casa
1826 2813 1901 2878 eius
1921 2829 1984 2894 per
2007 2811 2099 2879 finis:
2117 2813 2160 2877 ab
2175 2811 2308 2878 oriente

454 2961 525 3028 fine
547 2963 621 3030 eius
643 2966 678 3030 et
700 2958 792 3030 leoni
815 2964 973 3048 germani
997 2963 1063 3042 sui,
1082 2966 1117 3030 et
1138 2981 1201 3047 per
1224 2963 1300 3047 ipsa
1322 2965 1389 3030 fine
1411 2962 1555 3030 saliente
1569 2979 1685 3046 ,usque
1708 2963 1784 3046 ipsa
1806 2962 1883 3046 ripa
1906 2963 2046 3028 maiore:
2066 2962 2309 3046 aseptentrio-

452 3113 545 3181 nalis
559 3115 628 3182 fine
644 3113 719 3199 ipsa
733 3116 825 3200 ripa:
844 3117 888 3182 ab
904 3115 1080 3183 occidente
1096 3115 1257 3182 similiter
1273 3116 1341 3183 fine
1356 3115 1441 3181 eius:
1461 3113 1639 3182 ameridie
1655 3113 1724 3181 fine
1740 3113 1883 3182 iohanni
1900 3114 2099 3182 atrianense
2111 3116 2169 3199 qui
2181 3115 2308 3182 dieitur

453 3268 718 3351 spiczacanzone
732 3270 765 3336 et
781 3269 823 3336 de
839 3287 1009 3354 germano
1032 3269 1118 3355 eius;
1144 3269 1300 3334 cessante
1323 3286 1344 3333 a
1367 3285 1450 3334 casa
1472 3285 1590 3335 eorum
1614 3267 1716 3352 pedes
1739 3267 2032 3353 quadtuordecim‚
2049 3271 2084 3337 et
2106 3269 2310 3354 pereanem

453 3419 522 3487 fine
537 3421 677 3488 exiente
693 3411 733 3488 et*
743 3421 976 3505 coniungente
991 3421 1034 3488 ad
1050 3421 1118 3489 fine
1136 3421 1245 3505 ipsius
1260 3420 1378 3504 ligori,
1397 3439 1458 3505 per
1468 3407 1549 3506 'ipse
1564 3421 1644 3488 finis
1660 3421 1912 3488 inclitumillut
1927 3420 2036 3506 ipsius
2052 3419 2156 3505 ligori
2172 3437 2313 3488 conoes-

453 3575 559 3653 serat;
577 3573 612 3637 et
628 3571 717 3638 aliut
731 3571 779 3638 ibi
796 3572 1003 3639 continebat.
1022 3572 1097 3656 ipso
1114 3571 1281 3656 scriptum
1299 3590 1401 3656 qnam
1419 3572 1493 3657 ipse
1509 3592 1611 3640 ursus
1627 3573 1761 3650 ostedit‚
1788 3571 2017 3640 clarificabat:
2044 3571 2314 3658 quadragesimo

452 3721 575 3786 octabo
592 3737 686 3786 anno
703 3720 920 3805 principatus
936 3720 1054 3787 domni
1079 3720 1267 3805 guaimarii
1290 3721 1462 3805 principis
1485 3725 1520 3787 et
1546 3723 1666 3788 octabo
1693 3740 1785 3790 anno
1810 3721 2030 3806 principatus
2056 3720 2173 3787 domni
2195 3721 2315 3805 gisolfi

454 3871 530 3938 eius
545 3869 629 3945 filio,
648 3889 767 3936 mense
783 3872 901 3937 iunius
925 3871 1165 3939 tertiadecima
1188 3871 1389 3939 indictione.
1411 3874 1520 3942 bonus
1542 3871 1706 3940 diaconus
1732 3875 1767 3940 et
1788 3874 1892 3940 abbas
1918 3871 2061 3939 ecclesie
2086 3871 2198 3938 sancti
2218 3871 2314 3956 petri

452 4025 612 4108 cappella
631 4023 751 4107 palatii
768 4025 802 4090 et
818 4043 919 4091 ursus
935 4025 1105 4108 presbiter
1121 4029 1155 4091 et
1170 4025 1328 4092 notarius
1344 4025 1528 4092 advocator
1544 4025 1629 4104 eius,
1648 4027 1728 4092 ante
1745 4026 1920 4108 presentia
1941 4023 2076 4092 danseri
2091 4027 2126 4093 et
2141 4023 2317 4108 radelgri-

453 4173 501 4240 mi
517 4159 690 4240 iudicibus
706 4175 861 4242 coniunti
878 4177 991 4244 tuerat
1007 4194 1084 4243 cum
1101 4195 1244 4244 maurus
1260 4177 1461 4244 atrianense
1476 4177 1548 4244 filio
1564 4178 1709 4244 iohanni
1724 4179 1783 4262 qui
1800 4179 1940 4244 vocatur
1965 4177 2243 4260 spiczacanzone,
2265 4174 2314 4241 ad

454 4323 650 4393 laciendum
667 4325 760 4391 inter
775 4341 812 4392 se
828 4325 932 4392 finem
948 4324 991 4393 de
1007 4332 1103 4393 terra
1121 4327 1155 4391 et
1167 4343 1246 4392 casa
1262 4327 1296 4392 et
1310 4327 1405 4393 torre
1420 4344 1530 4393 vacua
1547 4343 1616 4393 uno
1633 4327 1785 4394 leniente
1800 4325 1841 4394 de
1857 4327 1949 4393 intus
1964 4327 2212 4394 salernitanam
2227 4325 2316 4392 cibi-

452 4479 561 4544 tatem
577 4477 614 4543 in
630 4477 707 4542 vico
722 4481 841 4544 sancte
857 4478 1027 4557 mesomio,
1046 4478 1103 4545 ubi
1122 4479 1197 4562 ipse
1211 4496 1356 4546 maurus
1370 4497 1448 4545 cum
1464 4481 1607 4546 mastalo
1625 4497 1795 4563 germano
1818 4498 1881 4546 suo
1904 4479 2094 4548 residentes
2117 4481 2201 4558 erat,
2221 4479 2314 4546 unde

454 4628 528 4712 ipse
543 4628 653 4694 bonus
669 4625 775 4694 abbas
793 4647 869 4696 cum
894 4630 1060 4698 iamdicto
1084 4649 1184 4698 suum
1200 4631 1441 4698 advocatorem
1461 4649 1536 4697 cum
1555 4633 1709 4716 prelatus
1725 4647 1847 4697 mauro
1864 4632 2077 4706 causaberat,
2096 4632 2134 4696 ut
2148 4632 2221 4696 tote
2234 4629 2315 4713 ipsa

455 4795 545 4856 casa,
564 4778 654 4845 sicut
669 4778 830 4847 edificata
846 4782 909 4859 est,
929 4799 948 4847 e
980 4781 1056 4864 ipsa
1073 4784 1169 4849 terra
1185 4799 1297 4849 vacua
1313 4781 1528 4866 pertinentes
1550 4786 1639 4849 esset
1662 4781 1805 4848 ecclesie
1828 4781 1940 4848 sancti
1964 4779 2124 4848 minaciis
2145 4798 2211 4865 que
2232 4796 2315 4864 sup·

453 4931 545 4998 iecta
560 4932 665 4997 estin
683 4931 761 5016 ipsa
778 4935 946 5018 cappella,
961 4939 997 5000 et
1008 4935 1099 5001 inter
1114 4953 1151 5002 se
1167 4935 1306 5002 fuerant
1321 4933 1477 5019 guadiati
1493 4953 1555 5018 per
1571 4939 1690 5020 partes
1705 4934 1787 5000 inde
1804 4934 1938 5000 ratione
1953 4931 2145 5010 ostendere,
2159 4933 2194 4998 et
2205 4931 2309 4997 finem

453 5081 544 5149 inter
559 5101 597 5151 se
612 5083 739 5151 exinde
754 5085 880 5170 facere3
899 5086 933 5150 et
949 5084 1076 5151 lterum
1092 5088 1173 5152 ante
1196 5086 1370 5170 presentia
1393 5102 1512 5152 eorum
1535 5086 1648 5153 luerat
1670 5084 1835 5162 coniunti‚
1853 5085 1887 5152 et
1902 5083 1968 5167 ipsi
1993 5083 2116 5167 prelati
2139 5081 2310 5150 iudicibus

452 5231 735 5318 interrogaberat
751 5235 862 5319 ipsum
880 5235 988 5303 bonus
1006 5236 1097 5302 abba
1112 5237 1146 5302 et
1161 5235 1318 5319 predicto
1334 5254 1434 5303 suum
1449 5235 1702 5312 advocatorem,
1717 5237 1820 5320 quale
1835 5233 1969 5302 ratione
1985 5233 2064 5301 inde
2075 5233 2215 5311 habere,
2230 5249 2308 5300 eam

452 5383 646 5471 ostendere3
664 5384 755 5452 unde
777 5387 853 5470 ipse
876 5387 986 5453 bonus
1008 5387 1115 5454 abbas
1130 5405 1208 5453 cum
1225 5386 1387 5453 iamdicto
1402 5406 1498 5456 suum
1516 5387 1723 5454 advocatore
1739 5385 2030 5464 manifestaverat,
2049 5389 2088 5453 ut
2102 5403 2183 5470 pars
2199 5385 2308 5470 ipsius

452 5534 595 5604 ecclesie
617 5537 716 5603 nulla
739 5538 914 5606 monimen
937 5537 1018 5606 inde
1040 5555 1111 5605 non
1134 5539 1248 5617 abere,
1266 5539 1320 5606 set
1336 5537 1571 5604 tantummodo
1594 5555 1731 5605 censum
1756 5535 1881 5605 exinde
1902 5535 2050 5605 dedisset
2072 5536 2146 5620 ipse
2169 5535 2308 5620 genitor

451 5683 598 5770 predicti
623 5687 749 5766 mauri,
775 5689 810 5754 et
832 5688 906 5772 ipse
928 5707 1067 5757 maurus
1090 5690 1128 5756 in
1151 5708 1234 5774 pars
1256 5689 1367 5774 ipsius
1391 5689 1547 5758 ecclesie.
1576 5690 1651 5773 ipse
1680 5707 1822 5757 maurus
1852 5688 2003 5768 dixerat,
2029 5691 2068 5755 ut
2094 5690 2153 5756 ille
2174 5691 2209 5756 et
2230 5687 2308 5774 ipse

451 5837 589 5923 genitor
613 5839 688 5906 eius
711 5857 774 5924 per
798 5839 945 5923 triginta
968 5859 1079 5908 annos
1104 5841 1182 5908 illut
1203 5842 1382 5920 tenuisset,
1401 5846 1436 5909 et
1451 5843 1583 5910 nullam
1608 5859 1749 5910 censum
1771 5841 1853 5910 inde
1875 5844 1913 5909 in
1936 5861 2017 5927 pars
2040 5841 2148 5927 ipsius
2162 5839 2308 5908 ecclesie
