5252 7102
992 621 1366 694 olPLolllTlulls

981 1051 1384 1160 coooxxxrr.

1042 1326 1097 1398 A.
1134 1323 1185 1399 D.
1223 1318 1327 1400 990.

307 1582 341 1718 †
366 1637 404 1700 ln
420 1634 560 1700 nomine
575 1633 711 1700 Domini
728 1637 848 1700 octabo
864 1651 959 1700 anno
975 1634 1194 1718 principatus
1210 1633 1328 1700 domni
1345 1633 1453 1700 nostri
1471 1633 1629 1712 iohanni,
1648 1635 1801 1702 61166116
1824 1653 1917 1703 anno
1934 1629 1957 1723 ¹)
1973 1635 2104 1720 princi-

243 1791 349 1872 patus
365 1783 483 1854 domni
500 1789 692 1873 guaimarii
708 1789 780 1857 6166
795 1789 867 1856 tilio
884 1789 1042 1874 gloriosi·
1053 1788 1281 1875 principibus,
1301 1789 1417 1856 mense
1442 1791 1582 1857 octuber
1605 1759 1732 1875 666616
1755 1788 1955 1858 indictione.
1974 1808 2103 1858 memo-

196 1977 197 1985 1
242 1941 418 2006 raterium
436 1939 531 2006 factu
549 1957 570 2005 6
585 1957 642 2006 mc
658 1957 846 2008 cernamus
861 1939 1033 2024 presbiter
1056 1942 1090 2008 61
1112 1940 1218 2008 abbas
1239 1939 1384 2007 66616616
1408 1939 1517 2006 sancti
1541 1939 1700 2018 maximi,
1718 1959 1790 2007 una
1814 1959 1944 2007 mecum
1970 1940 2106 2011 adesset

241 2091 445 2159 romoaldus
460 2092 620 2160 notarius
639 2091 881 2159 adbocatorem
899 2111 1026 2170 meum,
1046 2090 1193 2176 eoquod
1211 2093 1292 2161 ante
1307 2091 1492 2176 subscripti
1508 2093 1614 2159 testes
1630 2091 1758 2159 tradidi
1780 2094 1923 2159 iohanni
1947 2096 2104 2178 66616616
2124 2087 2126 2092 ’

226 2225 321 2313 11116
337 2245 511 2332 quondam
529 2247 619 2330 petri
645 2251 752 2326 terra,
773 2247 830 2314 ubi
853 2266 946 2314 nunc
971 2249 1030 2315 1116
1053 2246 1155 2314 modo
1178 2265 1296 2314 casam
1320 2246 1516 2314 edificatam
1541 2249 1696 2352 61161666
1712 2248 1887 2317 licentiam
1911 2267 2034 2327 meam,
2061 2250 2104 2318 de

241 2400 339 2466 intus
355 2403 447 2468 hanc
463 2400 715 2468 salernitanam
731 2401 910 2467 cibitatem
928 2400 1124 2484 propinquo
1139 2399 1217 2484 ipsa
1232 2399 1376 2468 66616616
1393 2418 1456 2484 666
1480 2417 1518 2466 66
1540 2399 1621 2466 finis
1644 2401 1678 2466 61
1699 2401 1895 2468 mensoria:
1921 2401 1964 2468 de
1987 2402 2104 2469 subter

240 2558 348 2640 parte
365 2556 435 2621 1166
454 2554 511 2620 bia
528 2554 682 2638 puplica,
701 2555 782 2621 sunt
805 2552 886 2620 inde
909 2553 1015 2638 pedes
1038 2553 1178 2638 biginti3
1204 2569 1225 2618 a
1249 2571 1330 2638 pars
1355 2552 1544 2620 occidentis
1566 2553 1635 2621 fine
1657 2551 1811 2619 anditum
1828 2555 1887 2638 qui
1902 2553 2105 2621 discernita

242 2726 332 2792 pars
347 2707 457 2792 ipsius
471 2707 627 2784 ecclesie,
647 2704 737 2791 quod
754 2707 881 2774 retinet
896 2707 1013 2790 661666
1028 2707 1210 2790 presbiter,
1231 2709 1265 2773 et
1282 2709 1363 2773 sunt
1380 2705 1460 2775 inde
1476 2705 1579 2790 pedes
1599 2703 1883 2790 quadtuordecim
1900 2725 1907 2768 :
1933 2705 1976 2772 de
2000 2725 2104 2791 super

242 2861 348 2943 parte
363 2859 433 2924 tino
449 2857 558 2942 ipsius
574 2856 732 2934 ecclesie,
752 2858 803 2923 est
819 2855 898 2924 inde
914 2855 1014 2924 bedes
1031 2855 1168 2940 biginti:
1189 2875 1211 2924 a
1226 2856 1382 2941 partibus
1399 2856 1543 2924 orientis
1558 2855 1718 2922 similiter
1733 2855 1802 2922 fine
1819 2857 1926 2940 ipsius
1948 2858 2100 2938 66616616,

217 3013 326 3075 ¹sunt
344 3008 424 3075 inde
440 3007 545 3092 pedes
561 3005 867 3094 quadtuordecim3
892 3009 1001 3075 totum
1028 3011 1266 3076 mensuratum
1289 3009 1332 3075 ad
1356 3009 1443 3076 insta
1468 3027 1608 3076 manum
1633 3009 1752 3075 omini.
1780 3027 1843 3092 per
1867 3011 1942 3093 ipso
1964 3009 2046 3077 finis
2069 3015 2102 3078 61

240 3160 434 3229 mensuriis
450 3163 558 3228 totum
577 3163 611 3229 61
629 3161 788 3228 inclitum
806 3180 883 3228 cum
903 3163 1019 3228 omnia
1036 3163 1127 3228 int-ro
1144 3179 1180 3228 66
1197 3161 1339 3229 abentes
1355 3166 1389 3230 et
1405 3180 1481 3228 curn
1501 3161 1574 3230 bico
1585 3160 1628 3228 de
1640 3161 1696 3228 bia
1708 3180 1772 3228 sua
1784 3163 1815 3228 ei
1829 3161 1871 3228 ad
1886 3162 2105 3230 residendum

238 3314 454 3384 tradidimus
470 3317 533 3382 tali
550 3315 684 3396 ordine,
703 3319 742 3383 ut
762 3315 885 3383 amodo
901 3320 1056 3402 eiusque
1074 3318 1201 3401 biginti
1219 3317 1389 3402 quadtuor
1403 3317 1485 3385 anni
1503 3317 1663 3401 completi
1679 3315 1720 3382 ad
1740 3319 1855 3385 vestra
1871 3319 1905 3384 61
1920 3317 1961 3384 de
1978 3319 2104 3384 vestris
2196 3343 2200 3352 ·

239 3443 407 3533 eredibus
425 3467 496 3533 sint
510 3469 725 3552 potestatem,
744 3466 836 3534 etde
853 3469 1026 3534 ominibus
1042 3487 1142 3553 quem
1159 3467 1285 3534 ibidem
1303 3469 1481 3546 miseritis,
1500 3471 1535 3534 61
1550 3467 1665 3536 fobeas
1687 3469 1723 3534 61
1739 3469 1850 3534 omnis
1875 3470 1988 3536 vestre
2011 3469 2106 3536 utili-

241 3618 326 3686 tatis
342 3617 468 3686 ibidem
486 3619 693 3698 faciendum,
711 3622 746 3687 61
761 3639 823 3705 666
839 3621 951 3687 omnis
966 3639 1094 3687 annum
1110 3619 1215 3687 deant
1231 3619 1358 3687 exinde
1374 3638 1516 3687 censum
1531 3619 1573 3686 ad
1592 3638 1675 3704 pars
1700 3620 1809 3704 ipsius
1831 3620 1975 3688 ecclesie
2000 3639 2106 3685 unum

242 3788 392 3838 aureum
410 3769 478 3836 tari
495 3773 622 3838 bonum
640 3771 681 3839 de
697 3773 837 3838 moneta
852 3773 1007 3856 pesante.
1027 3769 1070 3837 ad
1088 3772 1249 3856 completi
1267 3769 1335 3855 ipsi
1352 3771 1477 3856 biginti
1492 3770 1665 3856 quadtuor
1681 3771 1766 3837 anni
1783 3771 1842 3839 ille
1859 3775 1972 3838 aurtom
1989 3773 2109 3856 suique

241 3921 406 3992 eredibus
425 3926 459 3989 61
475 3925 646 3991 ominibus
662 3943 727 4009 quc
743 3919 873 3991 ibidem
890 3924 1059 4002 miserint,
1079 3926 1282 4008 potestatem
1299 3925 1425 3992 abeant
1439 3923 1566 3990 exindo
1582 3923 1779 3990 disturbare
1796 3923 1910 3990 media
1933 3924 2011 4008 ipsa
2027 3941 2106 3990 6666

243 4079 280 4143 61
300 4079 422 4145 1611666
440 4077 521 4144 inde
538 4078 615 4162 ipsa
631 4079 835 4162 lingnamen
853 4081 887 4146 61
903 4081 1015 4148 omnis
1030 4097 1091 4148 sua
1115 4096 1218 4145 causa
1241 4081 1275 4144 61
1298 4080 1439 4163 6661666
1462 4078 1521 4145 ubi
1547 4078 1729 4156 boluerint,
1749 4078 1874 4162 etipsa
1898 4077 1968 4143 6116
1991 4077 2105 4144 media

242 4248 328 4297 casa
343 4231 512 4310 conciata,
531 4232 644 4317 qualis
669 4233 739 4302 illis
756 4234 877 4301 diebos
893 4234 1007 4312 suerit,
1026 4234 1149 4300 inolita
1164 4233 1365 4318 supradicta
1380 4236 1476 4298 terra
1493 4251 1555 4317 por
1569 4231 1765 4317 supradicte
1781 4231 1861 4297 11616
1884 4235 1918 4297 61
1934 4231 2106 4297 mensurio

243 4382 402 4476 rebertar
418 4381 454 4447 in
472 4381 550 4465 ipso
565 4383 723 4450 66616616.
742 4387 778 4450 61
800 4384 829 4451 si
851 4384 968 4451 taliter
984 4387 1048 4452 etc:
1071 4381 1232 4466 Sequitur
1247 4384 1406 4450 66666616
1416 4382 1572 4464 [morula
1587 4382 1867 4462 compunctionis
1882 4382 2006 4464 6161611
2022 4382 2105 4448 aori

240 4532 433 4600 solidorum
448 4537 815 4616 constantinianorum,
841 4539 1041 4620 interposito
1056 4538 1250 4606 mediatore
1268 4536 1372 4644 Petro
1387 4521 1525 4605 notorio
1542 4535 1610 4616 dtio
1627 4535 1798 4619 quondam
1813 4531 2000 4602 Sollicitet
2016 4535 2108 4599 hunc

247 4687 386 4754 brebem
403 4688 528 4772 scripsi
546 4705 612 4774 666
629 4690 785 4758 ademari
802 4689 1032 4794 notarius'qui
1050 4689 1204 4757 interlui.

307 4809 338 4923 †
360 4857 427 4924 ego
450 4839 556 4908 6666

307 4963 337 5076 Τ
360 5009 428 5078 666
451 4993 607 5065 alderissi
624 4997 780 5065 notarius
797 5017 850 5066 me
865 4997 1058 5082 subscripsi

309 5117 338 5226 †
361 5164 428 5230 666
451 5149 660 5218 romoaldus.

249 5361 304 5366 „-
532 5349 681 5359 ,,.,,,-.

289 5488 314 5560 ⁴)
329 5487 459 5562 Septimo
474 5505 554 5546 anno
568 5488 687 5545 loannis
701 5499 731 5546 61
745 5489 874 5547 secundo
890 5487 1062 5562 Goaimerii3
1077 5507 1146 5547 nam
1162 5508 1179 5546 a
1192 5504 1294 5546 mense
1310 5485 1471 5544 Nouembri
1481 5482 1583 5556 incipit
1597 5478 1657 5537 Vlll
1673 5493 1768 5536 annus
1782 5474 1901 5533 loannis
1919 5479 1947 5531 et
1968 5489 1986 5530 a
2006 5485 2110 5528 mense

252 5611 354 5670 Martio
369 5611 406 5666 lll
422 5629 517 5669 onnus
532 5610 698 5670 Guaimorii.
