5286 7098
970 577 1341 650 olrtolllllots
1990 601 2025 660 Sl

224 829 275 892 est
289 825 504 909 pertinentes
520 841 584 908 per
599 823 668 892 suis
684 823 875 890 rationibus
893 822 1097 906 ubicumque
1113 821 1241 890 exinde
1258 823 1419 890 iubentus
1433 821 1568 891 dederit
1582 841 1645 908 per
1668 825 1789 894 eadem
1812 827 1900 897 fines
1921 831 2074 898 nucerie.

229 975 348 1042 inclite
363 977 474 1043 tribus
492 977 701 1044 sortionibus
717 974 797 1042 inde
812 975 913 1040 nobis
926 972 1071 1040 tradidit
1087 977 1123 1040 in
1140 974 1203 1041 tali
1220 971 1353 1052 ordine,
1372 975 1410 1040 ut
1426 973 1549 1042 amodo
1565 979 1600 1042 et
1622 993 1728 1062 usque
1750 979 1861 1046 tribus
1884 978 1965 1046 anni
1989 936 2081 1048 come

225 1129 308 1214 pleti
326 1128 428 1196 liceat
443 1146 507 1196 nos
523 1131 558 1196 et
572 1128 741 1206 homines,
760 1147 861 1212 quem
877 1144 940 1194 nos
955 1128 1004 1195 ibi
1017 1127 1229 1204 miserimus,
1247 1129 1325 1196 illut
1339 1130 1458 1197 tencre
1472 1132 1589 1197 nostre
1604 1132 1766 1215 potestati
1781 1135 1817 1201 et
1831 1130 2024 1206 dominare,
2043 1139 2076 1202 et

226 1281 338 1347 omnis
353 1280 472 1346 nostra
489 1278 637 1347 utilitate
653 1279 754 1346 liceat
769 1295 831 1346 nos
847 1277 896 1345 ibi
913 1278 1036 1356 iacere,
1056 1279 1092 1343 et
1107 1279 1273 1361 quantum
1289 1279 1503 1362 potuerimus
1519 1279 1677 1346 laborare
1692 1281 1728 1347 et
1741 1281 1915 1350 seminare
1937 1283 1971 1350 et
1993 1281 2079 1349 dare

226 1428 525 1509 adlaborandum,
543 1433 577 1498 et
592 1433 756 1515 quantum
774 1431 972 1498 annualiter
987 1431 1036 1497 ibi
1052 1432 1257 1498 seminatum
1282 1431 1399 1509 luerit,
1424 1429 1541 1500 demus
1564 1430 1645 1500 inde
1667 1431 1868 1500 terraticum
1891 1433 2078 1502 secundum

224 1581 508 1649 consuetudinem
525 1581 568 1649 de
584 1583 659 1667 ipso
675 1585 800 1660 locum,
818 1585 854 1650 et
868 1584 943 1668 ipso
959 1585 1099 1651 arbusto
1115 1586 1197 1669 apto
1213 1586 1368 1666 tempore
1383 1584 1581 1652 laboremus
1603 1587 1637 1652 et
1659 1586 1826 1655 cultemus
1849 1589 1887 1653 ut
1909 1587 1995 1654 bene
2018 1604 2080 1671 pa·

224 1737 300 1802 reat
315 1735 522 1812 laboratum,
541 1735 630 1802 sicut
644 1737 740 1802 locus
756 1734 830 1820 ipse
844 1735 1021 1812 meruerit,
1038 1737 1074 1802 et
1088 1737 1223 1802 salbum
1247 1751 1306 1803 eos
1322 1735 1501 1814 faciamus,
1520 1738 1556 1802 et
1571 1754 1634 1821 per
1652 1738 1806 1820 tempore
1822 1738 1989 1806 iaciamus
2012 1739 2079 1807 sci-

225 1905 265 1955 re
282 1889 397 1973 ipsum
413 1888 610 1956 romoaldus
621 1892 655 1956 et
670 1890 746 1957 eius
760 1888 905 1956 heredes
920 1891 955 1956 et
969 1907 1033 1956 nos
1051 1888 1126 1974 ipso
1143 1890 1284 1956 arbusto
1299 1891 1507 1964 laboremus,
1519 1893 1555 1957 et
1569 1893 1735 1975 quantum
1753 1891 1870 1958 vinum
1888 1890 1968 1961 inde
1983 1893 2077 1961 exie

223 2038 283 2117 rit,
302 2039 421 2107 inclita
436 2039 655 2108 medietatem
672 2041 750 2107 illut
765 2040 797 2107 ei
815 2039 935 2108 demus
950 2045 986 2107 et
1008 2039 1229 2108 medietatem
1247 2041 1344 2109 nobis
1361 2044 1560 2120 habeamus,
1579 2044 1615 2109 et
1631 2060 1827 2120 crannum,
1846 2045 2010 2128 quantum
2026 2043 2077 2109 vi-

222 2209 307 2257 num
332 2191 413 2258 inde
435 2192 573 2270 exierit,
591 2193 699 2257 totum
717 2191 796 2258 illut
811 2194 845 2259 et
868 2191 989 2260 demus
1011 2195 1046 2258 et
1069 2209 1239 2277 ponamus
1262 2193 1360 2260 illurn
1385 2193 1423 2260 in
1445 2209 1600 2278 organeo
1623 2196 1741 2261 nostro
1764 2196 1799 2260 et
1828 2193 1965 2262 salbum
1995 2193 2073 2260 illut

226 2343 260 2409 ei
278 2342 456 2422 iaciamus
475 2344 554 2411 dum
571 2361 629 2412 eos
646 2343 724 2413 inde
740 2347 839 2412 tollat
863 2348 992 2430 absque
1014 2344 1286 2430 degeneratione
1308 2321 1343 2412 et
1366 2345 1409 2412 de
1432 2347 1552 2430 ingne.
1571 2343 1663 2412 unde
1678 2363 1741 2430 per
1757 2347 1849 2413 bona
1864 2345 2080 2414 combenien-

223 2495 275 2559 tia
287 2493 404 2561 wadia
417 2495 518 2562 nobis
536 2496 611 2580 ipse
633 2495 832 2564 romoaldus
855 2496 949 2564 dedit
972 2500 1006 2565 et
1028 2497 1255 2566 mediatorem
1279 2498 1379 2566 nobis
1402 2497 1515 2582 posuit
1537 2494 1696 2563 radechis
1718 2497 1873 2564 notarius
1895 2495 1988 2564 filins
2009 2499 2079 2563 teo

224 2645 405 2733 delgrimi3
430 2651 465 2714 et
487 2667 551 2733 per
574 2651 650 2734 ipsa
671 2649 786 2717 wadia
809 2649 978 2736 obligavit
1000 2670 1037 2720 se
1060 2655 1094 2719 et
1117 2669 1198 2719 suos
1221 2650 1365 2720 heredes
1381 2651 1561 2720 defensare
1577 2650 1676 2717 nobis
1692 2651 1770 2734 ipsa
1785 2651 1888 2718 rebus
1903 2649 1949 2717 da
1971 2651 2084 2717 omnis

222 2801 381 2867 homines
405 2801 567 2887 omnique
590 2803 760 2886 partibus,
780 2806 814 2870 et
830 2807 912 2870 ante
928 2804 1004 2889 ipso
1019 2805 1243 2873 constitutum
1259 2823 1329 2872 non
1346 2807 1466 2890 querat
1484 2807 1562 2874 illut
1576 2807 1676 2874 nobis
1690 2807 1813 2875 tollere
1829 2809 1890 2872 aut
1905 2805 2077 2872 contrare.

225 2951 360 3036 quodsi
379 2953 514 3039 aliquit,
541 2955 586 3022 de
610 2956 778 3040 quomodo
801 2957 960 3042 superius
984 2959 1125 3044 legitur,
1152 2959 1317 3044 quesierit
1341 2961 1519 3026 remobero
1542 2963 1603 3026 aut
1625 2961 1784 3028 contrare
1807 2965 1841 3026 et
1864 2957 1979 3026 taliter
2005 2957 2082 3042 ipsa

229 3105 332 3171 rebus
346 3104 446 3174 nobis
460 3123 530 3172 non
546 3105 787 3188 defensaverit,
807 3127 1016 3194 componere
1039 3111 1209 3195 obligavit
1231 3129 1268 3178 se
1291 3112 1326 3177 et
1348 3127 1428 3178 suos
1450 3109 1595 3178 heredes
1617 3111 1713 3180 nobis
1735 3109 1854 3178 decem
1877 3109 2004 3178 solidos
2027 3127 2082 3175 co-

227 3256 397 3324 stantinos
419 3260 465 3336 et,
491 3257 580 3324 sicut
596 3257 725 3326 dictum
750 3261 813 3339 est,
831 3279 895 3345 per
918 3263 1049 3329 imbitis
1073 3263 1151 3329 illut
1165 3262 1264 3330 nobis
1280 3261 1460 3332 defensare
1483 3281 1590 3346 usque
1613 3263 1681 3347 ipsi
1703 3267 1774 3329 tres
1800 3262 1883 3330 anni
1906 3261 2079 3346 completi.

221 3413 461 3480 verumtamen
481 3413 580 3479 deoc
602 3432 730 3483 annum
755 3418 790 3482 in
814 3421 918 3486 antea
941 3437 1048 3504 usque
1071 3420 1147 3504 ipso
1163 3418 1388 3487 constitutum
1404 3419 1464 3486 ille
1485 3417 1585 3485 nobis
1608 3415 1711 3485 deant
1734 3433 1938 3502 organeum,
1963 3415 1997 3484 et
2019 3433 2082 3484 nos

229 3564 307 3647 ipso
330 3582 485 3650 organeo
500 3567 666 3635 faciamus
682 3567 854 3648 conciare,
874 3571 910 3637 et
932 3569 1009 3656 ipsa
1030 3571 1105 3640 eius
1128 3572 1281 3641 sortione
1304 3587 1473 3657 ponamus
1497 3570 1534 3637 in
1558 3568 1633 3654 ipso
1655 3586 1807 3654 organeo
1831 3571 1865 3635 et
1887 3567 2016 3635 salbum
2039 3568 2081 3634 il-

221 3719 296 3783 lum
325 3719 358 3784 ei
389 3719 576 3798 iaciamus,
600 3717 683 3787 dum
707 3737 765 3788 eos
788 3719 870 3788 inde
894 3723 994 3790 tollat
1017 3725 1146 3810 absque
1168 3724 1210 3794 de
1233 3726 1342 3809 ingne
1373 3727 1407 3791 et
1440 3722 1722 3808 degeneratione.
1748 3724 1783 3789 et
1817 3724 1909 3789 hunc
1945 3721 2080 3789 brebem

225 3869 351 3954 scripsi
386 3886 452 3952 ego
475 3871 642 3937 iohannes
664 3872 822 3941 notarius
844 3873 903 3959 qui
929 3874 1084 3943 interfui.

275 3993 306 4104 †
327 4039 394 4106 ego
418 4023 476 4106 qui
499 4041 604 4108 supra
626 4024 824 4094 romoaldus
847 4046 902 4097 me
924 4028 1113 4112 subscripsi

275 4145 306 4256 †
328 4189 395 4256 ego
416 4175 475 4258 qui
501 4193 608 4260 supra
631 4175 789 4244 radechis
811 4180 967 4248 notarius

273 4294 304 4408 †
326 4341 393 4409 ego
415 4326 569 4394 ioannes.

998 4833 1322 4914 CCLXXVI.

1014 5077 1070 5152 A.
1107 5075 1158 5153 D.
1197 5074 1300 5154 974.

278 5336 314 5466 †
330 5386 370 5449 ln
386 5384 525 5451 nomine
540 5383 671 5450 domini
688 5385 801 5469 primo
817 5402 909 5452 anno
926 5385 1140 5470 principatus
1155 5383 1272 5450 domni
1290 5385 1400 5452 nostri
1419 5382 1561 5450 landolfi
1573 5381 1717 5468 gloriosi
1733 5381 1901 5466 principis
1913 5386 1948 5449 et
1959 5381 2079 5448 domui·

220 5529 364 5598 landolfi
388 5531 464 5600 eius
486 5534 571 5613 filie,
596 5553 713 5604 mense
735 5535 915 5606 ianuarius
937 5536 1089 5604 secunda
1111 5535 1312 5604 indictione.
1332 5533 1613 5603 memoratorium
1637 5533 1728 5599 iactu
1751 5549 1843 5600 ame
1865 5529 2078 5618 guaimarius

188 5733 193 5740 .
221 5681 396 5764 presbiter
418 5687 453 5752 et
475 5689 689 5768 monachus,
715 5689 774 5774 qui
797 5690 847 5758 111
870 5691 1011 5758 natibus
1034 5689 1076 5758 de
1099 5691 1193 5758 cibes
1215 5691 1378 5775 neapoli,
1404 5709 1443 5759 eo
1468 5685 1557 5773 quod
1585 5687 1678 5754 intus
1708 5688 1800 5753 hanc
1831 5683 2076 5753 salernitanam

220 5833 400 5901 cibitatem
414 5839 494 5906 ante
505 5839 691 5923 subscripti
711 5842 815 5908 testes
833 5857 896 5925 per
914 5841 1002 5906 bona
1018 5839 1269 5908 combenientia
1285 5837 1504 5907 tradiderunt
1521 5836 1604 5904 1111111
1621 5835 1835 5904 domnandus
1852 5837 1886 5903 et
1898 5833 2071 5919 iaquintus

431 5961 491 6008 ron.
512 5961 543 6006 11.
1926 5961 1950 6003 11
