5286 7098
1225 617 1387 688 (101)ch
1431 620 1664 690 utullusls

1270 1072 1614 1152 CCXXXIX.

1302 1319 1356 1395 A.
1393 1317 1443 1396 D.
1480 1313 1584 1394 966.

864 1571 878 1596 .

569 1585 659 1722 †ln
674 1633 814 1701 nomine
842 1631 973 1699 domini
1001 1647 1092 1697 auno
1115 1629 1290 1698 tricesimo
1306 1631 1432 1714 quarto
1455 1631 1675 1714 principatus
1698 1629 1815 1696 domni
1840 1629 1947 1699 nostri
1972 1629 2088 1714 gisolfi
2111 1631 2257 1714 gloriosi
2280 1633 2372 1714 prin-

512 1789 614 1875 cipis,
642 1805 760 1855 mense
783 1785 922 1869 magius
947 1801 1039 1851 nona
1063 1780 1262 1850 indictione.
1283 1781 1565 1848 memoratorium
1590 1781 1684 1847 factu
1706 1797 1798 1850 ame
1813 1782 1932 1864 petrus
1955 1782 2127 1866 presbiter
2149 1787 2184 1852 et
2201 1783 2305 1852 abbas
2322 1804 2373 1851 ec-

514 1943 618 2010 clesie
640 1939 754 2009 sancti
778 1939 948 2011 maximi,
975 1954 1016 2004 eo
1039 1935 1129 2019 quod
1153 1939 1235 2001 ante
1258 1937 1377 2018 petrus
1399 1933 1592 2012 castaldus
1619 1935 1678 2019 qui
1701 1937 1753 2002 est
1776 1953 1882 2001 isinum
1905 1932 1948 2000 de
1970 1933 2114 2001 dominii
2137 1935 2247 2020 ipsius
2269 1937 2372 2005 eccle·

511 2095 574 2172 sie,
599 2094 715 2179 ibique
739 2095 851 2160 stante
875 2090 935 2157 alii
959 2093 1061 2156 testes
1084 2106 1147 2172 per
1178 2106 1269 2154 vona
1291 2085 1545 2154 combenientia
1567 2105 1657 2153 vone
1679 2104 1739 2154 sue
1769 2087 1970 2154 volumtatis
1999 2103 2068 2152 uno
2098 2086 2212 2156 tinore
2243 2086 2368 2171 guadio

512 2247 599 2314 mihi
622 2245 792 2314 dederunt
825 2243 931 2311 roffus
961 2244 1053 2310 lilius
1077 2240 1247 2326 quondam
1272 2241 1456 2325 guisenolfi
1480 2243 1515 2307 et
1537 2239 1699 2308 ildericus
1723 2239 1869 2308 clericus
1891 2239 1984 2307 filius
2006 2239 2178 2325 quondam
2202 2241 2363 2319 mirandi,

513 2397 572 2480 qui
596 2399 675 2464 sunt
696 2413 833 2462 socrum
857 2397 891 2461 et
914 2411 1070 2479 genero,
1096 2395 1130 2458 et
1153 2392 1379 2459 mediatorem
1403 2392 1489 2458 mihi
1513 2395 1700 2476 posuerunt
1722 2393 1858 2458 amatus
1881 2391 1974 2459 filius
2009 2391 2181 2476 quondam
2216 2393 2363 2477 grisoni,

512 2549 670 2630 quisunt
694 2546 878 2614 abitatores
901 2543 944 2610 de
968 2547 1080 2610 locum
1104 2541 1269 2627 nuceria3
1295 2545 1330 2609 θῖ
1352 2560 1415 2627 per
1438 2544 1517 2626 ipsa
1539 2542 1670 2627 guadio
1693 2503 1998 2626 obligaverunt'se,
2017 2543 2056 2609 ul
2073 2543 2131 2608 ubi
2153 2543 2366 2627 potuerimus

511 2715 574 2765 nos
598 2699 801 2765 solutionem
827 2698 953 2763 habere
976 2713 998 2762 a
1021 2693 1238 2779 supradictus
1261 2694 1407 2787 domnus
1430 2695 1587 2779 gisolfus,
1616 2694 1686 2761 illis
1701 2697 1814 2761 autem
1832 2695 2001 2778 plicarent
2023 2713 2060 2762 se
2083 2698 2118 2762 et
2142 2695 2314 2780 plicarent
2329 2699 2366 2762 fl-

513 2851 675 2927 dissuis,
701 2850 845 2917 nomina
867 2851 1006 2916 illorum
1032 2851 1149 2932 petrus
1171 2851 1204 2916 et
1228 2846 1383 2918 adelferi.
1410 2849 1444 2914 et
1468 2847 1633 2915 uxoribus
1650 2848 1785 2914 illorum
1810 2848 1951 2914 nomina
1966 2849 2081 2933 grima
2097 2852 2131 2916 et
2147 2849 2285 2928 menda,
2311 2852 2366 2934 qui

483 3049 490 3058 ·
514 3003 580 3068 fuit
602 3001 673 3068 filia
695 3003 773 3086 ipsa
797 3000 914 3084 grima
929 3000 1020 3083 petri
1036 2999 1128 3065 filius
1143 2999 1294 3064 senatori
1312 3001 1347 3066 et
1364 2999 1441 3082 ipsa
1457 2997 1584 3066 monda
1606 2997 1678 3065 filia
1702 2997 1862 3083 geraldi3
1888 3000 1977 3064 sicut
2004 2998 2167 3078 diximus,
2197 2999 2366 3084 plicareut

512 3169 548 3218 se
564 3169 642 3218 cum
660 3149 746 3236 ipsis
763 3149 843 3216 liliis
860 3150 932 3218 suis
949 3152 982 3216 et
999 3145 1073 3233 ipse
1088 3149 1254 3216 risoribus
1271 3149 1408 3216 illorum
1427 3153 1461 3216 et
1477 3167 1545 3218 uuo
1561 3149 1672 3216 tinore
1687 3147 1871 3217 secundum
1890 3151 2005 3234 legem
2021 3149 2176 3217 facerent
2192 3149 2365 3218 nobiscum

414 3336 419 3344 ·
511 3303 611 3371 firme
633 3305 767 3370 cartule
790 3302 1027 3368 vicariationis
1043 3320 1130 3368 vone
1146 3303 1236 3368 lacte
1252 3319 1330 3368 cum
1348 3303 1443 3386 penis
1460 3303 1613 3385 obligate
1629 3302 1670 3370 de
1687 3303 1940 3388 quinquaginta
1957 3301 2077 3369 solidis
2100 3301 2143 3370 de
2164 3301 2282 3371 inclite
2297 3320 2367 3370 sor-

508 3456 662 3524 tionibus
685 3457 825 3524 illorum
849 3456 890 3524 do
914 3457 1016 3522 rebus
1031 3455 1073 3522 de
1089 3457 1199 3522 locum
1215 3455 1369 3533 nuceria,
1388 3456 1445 3522 ubi
1462 3455 1652 3525 residentes
1677 3457 1742 3523 mit
1768 3460 1887 3541 petrus
1914 3455 2006 3525 filius
2029 3455 2253 3542 raudiperti3
2279 3456 2365 3524 unde

511 3628 593 3694 pars
609 3609 718 3693 ipsius
734 3609 879 3676 ecclesie
895 3608 938 3675 de
954 3609 1057 3674 rebus
1074 3608 1172 3674 istius
1188 3609 1277 3692 petri
1293 3610 1453 3692 quartam
1467 3611 1599 3692 partem
1617 3611 1735 3677 tollere
1751 3607 1852 3676 debet
1868 3627 1932 3693 pro
1944 3627 2026 3694 pars
2042 3610 2288 3693 anghelsende,
2307 3611 2364 3695 qui

510 3761 577 3828 suit
591 3777 679 3827 uxor
695 3759 779 3837 eius,
795 3759 851 3844 qui
863 3762 915 3826 est
931 3759 1008 3844 ipsa
1025 3759 1125 3826 rebus
1141 3760 1176 3824 in
1193 3759 1310 3828 eodem
1327 3762 1401 3826 loco
1417 3763 1498 3828 ante
1514 3761 1659 3828 ecclesia
1674 3761 1785 3828 sancti
1802 3762 1955 3828 marcelli
1971 3762 2018 3826 im
2034 3761 2192 3846 partibus
2209 3762 2360 3838 orientis,

511 3916 561 3982 sic
576 3914 677 3980 firma
701 3913 838 3980 cartula
853 3911 1091 3980 vicariationis
1108 3910 1151 3978 de
1168 3910 1241 3994 ipsa
1258 3912 1370 3983 rebus,
1390 3912 1478 3997 quod
1496 3913 1632 3980 illorum
1650 3913 1821 3980 ominibus
1844 3916 1897 3980 est
1911 3913 2156 3998 pertinentem,
2183 3914 2364 3982 undecum-

508 4083 575 4151 que
590 4064 633 4132 de
649 4064 727 4148 ipsa
744 4065 859 4141 rebus,
878 4063 936 4146 qui
953 4061 1017 4128 fuit
1034 4061 1141 4144 ipsius
1165 4061 1254 4144 petri
1281 4060 1325 4126 im
1351 4063 1509 4146 partibus
1526 4061 1684 4129 iamdicta
1701 4065 1818 4129 nostre
1843 4063 1986 4130 ecclesie
2013 4063 2176 4141 facerent,
2207 4068 2245 4131 ut
2272 4065 2362 4131 omni

507 4221 662 4302 tempore
677 4217 826 4284 firmiter
843 4217 1000 4300 partibus
1015 4217 1133 4282 nostre
1148 4214 1293 4282 ecclesie
1309 4215 1385 4281 illut
1400 4217 1577 4292 baberent,
1593 4216 1790 4284 faciendum
1806 4215 1896 4300 quod
1913 4217 2135 4294 voluerimus
2153 4218 2187 4284 et
2209 4215 2287 4284 illut
2301 4217 2364 4283 ibi-

507 4366 586 4434 dem
600 4366 820 4435 defensarent
836 4367 929 4432 0mni
947 4369 1102 4451 tempore
1117 4366 1164 4433 da
1180 4367 1293 4432 omnis
1310 4368 1465 4435 homines
1482 4386 1543 4453 per
1559 4367 1760 4453 supradicta
1776 4367 1998 4452 obligatione,
2017 4385 2058 4435 eo
2080 4366 2171 4452 quod
2193 4385 2257 4436 nos
2280 4368 2362 4472 obli-

507 4517 665 4601 gerimus
677 4536 796 4586 eorum
812 4519 964 4589 dandum
982 4521 1217 4586 vicariationis
1230 4539 1298 4588 una
1314 4521 1410 4604 pecie
1425 4521 1467 4589 de
1482 4525 1577 4591 terra
1592 4524 1701 4608 ipsius
1717 4523 1862 4591 ecclesie
1878 4523 1968 4609 quod
1983 4525 2110 4592 habent
2125 4523 2160 4590 in
2178 4525 2291 4591 locum
2307 4541 2360 4592 ca-

506 4667 579 4734 sole
583 4718 830 4734 .....
879 4687 946 4734 una
962 4673 1059 4753 parte
1075 4670 1118 4736 ad
1136 4671 1239 4737 finem
1253 4671 1361 4754 ipsius
1378 4672 1510 4740 ilderici
1527 4674 1748 4740 coniunctum
1765 4676 1826 4744 est.
1846 4677 1881 4741 et
1902 4677 1931 4742 si
1955 4673 2070 4742 taliter
2096 4675 2215 4743 omnia
2240 4694 2360 4760 supra-

504 4824 636 4906 scripta
652 4841 720 4889 non
737 4821 1006 4906 adimpleverint
1022 4823 1057 4888 in
1074 4822 1230 4906 partibus
1247 4825 1408 4892 iamdicto
1424 4828 1540 4894 nostre
1555 4829 1698 4897 ecclesie
1720 4827 1764 4896 de
1780 4829 1856 4913 ipsa
1872 4829 1975 4896 rebus
1990 4827 2033 4895 de
2056 4830 2132 4915 ipso
2154 4831 2265 4896 locum
2282 4831 2358 4897 ante

505 4977 582 5060 ipsa
598 4973 755 5050 ecclesia,
774 4975 807 5040 et
823 4971 1060 5057 quodcumque
1075 4975 1291 5042 causationes
1308 4977 1407 5044 nobis
1422 4981 1475 5044 rel
1492 4978 1528 5044 in
1546 4978 1708 5062 partious.
1718 4979 1827 5064 ipsius
1842 4982 1959 5048 nostre
1973 4979 2116 5048 ecclesie
2131 4978 2213 5048 inde
2235 4995 2357 5065 propo

501 5127 634 5195 suerint
650 5125 977 5210 quomodocumque,
997 5143 1204 5210 componere
1220 5128 1318 5195 nobis
1334 5133 1369 5194 et
1386 5130 1420 5196 in
1449 5149 1531 5215 pars
1560 5131 1669 5216 ipsius
1695 5131 1838 5200 ecclesie
1865 5131 2130 5216 obbligaverunt
2156 5149 2193 5199 se
2220 5131 2356 5215 suisque

503 5280 687 5348 heredibus
706 5279 833 5363 biginti
851 5278 977 5346 solidos
993 5281 1216 5347 costantinus.
1236 5285 1268 5346 et
1287 5285 1374 5350 bunc
1394 5285 1531 5352 brebem
1548 5287 1670 5370 scripsi
1687 5305 1753 5368 ego
1769 5288 1888 5370 petrus
1904 5285 2061 5353 notarius
2084 5284 2142 5369 qui
2158 5283 2309 5353 interfui.

559 5402 670 5514 †ego
687 5431 743 5513 qui
762 5447 868 5512 supra
884 5432 1013 5512 petrus.
