5216 7092
592 607 651 666 m
1260 581 1424 656 eoosx
1462 582 1694 672 elususrs

547 852 613 919 que
629 835 722 901 infra
737 831 815 915 ipsa
829 829 1005 897 mensoria
1021 828 1085 906 est,
1105 827 1140 894 et
1156 825 1347 894 adunamus
1362 825 1488 910 quante
1503 826 1637 910 petrem
1652 824 1781 893 ibidem
1805 827 1883 894 abet
1906 827 1940 894 et
1962 826 2193 912 srabioemus3
2220 824 2298 892 inde
2313 828 2347 892 et
2359 826 2397 894 de

545 989 617 1055 alie
633 988 730 1070 petre
746 986 864 1052 nostre
879 983 1052 1067 parietem
1069 981 1112 1048 ad
1129 981 1274 1050 calceet
1289 982 1387 1065 petre
1409 982 1447 1046 in
1471 979 1547 1065 ipsa
1573 984 1677 1064 parte
1704 999 1859 1066 suprana
1885 979 1980 1048 circa
1995 981 2070 1066 ipso
2101 980 2234 1066 pariete
2263 981 2397 1066 antiquo

549 1155 612 1222 per
628 1134 812 1222 longitudo
828 1135 904 1220 ipse
919 1135 1087 1220 parietem
1104 1134 1284 1212 iaciamus,
1302 1134 1466 1218 quantum
1483 1135 1535 1199 est
1552 1131 1630 1216 ipsa
1644 1134 1742 1200 terra
1757 1151 1824 1218 que
1838 1133 1937 1200 uobis
1951 1130 2081 1199 tradidi
2096 1149 2159 1214 per
2176 1131 2252 1216 ipsa
2267 1149 2397 1200 mensu-

543 1287 600 1358 ¹ria
617 1289 660 1357 de
677 1289 744 1374 ipsi
761 1289 910 1373 triginta
932 1288 1083 1373 quinque
1104 1285 1208 1372 pedes
1236 1288 1272 1353 et
1299 1285 1445 1353 altitudo
1467 1286 1543 1372 ipso
1566 1285 1733 1370 parietem
1758 1283 1923 1353 iaciamus
1945 1303 2022 1351 eum
2048 1283 2279 1362 fundamento,
2297 1303 2398 1368 quan·

547 1444 620 1507 tum
637 1439 803 1508 meruerit
817 1439 861 1504 da
875 1443 970 1506 terra
985 1455 1093 1522 usque
1109 1436 1153 1503 ad
1169 1436 1298 1505 tectum
1312 1435 1361 1505 de·
1371 1453 1452 1503 casa
1475 1438 1647 1514 terranea,
1666 1436 1793 1520 etipse
1808 1434 1973 1520 parietem
1991 1432 2149 1520 latitudo,
2168 1434 2258 1501 sicut
2273 1452 2399 1504 meroe

431 1662 435 1670 ,
546 1591 594 1658 rit
609 1593 647 1657 ul
675 1593 803 1658 benum
830 1590 908 1668 siat,
939 1589 1156 1656 olfaciamus
1179 1587 1228 1653 ibi
1258 1605 1322 1672 per
1347 1588 1419 1653 tota
1434 1587 1511 1672 ipsa
1533 1588 1709 1655 mensoria
1732 1605 1815 1654 casa
1839 1589 2013 1665 terranea,
2039 1585 2127 1653 sicut
2156 1587 2343 1672 meruerit3
2366 1590 2397 1654 ut

549 1742 671 1809 amodo
695 1744 730 1810 et
753 1759 817 1827 per
841 1743 913 1808 teto
936 1759 1056 1807 mense
1080 1740 1204 1824 agusto
1227 1739 1326 1823 prius
1349 1740 1509 1808 boniente
1533 1740 1698 1807 abeamus
1721 1740 1758 1805 in
1783 1741 1852 1805 teta
1877 1739 1956 1823 ipsa
1981 1742 2078 1805 terra
2106 1757 2186 1806 casa
2212 1740 2403 1805 lacteolum

552 1913 596 1962 ex
614 1897 708 1963 omni
724 1897 837 1981 parte,
857 1898 892 1960 ot
910 1894 1003 1960 intus
1019 1912 1081 1978 per
1098 1891 1250 1960 medium
1267 1894 1423 1959 ettotam
1448 1895 1645 1977 coopertam
1670 1893 1759 1959 sicut
1776 1893 1952 1974 meruerit,
1972 1897 2011 1960 ut
2035 1895 2157 1960 bonam
2182 1893 2247 1960 siat
2270 1893 2401 1972 factam,

554 2048 588 2114 et
604 2045 801 2112 dibidamus
819 2045 914 2112 illam
932 2063 996 2128 per
1012 2044 1163 2112 medium
1180 2065 1187 2108 :
1206 2062 1287 2129 pars
1304 2045 1414 2128 ipsius
1438 2045 1581 2113 ecclesie
1604 2045 1709 2112 tollad
1732 2045 1814 2113 inde
1837 2048 1940 2131 quale
1963 2049 2065 2130 parte
2088 2045 2245 2122 boluerit,
2263 2046 2299 2111 et
2313 2043 2403 2112 nobis

554 2201 719 2266 abeamus
749 2198 883 2283 reliqua
913 2196 1123 2275 medietate,
1158 2195 1281 2263 amede
1313 2199 1347 2263 et
1376 2215 1484 2282 usque
1515 2197 1642 2282 biginti
1672 2197 1844 2282 quadtuor
1867 2199 1951 2265 anni
1982 2198 2144 2290 completi
2167 2200 2283 2264 nostre
2312 2203 2401 2282 pote

554 2343 634 2421 st'ati
666 2353 763 2419 illam
795 2351 996 2430 tenendum,
1015 2350 1271 2428 dominandum,
1291 2351 1324 2418 et
1347 2351 1475 2419 ibidem
1492 2351 1724 2430 residendum,
1744 2355 1779 2419 et
1793 2351 2054 2430 dominandum,
2080 2352 2115 2417 et
2137 2351 2349 2428 abbandum,
2373 2354 2403 2417 et

505 2519 507 2522 ·
553 2504 650 2570 sebee
670 2505 705 2570 et
721 2504 834 2570 omnis
850 2505 968 2570 nostre
984 2502 1144 2569 utilitatis
1160 2501 1287 2568 ibidem
1304 2501 1500 2569 faciendum
1516 2523 1580 2571 nes
1595 2507 1630 2570 et
1653 2506 1825 2571 ominibus
1849 2523 1954 2588 quam
1979 2502 2106 2572 ibidem
2133 2503 2340 2569 miserimus.
2365 2500 2402 2567 ad

551 2657 714 2741 completi
732 2657 801 2741 ipsi
818 2656 941 2723 amede
958 2656 1085 2740 bigieti
1103 2656 1273 2740 quadtuor
1291 2656 1373 2723 anui
1389 2659 1596 2741 potestatem
1614 2660 1756 2725 abemus
1772 2676 1834 2724 nos
1851 2659 1926 2742 ipsa
1941 2659 2060 2723 nestra
2076 2657 2257 2725 medietate
2272 2655 2315 2722 de
2331 2657 2402 2740 ipsa

553 2824 634 2874 casa
650 2807 848 2874 disturbare
865 2809 900 2873 et
914 2809 1051 2875 tolleret
1065 2807 1192 2874 exinde
1209 2809 1287 2892 ipsa
1303 2809 1481 2892 lignamen
1497 2813 1530 2875 et
1555 2809 1667 2875 omnis
1696 2810 1814 2874 nostra
1841 2807 1995 2888 mobilia,
2013 2828 2079 2893 que
2106 2809 2200 2876 intus
2228 2809 2305 2893 ipsa
2331 2826 2404 2875 casa

553 2961 752 3026 abuerimus
775 2962 809 3028 et
832 2963 973 3044 portare
997 2960 1054 3026 ubi
1077 2961 1299 3038 beluerimus,
1320 2962 1355 3026 et
1369 2961 1500 3026 nullam
1518 2960 1599 3027 inde
1614 2961 1715 3028 nobis
1738 2965 1912 3040 contrare,
1939 2964 1973 3027 et
1995 2960 2117 3027 inclita
2133 2961 2209 3044 ipsa
2223 2961 2320 3027 terra
2334 2978 2402 3025 eum

552 3112 661 3178 totum
678 3112 792 3196 ipsum
810 3112 977 3195 parietem
995 3113 1152 3177 rebertas
1169 3111 1205 3176 in
1222 3110 1298 3195 ipsa
1313 3113 1471 3192 ecclesia,
1490 3115 1524 3180 et
1541 3113 1735 3196 hobligabit
1751 3133 1786 3181 se
1801 3113 1877 3197 ipse
1892 3111 2038 3180 domnus
2055 3113 2161 3179 abbas
2183 3113 2218 3180 et
2240 3112 2312 3179 suis
2334 3129 2404 3179 sue·

549 3264 742 3331 sessoribus
758 3263 884 3330 amede
900 3265 935 3330 et
952 3282 1013 3348 per
1030 3265 1137 3330 totum
1152 3264 1229 3348 ipse
1246 3283 1363 3332 mense
1379 3267 1506 3348 agusta
1523 3265 1705 3336 defensare
1721 3268 1821 3334 nobis
1843 3267 1964 3333 inclita
1981 3267 2057 3352 ipsa
2072 3283 2130 3335 sua
2146 3263 2350 3332 tradictione
2365 3263 2404 3330 da

549 3416 662 3482 omnis
686 3417 847 3483 hemines
872 3415 1035 3500 omnique
1056 3416 1224 3501 partibus
1245 3418 1279 3484 et
1294 3416 1337 3483 da
1354 3418 1430 3503 ipso
1447 3438 1565 3487 mense
1581 3422 1707 3505 agusto
1723 3421 1759 3486 in
1775 3425 1889 3498 antea,
1908 3418 1990 3484 dum
2006 3418 2168 3502 completi
2184 3417 2289 3485 fuerit
2312 3435 2402 3483 ame·

554 3563 599 3629 do
615 3565 683 3648 ipsi
700 3563 826 3648 biginti
845 3564 1013 3649 quadtuer
1030 3553 1126 3644 aurii,
1147 3565 1328 3635 defensare
1344 3569 1445 3635 nobis
1460 3569 1654 3653 nostrisque
1669 3568 1854 3637 heredibus
1878 3569 2001 3635 inclita
2024 3569 2103 3654 ipsa
2126 3569 2321 3648 medietate,
2339 3587 2401 3654 que

552 3716 652 3784 nobis
668 3718 824 3785 ebenerit
839 3717 881 3784 de
898 3719 973 3804 ipsa
987 3737 1081 3798 casa,
1101 3721 1260 3789 similiter
1276 3720 1319 3788 da
1335 3722 1448 3788 omnis
1464 3723 1619 3792 homines
1636 3723 1797 3809 omnique
1812 3725 1980 3808 partibus.
2000 3725 2034 3790 et
2048 3722 2078 3790 si
2094 3723 2211 3790 taliter
2227 3723 2338 3790 emnia
2352 3737 2413 3791 su·⁴

550 3875 749 3960 prescripta
765 3876 861 3942 uobis
879 3875 1076 3961 uestrisque
1104 3875 1288 3944 heredibus
1315 3895 1384 3943 nou
1413 3874 1645 3960 adimpleberit
1675 3877 1710 3945 et
1731 3877 1874 3961 aliquot,
1900 3875 1943 3944 de
1967 3874 2057 3961 quod
2082 3877 2242 3961 superius
2265 3877 2400 3961 legitur,

555 4024 720 4108 quesierit
735 4027 915 4112 remobere
931 4029 991 4093 aut
1007 4027 1178 4103 centrare,
1193 4028 1273 4091 tunc
1290 4043 1353 4110 per
1370 4027 1461 4092 bona
1477 4026 1729 4092 combenientia
1745 4041 1951 4111 componere
1967 4024 2158 4111 hebligabit
2172 4047 2209 4094 se
2225 4027 2299 4112 ipse
2314 4025 2404 4093 dem-

556 4194 619 4246 nus
635 4177 742 4244 abbas
758 4180 793 4245 et
809 4177 881 4244 suis
893 4177 1149 4244 subcessoribus
1165 4175 1252 4243 mibi
1270 4177 1406 4261 meique
1423 4177 1583 4245 eredibus
1601 4177 1728 4262 biginti
1744 4179 1820 4244 auri
1839 4177 1966 4245 solidos
1989 4178 2237 4246 constantines.
2258 4177 2343 4245 uude
2361 4177 2402 4246 de
2492 4263 2496 4272 Ι

553 4327 670 4394 onmia
692 4327 934 4412 suprascripta
957 4328 1056 4396 nobis
1079 4327 1326 4412 adinplendum
1349 4347 1410 4413 per
1436 4330 1523 4395 bom
1545 4329 1802 4398 combenientia
1823 4329 1953 4414 guadia
1976 4330 2075 4397 nobis
2107 4328 2203 4397 dedit
2226 4332 2261 4397 et
2283 4327 2404 4398 media-

554 4485 664 4547 torem
695 4481 794 4548 nobis
822 4481 938 4566 posuit
958 4484 1011 4549 leo
1036 4481 1238 4550 atrianense
1261 4481 1354 4549 filius
1377 4483 1470 4550 boni.
1498 4486 1531 4553 et
1553 4487 1645 4551 hunc
1670 4485 1809 4552 brebem
1832 4483 1951 4553 scribsi
1979 4503 2045 4568 ege
2069 4483 2224 4552 ademari
2253 4483 2403 4552 notarius

553 4631 611 4714 qui
634 4632 788 4698 interlui.

611 4756 723 4870 †ego
739 4787 797 4870 qui
815 4805 923 4870 supra
939 4788 1111 4854 martinus
1127 4790 1300 4872 presbiter
1316 4793 1350 4859 et
1364 4790 1449 4857 abba

611 4906 638 5020 †
657 4954 724 5020 ego
740 4935 933 5020 guaiferius
949 4940 1007 5022 qui
1024 4958 1132 5024 supra

608 5060 638 5173 †
652 5107 718 5174 ego
733 5089 963 5174 truppoaldus

608 5210 720 5325 †ego
737 5259 838 5308 ursus
855 5259 909 5307 me
924 5240 1113 5326 subscripsi

608 5364 718 5479 †ego
742 5347 897 5463 ademari

608 5517 718 5628 †ego
734 5545 912 5614 lamfreda.
