5252 7102
621 577 684 640 302
1002 613 1007 630 ·
1286 562 1449 636 CODEX
1488 560 1724 636 ulvENsls

577 811 777 878 rebolbente
799 828 863 894 per
885 807 995 878 limite
1016 811 1050 876 et
1066 811 1202 892 yterum
1220 808 1416 875 rebolbente
1431 809 1465 874 et
1481 807 1626 874 saliente
1642 824 1748 892 usqua
1764 824 1874 875 serra:
1894 805 1937 876 (10
1951 807 2023 876 alia
2037 811 2137 894 parte
2152 809 2221 876 fine
2237 808 2308 894 ipsa
2322 828 2415 880 serra:

578 963 620 1030 de
634 961 703 1031 alia
714 979 796 1032 vero
811 965 912 1047 parte
923 961 994 1028 line
1006 963 1082 1048 ipsa
1097 960 1167 1029 alia
1182 961 1345 1038 sortione,
1360 961 1451 1027 sicut
1466 959 1689 1030 terminatum
1701 961 1765 1039 est,
1780 963 1815 1028 et
1825 960 1885 1046 qui
1897 961 2171 1046 compreensarit
2188 962 2253 1029 ista
2269 963 2417 1046 sortione,
2439 1055 2443 1070 Ι

580 1117 765 1188 refundere
788 1118 824 1183 et
839 1116 923 1184 dare
938 1115 982 1184 ad
998 1117 1056 1184 ille
1070 1114 1129 1201 qui
1147 1114 1418 1199 compreenserit
1433 1113 1508 1200 ipsa
1524 1114 1676 1183 sortione
1692 1113 1734 1184 de
1750 1114 1819 1181 ista
1834 1132 1918 1200 pars
1934 1115 2011 1200 ipso
2033 1115 2150 1196 flubio,
2164 1115 2288 1185 solidos
2308 1119 2347 1184 de
2361 1121 2418 1187 tari

581 1269 669 1334 octo.
696 1269 731 1336 et
753 1267 822 1334 alia
845 1266 998 1334 sortione
1021 1264 1103 1332 iecit
1118 1281 1192 1334 esse
1215 1263 1260 1330 da
1284 1263 1352 1348 ipsi
1368 1263 1498 1330 termiti
1516 1263 1552 1330 in
1568 1281 1685 1348 supra,
1703 1266 1738 1331 et
1751 1262 1795 1332 de
1811 1263 1883 1342 elia
1904 1265 2004 1351 parte
2026 1265 2095 1333 fine
2117 1283 2226 1346 serra,
2251 1268 2284 1333 et
2305 1267 2344 1334 de
2363 1270 2422 1336 alia

582 1421 683 1504 parte
699 1419 769 1485 fine
787 1419 865 1504 ipsa
881 1417 953 1486 alia
967 1417 1129 1496 sortione,
1144 1414 1473 1498 sicut-terminatum
1490 1417 1553 1494 est,
1571 1417 1606 1487 at
1628 1414 1671 1483 de
1687 1413 1757 1483 alia
1780 1417 1881 1502 parte
1903 1416 1971 1486 fine
1986 1415 2095 1517 ipsius
2111 1416 2214 1504 gutti3
2232 1421 2266 1485 et
2280 1419 2334 1503 qui
2347 1437 2422 1486 com·

582 1567 781 1656 preenserit
796 1569 865 1636 ista
887 1569 1052 1647 sortione,
1067 1565 1251 1635 refundere
1274 1567 1309 1633 et
1330 1563 1415 1633 dare
1430 1563 1473 1630 ad
1490 1565 1549 1633 ille
1565 1564 1625 1650 qui
1639 1565 1908 1651 compreenserit
1923 1567 2001 1651 ipsa
2016 1567 2168 1634 sortione
2185 1565 2250 1633 ista
2265 1585 2341 1652 pars
2361 1568 2423 1653 ipso

582 1721 708 1802 flubio,
727 1721 855 1789 solidos
872 1721 1053 1808 quadtuor.
1073 1721 1108 1788 et
1124 1719 1193 1788 alia
1208 1720 1301 1787 sorte
1324 1718 1405 1786 iecit
1419 1736 1494 1788 esse
1508 1717 1554 1786 da
1570 1718 1638 1804 ipsi
1660 1717 1791 1786 termiti
1816 1719 1852 1785 in
1875 1737 1980 1804 supra
2002 1737 2109 1805 usque
2130 1720 2248 1798 serris,
2267 1722 2300 1787 et
2314 1720 2352 1788 de
2364 1723 2421 1790 alia

585 1877 687 1960 perte
710 1875 754 1942 ad
784 1875 853 1942 fine
875 1874 986 1959 ipsius
1008 1874 1101 1959 gutti
1124 1874 1325 1940 coniuntum
1351 1876 1416 1958 est3
1441 1873 1476 1940 et
1499 1871 1558 1958 qui
1582 1873 1856 1957 compreenserit
1879 1873 1947 1941 ista
1969 1873 2136 1952 sortione,
2154 1873 2281 1941 habere
2302 1875 2352 1940 bia
2371 1894 2422 1960 per

586 2029 687 2094 ambo
705 2029 779 2112 ipse
802 2027 965 2095 sortiouis
989 2029 1136 2095 subtane
1159 2045 1237 2093 cum
1262 2028 1355 2093 omni
1372 2027 1585 2118 congruitati
1610 2044 1671 2094 sue
1695 2027 1788 2095 iusta
1812 2027 1943 2095 ratione
1967 2027 2048 2094 inde
2070 2026 2257 2112 ingredere
2278 2029 2311 2094 et
2323 2045 2423 2112 regre-

586 2176 797 2265 derepossa3
815 2178 924 2262 etqui
949 2178 1219 2264 compreenserit
1242 2178 1320 2262 ipsa
1343 2179 1495 2246 sortione
1519 2177 1690 2258 mediana,
1715 2179 1841 2246 habeat
1864 2178 1934 2257 bia,
1959 2177 2047 2246 sicut
2067 2177 2276 2256 dictumest,
2293 2195 2349 2263 par
2365 2182 2423 2263 ipsa

585 2331 738 2400 sortione
761 2333 917 2412 subtana,
931 2335 970 2400 ut
985 2335 1129 2401 fontana
1144 2351 1211 2419 que
1233 2335 1285 2401 est
1306 2333 1343 2401 in
1366 2324 1442 2418 ipsa
1459 2334 1611 2401 sortione
1634 2353 1788 2420 supraua
1802 2352 1984 2405 commuue
1998 2352 2073 2403 esse
2096 2351 2173 2401 cum
2189 2333 2326 2420 illisqui
2347 2351 2422 2401 com·

493 2517 500 2528 ·
586 2486 780 2571 preenserit
792 2487 866 2571 ipse
879 2487 1023 2555 sortioni
1040 2489 1195 2565 subtane,
1210 2490 1248 2553 ut
1262 2489 1494 2573 uuusquisque
1510 2505 1573 2572 per
1598 2489 1675 2574 ipsa
1692 2489 1747 2554 bia
1769 2489 1971 2573 ingrediant
1993 2493 2028 2556 et
2051 2488 2255 2574 regrediant
2277 2489 2422 2574 usquead

588 2639 664 2724 ipsa
681 2641 834 2706 fontana.
854 2641 888 2706 01
903 2638 981 2724 ipsa
1002 2639 1073 2708 alia
1095 2638 1246 2706 sortione
1269 2638 1350 2706 fecit
1366 2655 1452 2717 esse,
1467 2639 1555 2706 sicut
1578 2639 1825 2718 diximusista
1849 2659 1929 2726 pars
1946 2642 2019 2726 ipso
2042 2639 2147 2707 flubio
2170 2660 2234 2726 per
2256 2643 2316 2707 hec
2336 2641 2420 2708 finis:

588 2791 631 2858 de
655 2790 743 2876 pede
759 2791 829 2858 fine
844 2790 920 2875 ipso
943 2790 1059 2857 flubio:
1079 2789 1122 2858 (10
1137 2790 1206 2857 alia
1222 2792 1323 2874 parte
1346 2789 1415 2856 line
1438 2789 1587 2874 predicti
1611 2791 1813 2858 monasterii
1830 2809 1897 2876 que
1912 2809 1934 2857 a
1948 2808 2012 2859 nos
2028 2792 2061 2859 ei
2078 2792 2114 2858 in
2130 2779 2283 2858 sortione
2297 2793 2423 2868 obbenit

589 2943 739 3029 qualiter
755 2947 886 3014 rectum
909 2943 1003 3011 badii
1026 2962 1089 3029 per
1108 2993 1416 3010 ......
1466 2943 1603 3011 termite
1626 2945 1790 3024 fiximus,
1817 2947 1852 3012 et
1874 2947 2020 3013 saliente
2043 2962 2151 3030 usque
2175 2963 2288 3014 serra:
2313 2944 2350 3012 de
2369 2945 2425 3011 alia

588 3097 689 3181 parte
712 3096 781 3163 fine
805 3095 879 3180 ipsa
902 3113 1027 3162 serra:
1053 3093 1096 3162 de
1119 3096 1188 3162 alia
1210 3096 1311 3179 parte
1334 3095 1404 3162 flue
1427 3094 1578 3162 aristone
1607 3094 1667 3179 qui
1691 3062 1769 3161 cum
1793 3095 1870 3181 ipso
1901 3095 2006 3164 lubio
2029 3097 2231 3164 toniuntum
2265 3098 2323 3164 est.
2346 3095 2424 3165 Unde

587 3247 751 3331 primitus
774 3246 911 3331 quidem
936 3245 1169 3330 compreeusit
1192 3246 1267 3330 ipse
1290 3246 1446 3313 marinus
1470 3246 1549 3332 ipsa
1572 3247 1723 3316 sortione
1746 3265 1813 3332 que
1834 3249 1886 3316 est
1907 3252 2004 3314 terra
2020 3265 2096 3315 cum
2120 3249 2226 3316 binoa
2248 3250 2280 3316 et
2301 3248 2422 3314 bacuun

581 3417 643 3484 per
666 3399 865 3484 supradicte
888 3399 979 3478 finis,
1005 3401 1039 3467 et
1061 3398 1190 3466 refudit
1213 3398 1281 3484 ipsi
1305 3403 1381 3466 octo
1405 3399 1520 3485 solidi3
1546 3401 1581 3470 et
1595 3398 1639 3466 da
1661 3398 1744 3467 inde
1766 3403 1998 3486 compreensit
2020 3403 2096 3486 ipse
2119 3403 2172 3470 leo
2197 3403 2274 3487 ipsa
2295 3399 2422 3468 sortione

587 3569 741 3638 suprana
764 3570 872 3637 usque
895 3569 992 3619 serra
1014 3569 1076 3637 per
1100 3553 1161 3621 illo
1185 3550 1319 3632 ordine,
1344 3553 1435 3621 sicut
1467 3552 1596 3620 dictum
1619 3554 1697 3640 est3
1723 3555 1757 3620 et
1790 3554 1865 3639 ipse
1898 3573 1998 3623 ursus
2031 3557 2263 3640 comproeusit
2294 3555 2422 3622 sortione

586 3702 764 3782 mediana,
790 3704 825 3770 et
847 3701 976 3771 refudit
1001 3703 1069 3788 ipsi
1096 3702 1268 3789 quadtuor
1292 3702 1408 3790 solidi;
1433 3705 1468 3771 et
1490 3721 1556 3788 ego
1581 3705 1778 3770 nominatus
1801 3721 1920 3773 manso
1943 3703 2174 3790 compreensit
2198 3704 2273 3790 ipsa
2294 3703 2421 3770 sortione

584 3855 628 3924 de
651 3857 720 3924 ista
742 3873 825 3941 pars
848 3858 924 3942 ipso
948 3857 1052 3924 dubio
1075 3875 1153 3924 cum
1177 3856 1245 3942 ipsi
1271 3855 1385 3936 solidi,
1404 3856 1599 3924 iaciendum
1625 3856 1752 3924 exinde
1777 3876 1839 3942 per
1855 3859 1973 3943 partes
1988 3873 2051 3923 nos
2067 3859 2102 3924 et
2119 3857 2249 3924 nostris
2265 3853 2422 3922 heredibus

588 4009 707 4077 omnia
729 4008 819 4094 quod
843 4011 1063 4079 voluerimus
1083 4018 1117 4081 01
1139 4010 1225 4078 aliut
1248 4009 1454 4079 continebad
1479 4011 1516 4078 in
1539 4015 1616 4095 ipso
1640 4012 1799 4077 brebem:
1818 4011 1950 4095 scripto
1974 4011 2114 4079 brebem
2139 4009 2254 4093 ipsum
2277 4003 2422 4094 peranti-

584 4166 703 4248 pertus
726 4164 883 4233 notarius
906 4161 943 4231 in
966 4179 1033 4248 quo
1057 4161 1180 4247 scripti
1207 4165 1289 4230 sunt
1311 4161 1439 4248 pando,
1464 4160 1706 4231 sichembardo
1729 4163 1764 4228 et
1787 4161 1955 4228 marcide.
1982 4179 2075 4229 nunc
2110 4167 2228 4229 aulem
2254 4175 2420 4244 congruum

584 4319 637 4384 est
658 4315 745 4382 mihi
768 4316 844 4400 ipsa
868 4333 945 4384 mea
968 4315 1131 4393 sortione,
1151 4315 1301 4399 qualiter
1325 4316 1395 4382 hab
1418 4315 1487 4399 ipsi
1511 4315 1672 4399 germani
1696 4313 1764 4382 mei
1788 4313 1926 4381 obbenit
1948 4312 2035 4380 mihi
2059 4313 2097 4380 in
2114 4313 2269 4380 sortione
2284 4329 2340 4396 per
2358 4309 2421 4392 ipsa

583 4469 764 4550 dibisione,
791 4488 869 4536 cum
893 4469 1046 4537 sortione
1062 4485 1137 4536 mea
1152 4467 1195 4536 de
1212 4467 1283 4534 alie
1298 4467 1403 4534 terris
1419 4485 1527 4536 vacue
1543 4468 1670 4535 etcum
1688 4465 1787 4534 silbis
1803 4483 1870 4552 que
1885 4483 1962 4532 curn
1979 4483 2063 4550 pars
2078 4465 2226 4550 predicti
2244 4459 2420 4532 monasterii

585 4623 620 4688 et
644 4637 721 4686 cum
745 4617 814 4704 ipsi
839 4618 1002 4704 germani
1026 4618 1093 4688 mei
1117 4621 1151 4685 at
1174 4618 1332 4703 quartam
1356 4619 1490 4701 partem
1515 4615 1558 4684 de
1580 4617 1658 4701 ipsa
1681 4633 1867 4694 cammara,
1882 4633 1950 4701 que
1972 4615 2010 4683 in
2024 4615 2144 4683 eodem
2160 4617 2236 4684 loco
2250 4613 2419 4701 propinquo

584 4773 731 4840 ecclesia
761 4773 874 4840 sancti
896 4773 984 4858 petri
1008 4791 1074 4858 que
1098 4773 1135 4842 in
1157 4772 1276 4842 eodem
1300 4773 1375 4840 loco
1398 4769 1529 4838 cetaria
1551 4772 1750 4839 constructa
1773 4772 1842 4849 est,
1869 4769 1948 4839 illos
1970 4770 2185 4841 venumdare
2210 4767 2315 4856 ipsius
2341 4763 2417 4834 leoni

585 4926 703 4994 abbati
726 4943 791 5012 pro
811 4942 893 5011 pars
916 4927 951 4993 et
975 4924 1049 4994 bice
1072 4924 1221 5008 predicti
1244 4921 1456 4991 monasterii.
1475 4924 1510 4990 et
1532 4922 1620 5006 ydeo
1644 4939 1712 5006 ego
1734 4921 1894 5006 superius
1917 4921 2117 4990 nominatus
2140 4937 2262 4990 manso
2286 4937 2341 5005 per
2360 4918 2418 4984 lar·

584 5083 715 5167 gietata
739 5083 776 5147 et
790 5077 1014 5186 ‘absolutione
1037 5078 1273 5163 suprascripte
1296 5078 1478 5162 potestatis
1500 5095 1563 5162 per
1586 5077 1678 5145 hanc
1701 5079 1868 5144 cartulam
1884 5075 2168 5146 venumdedimus
2185 5077 2248 5144 tibi
2265 5070 2418 5141 nominato

583 5233 678 5302 leoni
702 5232 818 5300 abbati
841 5229 999 5317 predicta
1020 5229 1124 5300 rebus
1146 5227 1190 5296 de
1211 5227 1373 5296 iamdicto
1395 5230 1522 5308 locum,
1540 5228 1699 5314 qualiter,
1725 5229 1815 5295 sicut
1837 5225 1968 5294 dictum
1991 5227 2054 5305 est,
2072 5224 2159 5292 mihi
2182 5227 2235 5293 est
2255 5225 2309 5290 aut
2329 5215 2417 5286 fuerit

585 5389 821 5474 pertinentes,
848 5391 919 5454 tam
941 5404 1004 5472 per
1027 5384 1102 5470 ipse
1124 5383 1206 5452 finis
1229 5401 1289 5452 seu
1313 5386 1413 5452 extra
1436 5382 1511 5468 ipse
1532 5383 1613 5450 linis
1636 5400 1699 5467 per
1722 5381 1804 5449 totis
1827 5381 1914 5467 ipsis
1947 5379 2032 5450 locis
2065 5379 2107 5449 de
2140 5380 2292 5465 predicto
2322 5376 2416 5442 locun

583 5541 727 5618 cetaria,
746 5557 824 5606 cum
847 5537 1012 5606 sortionis
1034 5539 1150 5608 nostre
1173 5535 1217 5604 (10
1240 5535 1398 5622 predicta
1420 5538 1524 5604 rebus
1546 5553 1624 5620 que,
1643 5537 1682 5602 ut
1704 5533 1871 5612 diximus,
1897 5548 2077 5599 commune
2099 5532 2279 5606 habemus,
2302 5528 2415 5592 etcum

582 5694 744 5780 quartam
766 5693 903 5776 partem
926 5689 969 5759 de
990 5685 1066 5776 ipsa
1089 5705 1279 5766 cammaro,
1297 5691 1332 5756 et
1354 5704 1432 5754 cum
1457 5684 1576 5753 omnia
1598 5673 1692 5753 int'ro
1713 5701 1751 5752 se
1773 5681 1980 5751 habentibus
2003 5679 2231 5768 omnibusque
2246 5677 2313 5748 suis
2325 5669 2415 5760 perti·

584 5850 741 5930 nentiis,
767 5849 802 5918 et
826 5862 904 5912 cum
928 5842 1004 5912 bice
1026 5841 1070 5912 de
1092 5843 1160 5911 biis
1183 5841 1313 5911 suiset
1335 5856 1500 5926 aquarum
1525 5839 1667 5918 usibus,
1693 5838 1801 5906 totum
1825 5838 1861 5906 et
1883 5835 2041 5904 inclitum
2065 5835 2144 5904 illut
2165 5833 2227 5902 tibi
2258 5823 2416 5954 nominato
