5216 7092
856 657 859 666 ,
983 570 1390 678 ,υιΡιοΜΑτιουθ
1992 584 2052 646 237

244 824 311 892 tibi
334 823 511 889 nominato
534 821 598 892 feri
620 837 665 887 ex
687 819 805 887 eadem
827 819 930 886 rebus
952 815 995 885 de
1016 813 1133 882 eodem
1159 817 1233 882 loco
1257 813 1468 898 campiliano
1490 830 1552 897 per
1585 814 1649 880 hec
1682 811 1762 879 finis
1795 812 1829 878 et
1862 812 2058 880 mensurio:
2083 829 2104 878 a
2181 852 2186 862 ·

246 975 409 1062 partibus
434 972 591 1053 orientis,
617 973 707 1039 sicut
730 971 884 1038 decurrit
906 987 995 1056 aqua
1018 968 1060 1035 de
1081 969 1250 1034 molinum
1272 966 1333 1052 qui
1355 965 1403 1065 ibi
1426 967 1488 1044 est,
1507 967 1590 1034 sunt
1610 963 1736 1033 exinde
1757 964 1851 1049 passi
1874 964 2104 1049 quadraginta

245 1126 389 1192 nobem:
416 1143 439 1191 a
461 1141 544 1208 pars
568 1123 836 1208 septemtrionis,
862 1122 952 1190 siout
974 1119 1104 1188 termiti
1125 1118 1200 1186 ficti
1223 1119 1315 1196 sunt,
1341 1119 1422 1184 sunt
1444 1115 1524 1184 inde
1546 1117 1641 1201 passi
1670 1117 1806 1184 centum
1838 1115 2057 1200 nonaginta:
2083 1135 2104 1182 a

243 1277 408 1364 partibus
431 1275 585 1354 orientis,
611 1273 701 1342 sicut
723 1272 881 1362 decurrit
900 1271 955 1339 bia
978 1271 1107 1350 antica,
1134 1269 1305 1356 quomodo
1327 1268 1473 1336 revolbit
1495 1285 1557 1353 per
1579 1269 1657 1352 ipsa
1689 1267 1758 1334 fine
1791 1285 1898 1352 usque
1931 1268 1969 1334 in
2001 1266 2106 1334 dubio

245 1427 429 1514 pecentino
452 1445 561 1512 usque
583 1427 628 1493 ad
650 1427 719 1494 fine
741 1425 783 1494 de
805 1425 906 1494 erede
927 1424 1062 1502 rotfrit,
1087 1427 1122 1490 et
1145 1423 1422 1491 mensurabimus
1446 1422 1525 1489 illut
1547 1421 1593 1488 da
1615 1421 1691 1505 ipso
1714 1419 1818 1487 flubio
1851 1421 1886 1486 et
1919 1439 2027 1506 usque
2061 1421 2105 1489 ad

244 1579 315 1646 flne
344 1579 386 1646 de
408 1577 508 1644 erede
541 1579 677 1658 roffrit,
703 1579 793 1647 sicut
815 1578 1040 1686 terminatum
1061 1577 1133 1656 est,
1160 1575 1255 1660 passi
1279 1578 1441 1643 centum:
1476 1593 1498 1641 a
1521 1547 1608 1659 pars
1636 1573 1802 1654 meridie,
1828 1576 1918 1642 sicut
1950 1574 2105 1643 decurrit

178 1685 180 1689 Ι
248 1734 326 1818 ipso
348 1732 454 1798 flubio
477 1731 659 1816 pecentino
682 1733 716 1798 et
739 1732 937 1799 rebolbente
958 1747 1020 1813 per
1044 1728 1122 1813 ipsa
1156 1743 1249 1812 aqua
1281 1745 1390 1811 usque
1426 1727 1464 1794 in
1498 1725 1692 1810 predictum
1715 1727 1895 1794 molinum.
1921 1729 1984 1794 hec
2018 1745 2101 1795 vero

246 1905 317 1965 res,
340 1884 488 1971 qualiter
511 1883 670 1969 superius
692 1882 773 1950 finis
796 1881 905 1967 posite
927 1881 1064 1948 suntet
1086 1878 1261 1947 mensuris
1284 1878 1363 1964 ipsa
1384 1879 1569 1964 percurrit,
1589 1879 1795 1947 trasactibus
1810 1896 1934 1946 nomen
1950 1878 2105 1948 funditus

242 2055 325 2104 cum
348 2037 464 2104 omnia
486 2037 580 2102 intro
603 2053 640 2102 se
661 2033 841 2102 abentibus
865 2032 1092 2116 omnibusque
1114 2031 1186 2098 suis
1210 2030 1428 2115 pertinentiis
1450 2033 1486 2098 et
1508 2048 1588 2096 cum
1610 2031 1685 2098 bico
1707 2030 1750 2097 de
1773 2032 1830 2096 bia
1852 2049 1917 2098 sua
1938 2032 2018 2099 illut
2041 2032 2103 2099 tibi

243 2191 426 2258 nominato
449 2189 514 2256 leri
537 2188 756 2268 venumdedi,
782 2185 947 2254 securiter
977 2189 1013 2253 et
1034 2184 1180 2252 firmiter
1214 2185 1337 2252 amodo
1369 2188 1404 2254 et
1436 2204 1572 2271 semper
1606 2187 1644 2252 tu
1677 2187 1712 2251 et
1743 2183 1813 2253 tuis
1844 2185 2003 2254 eredibus
2026 2187 2106 2254 illut

243 2341 430 2419 abendum,
450 2340 709 2418 dominandum,
728 2337 984 2424 possidendum,
1004 2337 1120 2403 omnia
1142 2334 1268 2403 exinde
1290 2337 1490 2403 laciendum
1512 2335 1603 2421 quod
1626 2336 1815 2420 volueritis.
1833 2339 1868 2404 et
1890 2355 1955 2422 pro
1978 2338 2103 2406 confir-

249 2493 414 2562 mandam
438 2497 472 2561 et
494 2493 772 2562 stabiliscendam
793 2510 858 2560 anc
881 2493 1003 2560 nostra
1025 2489 1237 2558 bindictione
1260 2508 1282 2556 a
1305 2491 1479 2574 presentis
1501 2491 1614 2574 recepi
1636 2507 1657 2554 a
1678 2491 1713 2556 te
1735 2489 1912 2558 nominato
1935 2491 1999 2560 feri
2034 2493 2102 2560 sta-

245 2650 364 2714 tutum
391 2647 567 2732 pretium,
594 2665 618 2730 y
641 2649 722 2714 sunt
745 2647 824 2714 auri
847 2645 974 2714 solidos
996 2645 1038 2713 de
1060 2645 1129 2711 tari
1154 2662 1338 2710 numerum
1371 2644 1606 2729 quadraginta
1640 2662 1710 2736 ana
1732 2643 1901 2730 quadtuor
1932 2645 2010 2712 auri
2038 2647 2105 2712 tari

246 2801 330 2866 voni
353 2818 414 2885 per
437 2817 644 2885 unoquoque
666 2799 776 2868 solido
799 2799 836 2866 in
860 2799 972 2866 omnis
994 2797 1288 2876 deliverationem,
1306 2797 1397 2864 sicut
1417 2797 1509 2866 inter
1531 2814 1594 2866 nos
1621 2797 1809 2867 comvenit:
1828 2797 1994 2884 finitoque
2022 2813 2104 2866 vero

159 3023 161 3028 ,
247 2951 404 3037 pretium
428 2953 544 3036 ipsum
567 2954 654 3037 aput
676 2970 751 3031 nos,
769 2969 812 3018 ex
828 2969 895 3036 qua
910 2969 948 3018 re
964 2951 1139 3054 promitto,
1158 2969 1219 3034 per
1235 2968 1326 3017 vona
1341 2948 1580 3018 convenientia
1603 2949 1735 3034 guadia
1758 2949 1821 3016 tibi
1844 2951 2021 3018 nominato
2037 2952 2104 3019 ieri

249 3102 357 3180 dedi,
382 3105 418 3170 et
439 3103 662 3170 mediatorem
685 3103 750 3169 tibi
773 3105 874 3188 posui
898 3122 952 3170 me
974 3103 1090 3188 ipsum
1112 3105 1146 3168 et
1169 3102 1336 3170 iohannes
1358 3102 1555 3169 atrianense
1576 3101 1669 3198 filius
1692 3100 1784 3170 leoni
1819 3103 1957 3191 pelluli3
1982 3106 2017 3170 et
2043 3121 2106 3189 per

245 3256 326 3339 ipsa
348 3255 480 3338 guadia
503 3254 619 3340 obligo
642 3274 697 3324 me
719 3272 878 3340 meosque
899 3253 1020 3322 eredes
1042 3252 1165 3321 amodo
1188 3257 1223 3323 et
1256 3271 1390 3338 semper
1424 3253 1660 3321 antistandum
1694 3255 1728 3320 et
1751 3253 2007 3323 defensandum
2041 3257 2105 3324 tibi

244 3406 428 3474 nominato
451 3405 514 3471 seri
538 3423 640 3491 quam
663 3409 698 3473 et
720 3407 763 3475 ad
788 3407 856 3474 tuis
878 3406 1037 3474 eredibus
1060 3406 1216 3492 predicta
1247 3407 1365 3473 nostra
1393 3403 1601 3509 bindictione
1629 3423 1708 3472 cum
1732 3407 1806 3473 bice
1827 3407 1869 3473 de
1891 3409 1948 3474 bia
1969 3427 2033 3477 sua
2056 3412 2101 3477 ab

247 3557 411 3625 omnibus
434 3557 608 3627 ominibus
622 3558 784 3644 omnique
799 3559 967 3643 partibus.
987 3559 1078 3644 quod
1094 3560 1124 3627 si
1140 3561 1205 3626 etc:
1226 3559 1290 3632 Qut
1299 3561 1410 3642 pecta
1423 3573 1491 3624 non
1504 3561 1625 3638 servet,
1643 3560 1777 3625 tenetur
1791 3557 1918 3625 solvere
1932 3561 2106 3644 ceroptata

247 3726 374 3778 aureos
396 3707 519 3776 solidos
541 3711 846 3778 constantinicnos.
865 3709 1004 3796 quando
1026 3714 1139 3778 autem
1163 3715 1200 3778 tu
1223 3714 1277 3779 vel
1300 3713 1369 3780 tuis
1392 3711 1549 3780 eredibus
1572 3711 1614 3778 de
1635 3713 1876 3798 suprascripta
1898 3714 2017 3780 nostra
2033 3713 2111 3780 bin-

245 3859 400 3930 dictione
422 3879 484 3946 per
507 3879 569 3930 vos
593 3863 772 3932 volueritis
795 3861 875 3930 inde
897 3863 976 3929 exet
1000 3865 1175 3941 auctores,
1201 3865 1402 3948 potestatem
1425 3867 1460 3930 et
1482 3863 1661 3930 licentiam
1683 3865 1813 3932 abeatis
1836 3864 1911 3931 vice
1934 3868 2055 3931 nostra
2076 3867 2110 3932 et

246 4012 293 4079 de
315 4014 445 4080 nostris
468 4013 625 4081 eredibus
648 4032 727 4080 cum
750 4015 820 4082 ista
843 4016 977 4082 cartula
997 4016 1031 4080 et
1054 4031 1133 4079 cum
1157 4014 1309 4098 quinque
1332 4014 1399 4081 alie
1420 4014 1666 4099 scriptionibus
1685 4014 1913 4098 pertinentem
1929 4015 1973 4081 de
1987 4032 2111 4098 supra·

246 4163 383 4248 scripta
405 4166 521 4244 rebus„
540 4167 575 4234 et
599 4184 678 4232 cum
708 4169 810 4252 quale
832 4167 902 4235 alia
926 4166 1096 4236 rationem
1120 4164 1199 4233 inde
1222 4184 1323 4235 avere
1346 4165 1539 4251 potueritis,
1566 4164 1602 4234 in
1627 4164 1784 4233 omnibus
1807 4164 1887 4233 inde
1909 4183 2053 4232 causare
2075 4168 2110 4232 et

248 4313 356 4380 finem
380 4316 507 4394 lacere,
534 4317 702 4401 quomodo
725 4322 786 4386 aut
809 4318 956 4404 qualiter
979 4318 1178 4406 volueritis;
1202 4337 1282 4385 nam
1307 4318 1444 4404 quando
1467 4336 1523 4384 me
1552 4319 1605 4385 vel
1640 4334 1732 4384 meos
1765 4315 1883 4384 eredes
1915 4311 2109 4401 quesieritis

246 4464 332 4532 inde
356 4470 514 4534 auctores
537 4487 639 4537 avere
660 4474 695 4537 et
716 4469 918 4539 remiseritis
942 4474 1025 4552 aput
1046 4488 1109 4540 nos
1124 4471 1199 4556 ipse
1213 4469 1450 4556 suprascripte
1465 4469 1618 4555 quinque
1633 4467 1889 4554 scriptionibus,
1908 4487 1975 4554 ego
1991 4470 2108 4536 autem
2165 4477 2169 4485 “

246 4617 387 4704 meique
409 4618 569 4688 eredibus
590 4640 727 4707 semper
749 4621 964 4691 defensemus
986 4623 1284 4708 et-adinpleamus
1306 4621 1369 4688 tibi
1390 4621 1507 4709 tuique
1528 4620 1686 4689 eredibus
1710 4619 1827 4689 omnia
1840 4615 1854 4700 ,'
1874 4624 2040 4707 quantum
2075 4625 2110 4690 et

246 4771 420 4856 quomodo
443 4772 601 4857 superius
623 4772 765 4860 legitur,
785 4794 846 4860 per
861 4774 1099 4861 suprascripta
1121 4774 1250 4860 guadia
1266 4777 1300 4842 et
1314 4774 1485 4859 obligata:
1505 4777 1584 4858 post
1606 4789 1685 4840 vero
1707 4773 1776 4840 fine
1792 4773 1894 4850 facta,
1914 4771 2108 4842 monimina

247 4923 327 5009 ipsa
350 4926 448 4992 salba
468 4929 551 5010 aput
573 4917 634 4995 vos
659 4929 878 4996 remittamus
900 4928 943 4996 ad
965 4928 1134 5008 avendum
1158 4928 1218 4998 illa
1240 4928 1276 4994 in
1299 4927 1455 5014 predicta
1477 4927 1625 4998 ratione.
1645 4945 1749 5012 quarn
1773 4927 1807 4993 ts
1829 4925 1994 4994 iohannes
2008 4929 2106 4992 nota·

245 5075 323 5143 rius
345 5077 496 5146 scribere
519 5081 731 5165 rogabimus.
747 5085 863 5151 actum
885 5086 1034 5152 salerno.
1165 5174 1167 5178 Ι

309 5203 339 5314 †
361 5249 428 5317 ego
451 5232 593 5303 ioannes

309 5355 428 5470 †ego
451 5405 536 5454 ursu

311 5505 429 5621 †ego
452 5537 583 5607 andrea

310 5657 341 5770 †
356 5704 424 5772 ego
446 5668 669 5773 grimoaldus.
