5286 7098
990 583 1360 657 orenousrrous
1759 591 1768 596 ·
1841 672 1849 683 ,
2010 605 2050 667 ro

247 826 400 896 naverad
419 827 573 912 ipsorum
591 827 752 913 germani
768 829 870 895 rebus
886 825 929 893 de
944 827 1018 911 ipso
1034 828 1145 893 locum
1162 828 1196 894 et
1211 825 1362 904 aliunde,
1380 828 1494 896 ethos
1517 831 1674 914 germani
1698 833 1923 917 querebamus
1946 835 2100 901 nostrum

248 981 326 1048 illut
349 980 465 1048 facere
487 998 551 1065 per
572 980 702 1048 nostris
725 981 930 1052 rationibus,
950 981 1100 1065 qualiter
1123 979 1267 1050 heredes
1291 975 1465 1061 roderissi,
1485 982 1540 1068 qui
1565 984 1630 1051 fuit
1652 985 1732 1052 abio
1755 989 1884 1064 noster,
1902 982 2100 1058 donaberad

247 1132 342 1200 nobis
359 1131 515 1217 predicta
530 1133 645 1200 rebus.
661 1133 695 1224 et
709 1131 790 1200 dum
806 1131 849 1199 de
864 1149 909 1199 ex
925 1132 1041 1201 eadem
1058 1134 1160 1200 rebus
1175 1151 1238 1218 per
1254 1133 1319 1202 ista
1334 1134 1415 1202 finis
1430 1136 1580 1219 plurime
1598 1136 1690 1203 inter
1705 1153 1767 1206 nos
1783 1139 1860 1205 orta
1872 1139 1924 1204 est
1936 1138 2101 1208 intentio·
2131 1149 2136 1152 ’

246 1301 318 1361 nes,
337 1285 522 1368 antequam
538 1301 601 1368 per
617 1285 675 1351 lex
691 1283 771 1350 illut
787 1283 957 1352 internos
973 1282 1083 1362 finire,
1102 1285 1190 1350 sicut
1204 1282 1333 1350 dictum
1349 1287 1411 1364 est,
1430 1285 1650 1370 perbenimus
1667 1286 1748 1354 inde
1770 1287 1813 1354 ad
1831 1289 2095 1369 combenientia,

244 1439 281 1503 ut
296 1437 364 1522 ipsi
382 1415 541 1522 germani
557 1440 592 1505 et
608 1436 747 1504 illorum
764 1435 908 1504 heredes
923 1453 980 1503 res
996 1437 1074 1520 ipsa
1091 1455 1152 1521 ρετ
1168 1437 1234 1505 iste
1250 1438 1330 1505 finis
1346 1439 1468 1507 tollere
1485 1441 1520 1507 et
1534 1441 1664 1507 habere
1679 1439 1912 1522 medietatem,
1930 1444 1966 1508 et
1987 1461 2051 1512 nos
2065 1446 2102 1512 et

242 1587 370 1656 nostris
385 1587 571 1656 heredibus
586 1588 819 1675 medietatem3
837 1588 888 1655 ita
910 1591 1026 1656 tamen
1050 1604 1113 1656 uos
1135 1589 1331 1674 nostrisque
1355 1589 1537 1660 heredibus
1560 1593 1720 1660 tollamus
1747 1597 1782 1660 et
1807 1597 1996 1666 habeamus
2020 1598 2098 1683 ipsa

240 1742 388 1809 ecclesia
403 1743 438 1809 et
453 1741 611 1827 predicta
627 1743 740 1821 vinea,
760 1746 795 1810 et
810 1739 876 1827 ipsi
893 1744 1053 1827 germani
1078 1746 1112 1810 et
1136 1742 1275 1810 illorum
1300 1743 1445 1812 heredes
1469 1745 1570 1812 tollad
1596 1749 1631 1813 et
1653 1749 1803 1815 habeant
1825 1751 1884 1817 ubi
1908 1753 2092 1830 voluerint,

241 1896 330 1964 aliut
345 1897 479 1963 tantum
496 1914 558 1980 per
575 1897 752 1964 mensuria
766 1896 809 1964 de
824 1897 900 1981 ipso
911 1898 1082 1975 redibam,
1097 1899 1131 1964 et
1146 1899 1256 1964 totum
1272 1899 1348 1982 ipso
1364 1899 1449 1965 aliut
1463 1917 1527 1984 per
1544 1899 1610 1967 iste
1625 1900 1705 1968 finis
1721 1901 1915 1971 dibidamus
1928 1904 2019 1972 inter
2031 1923 2095 1972 nos

241 2050 339 2116 iuxta
355 2049 491 2116 ratione
506 2065 570 2132 per
586 2047 734 2117 medium
752 2049 935 2135 equaliter;
954 2049 1021 2134 ipsi
1036 2049 1198 2134 germani
1215 2052 1249 2117 et
1266 2051 1404 2117 illorum
1421 2051 1566 2119 heredes
1583 2055 1708 2120 tollant
1723 2056 1758 2120 et
1773 2056 1923 2123 habeant
1945 2073 2003 2124 eos
2026 2075 2097 2126 me-

239 2197 414 2276 dietatem,
433 2199 469 2264 et
482 2215 545 2264 nos
561 2200 595 2266 et
609 2197 737 2265 nostris
753 2197 935 2265 heredibus
951 2198 1178 2277 medietatem,
1197 2201 1231 2265 et
1247 2199 1316 2269 illis
1331 2200 1471 2286 suisque
1486 2201 1668 2294 heredibus
1684 2203 1905 2275 defensarent
1917 2207 2018 2274 nobis
2033 2225 2106 2303 nog

236 2349 382 2434 strisque
397 2348 579 2418 heredibus
595 2350 716 2419 inolita
731 2351 949 2420 medietatem
967 2353 1068 2419 rebus
1086 2353 1162 2436 ipsa
1177 2353 1272 2420 intra
1287 2353 1362 2438 ipse
1377 2354 1456 2422 flnis
1471 2358 1506 2422 et
1522 2355 1597 2440 ipsa
1613 2357 1760 2424 ecclesia
1773 2361 1807 2424 et
1824 2357 1980 2442 predicta
1990 2359 2095 2426 vinea

236 2504 426 2588 apartibus
442 2503 545 2569 uxori
560 2520 620 2570 sue
635 2504 669 2570 et
683 2502 729 2569 da
745 2504 807 2569 toti
832 2504 1059 2588 suprascripti
1084 2504 1294 2582 hominibus,
1314 2524 1380 2590 que
1404 2508 1482 2590 ipsa
1505 2507 1705 2592 supradicta
1727 2510 1867 2576 illorum
1896 2510 2090 2578 monimina

237 2657 430 2734 continuat,
449 2655 495 2723 da
510 2675 577 2741 que
593 2653 663 2726 illis
677 2675 735 2726 eos
750 2661 971 2742 paraverunt,
991 2660 1026 2725 ot
1040 2657 1085 2724 da
1100 2659 1267 2726 uxoribus
1284 2659 1421 2726 illorum
1437 2663 1472 2727 et
1486 2659 1532 2726 da
1555 2661 1624 2728 illis
1647 2660 1841 2729 hominibus
1865 2665 1899 2728 et
1922 2663 2092 2746 partibus,
2123 2675 2128 2684 ·

236 2810 292 2876 oui
308 2827 371 2894 ρετ
387 2809 455 2893 ipsi
469 2810 630 2893 germani
657 2811 711 2877 vel
728 2827 791 2894 per
806 2811 894 2894 ipsis
910 2810 1136 2894 suprascripti
1154 2811 1234 2878 aliis
1250 2808 1458 2890 hominibus,
1474 2810 1520 2878 da
1536 2830 1602 2896 que
1618 2812 1689 2879 illis
1701 2829 1759 2880 eos
1775 2816 1997 2898 paraverunt,
2016 2831 2097 2899 quo-

237 2961 484 3046 modocumque
501 2961 618 3029 datum
635 2965 689 3030 vei
705 2963 920 3047 hobligatum
936 2962 1106 3046 paruerit,
1125 2965 1160 3028 et
1174 2962 1232 3046 qui
1250 2980 1314 3046 pro
1330 2962 1469 3029 illorum
1487 2964 1645 3048 partibus
1668 2963 1906 3049 quodcumque
1929 2967 2096 3035 causatio-

240 3133 301 3183 nes
318 3115 418 3182 nobis
433 3115 626 3200 nostrisque
642 3115 828 3183 heredibus
844 3115 925 3182 inde
940 3115 1195 3200 preposuerint,
1215 3119 1249 3182 et
1265 3134 1327 3182 nos
1343 3117 1504 3200 germani
1528 3118 1562 3184 et
1584 3118 1712 3184 nostris
1736 3117 1920 3186 heredibus
1942 3119 2096 3188 defense-

238 3287 314 3335 mus
330 3269 485 3352 ipsorum
503 3269 565 3336 risi
582 3270 616 3336 et
633 3269 779 3353 iaquinti
795 3271 829 3336 et
844 3268 887 3334 ad
909 3269 1049 3335 illorum
1071 3267 1215 3336 heredes
1238 3269 1421 3336 medietate
1443 3271 1547 3338 rebus
1569 3271 1646 3354 ipsa
1668 3271 1761 3337 infra
1785 3273 1860 3357 ipse
1883 3273 1974 3352 finis
1992 3275 2037 3350 et,
2061 3278 2099 3340 ut

236 3422 398 3505 superius
414 3420 544 3488 dictum
565 3425 628 3500 est,
647 3426 814 3507 quantum
832 3440 897 3506 pro
914 3423 989 3507 ipsa
1005 3423 1108 3490 vinea
1123 3425 1157 3490 et
1171 3440 1235 3507 pro
1251 3423 1326 3507 ipsa
1341 3423 1485 3492 ecclesia
1499 3424 1621 3490 tollere
1637 3427 1671 3490 et
1686 3427 1813 3493 habere
1833 3424 1933 3493 debet
1949 3445 1971 3493 a
1985 3426 2096 3510 parti·

237 3575 299 3641 bus
317 3573 482 3641 uxoribus
497 3573 628 3641 nostris
643 3577 678 3642 et
693 3573 739 3639 da
755 3571 900 3640 heredes
916 3573 1026 3656 ipsius
1042 3571 1187 3640 roderisi
1207 3573 1286 3640 abio
1301 3575 1432 3653 nostro,
1452 3591 1518 3659 que
1534 3573 1612 3660 ipsa
1633 3577 1751 3645 nostra
1773 3577 1966 3644 monimina
1987 3581 2097 3646 conti·
2166 3547 2169 3553 Δ

236 3733 309 3814 net,
329 3726 363 3792 et
379 3723 425 3790 da
440 3723 510 3792 illis
526 3723 724 3790 hominibus
741 3727 776 3790 et
790 3723 959 3806 partibus,
978 3723 1032 3788 oui
1048 3741 1111 3807 per
1128 3741 1191 3790 nos
1208 3725 1262 3790 vel
1279 3742 1340 3808 per
1356 3724 1425 3790 illis
1447 3724 1564 3791 datum
1581 3728 1634 3792 vel
1658 3726 1849 3810 obligatum
1873 3729 2043 3811 paruerit,
2063 3733 2097 3798 et

235 3878 291 3962 qui
311 3894 376 3962 pro
391 3879 521 3945 nostris
537 3877 695 3962 partibus
710 3879 766 3944 vel
781 3894 846 3960 pro
862 3877 1021 3962 partibus
1045 3877 1087 3945 de
1110 3876 1254 3946 heredes
1278 3877 1387 3962 ipsius
1411 3877 1571 3957 roderisi,
1589 3877 1635 3945 da
1657 3897 1723 3963 que
1746 3891 1809 3945 nos
1832 3880 1911 3947 illos
1934 3885 2097 3964 paratum

238 4028 415 4106 habemus,
435 4027 674 4113 quodcumque
691 4028 909 4096 causationes
923 4028 1075 4112 ipsorum
1093 4027 1250 4111 germani
1268 4030 1302 4094 et
1318 4027 1362 4094 ad
1378 4029 1518 4096 illorum
1536 4028 1681 4096 heredes
1695 4030 1821 4098 exinde
1838 4032 2093 4115 preposueriut.

237 4179 279 4247 de
300 4181 360 4248 alii
376 4199 457 4249 vero
472 4181 672 4248 homiuibus
688 4184 722 4250 et
736 4181 904 4266 partibus,
924 4182 953 4248 si
969 4180 1096 4248 exinde
1112 4181 1285 4248 eontentio
1300 4181 1405 4248 fuerit
1420 4183 1554 4260 exurte,
1571 4183 1671 4249 nobis
1694 4185 1747 4251 vel
1772 4181 1816 4249 ad
1840 4183 1970 4250 nostris
1995 4186 2096 4252 here-

235 4331 336 4400 dibus
352 4335 387 4400 et
404 4334 542 4399 illorum
559 4335 612 4401 vel
629 4331 674 4399 ad
690 4333 828 4400 illorum
852 4293 1014 4411 heredes,
1028 4333 1162 4416 pariter
1186 4331 1296 4417 adque
1320 4333 1510 4400 comuniter
1534 4336 1678 4417 utraque
1702 4337 1816 4418 partes
1839 4337 2094 4421 coniungamus

234 4503 296 4552 nos
312 4505 390 4553 oum
414 4490 544 4571 quanta
567 4486 744 4554 monimen
767 4490 802 4553 et
829 4488 999 4554 rationem
1027 4485 1107 4554 inde
1130 4487 1256 4554 habere
1282 4487 1507 4571 potuerimus,
1530 4490 1564 4553 et
1587 4489 1702 4554 uniter
1729 4487 1841 4574 adque
1868 4491 2093 4558 communiter

234 4636 362 4704 exinde
376 4655 556 4705 causemus
572 4640 699 4723 absque
717 4639 810 4704 omni
821 4637 977 4714 ‚colludio
993 4655 1103 4723 usque
1120 4637 1163 4705 ad
1181 4656 1296 4705 veram
1312 4641 1346 4705 et
1361 4638 1543 4705 diffinitam
1561 4641 1686 4727 legem3
1703 4643 1739 4706 et
1755 4641 1784 4706 si
1800 4659 1863 4724 per
1879 4643 1992 4724 legem
2010 4640 2093 4710 inde

91 4815 96 4824 ·
235 4790 409 4874 perditum
427 4791 621 4861 fuerit‘siue
638 4791 786 4860 colludio
802 4789 845 4863 de
860 4795 1024 4878 quantum
1048 4792 1130 4890 inde
1153 4792 1374 4872 remanserit,
1392 4795 1525 4858 tantum
1551 4793 1626 4877 ipso
1648 4793 1739 4858 inter
1762 4810 1825 4861 nos
1848 4795 2036 4863 habeamus
2059 4797 2093 4862 et

232 4942 441 5022 diffidamus,
462 4943 551 5010 sicut
566 4944 725 5029 superius
741 4944 883 5031 iegitur3
902 4947 936 5012 et
951 4943 994 5010 de
1009 4946 1175 5029 quantum
1192 4962 1253 5028 per
1269 4946 1383 5028 legem
1406 4945 1481 5011 sine
1504 4943 1653 5011 colludio
1675 4943 1753 5013 inde
1776 4945 1948 5029 perditum
1973 4945 2087 5026 fuerit,

232 5095 336 5162 soluti
353 5096 445 5163 inter
463 5114 525 5163 nos
540 5096 620 5164 inde
636 5115 849 5166 maneamus.
869 5100 904 5164 et
918 5100 958 5164 ut
973 5099 1088 5166 omnia
1112 5099 1349 5183 suprascripta
1372 5099 1463 5167 inter
1488 5117 1549 5166 nos
1573 5098 1766 5182 nostrisque
1790 5096 1972 5164 heredibus
1996 5097 2089 5163 omni

235 5249 393 5332 tempore
407 5247 558 5315 firmiter
575 5249 848 5333 permanendum
864 5253 897 5316 et
915 5250 1033 5316 omnia
1049 5250 1142 5316 inter
1158 5267 1222 5318 nos
1238 5248 1510 5334 adimplendum,
1529 5267 1593 5334 per
1610 5265 1698 5314 vona
1720 5245 1973 5314 combenientia
1996 5249 2090 5312 utra-

233 5416 298 5480 que
314 5401 416 5482 parte
431 5399 677 5483 guadiabimus
693 5403 785 5470 inter
800 5419 863 5468 nos
880 5401 1019 5479 exinde,
1038 5403 1072 5470 et
1085 5401 1154 5487 ipsi
1171 5401 1242 5469 riso
1258 5404 1291 5470 et
1307 5401 1484 5486 iaquintus
1496 5398 1664 5467 mediator
1675 5399 1775 5466 nobis
1788 5399 1904 5482 posuit
1916 5395 2090 5481 iaquintus

233 5549 406 5617 castaldus
421 5551 513 5619 filius
528 5552 699 5636 quondam
715 5555 837 5630 totoni,
856 5557 891 5621 et
907 5570 970 5620 nos
985 5554 1161 5638 posuimus
1177 5552 1344 5622 mediator
1367 5555 1486 5637 petrus
1509 5550 1666 5618 notarius
1689 5549 1779 5617 filius
1803 5547 1942 5634 andree3
1968 5550 2003 5614 et
2025 5564 2087 5631 per

234 5698 310 5782 ipsa
327 5699 459 5785 guadia
475 5701 719 5786 obligaverunt
736 5721 773 5771 se
789 5703 855 5788 ipsi
872 5705 1031 5788 germani
1048 5706 1083 5771 et
1098 5703 1169 5771 suis
1185 5703 1370 5771 heredibus
1387 5705 1422 5770 et
1436 5721 1499 5769 nos
1515 5703 1550 5768 et
1561 5700 1688 5770 nostris
1699 5699 1884 5768 heredibus
1896 5698 2089 5782 adimplen-

236 5853 314 5920 dum
333 5855 427 5922 inter
444 5872 508 5922 nos
524 5857 653 5931 omnia,
671 5862 709 5923 ut
724 5860 884 5942 superius
902 5859 1043 5943 iegitur3
1060 5861 1095 5926 et
1111 5858 1213 5941 quale
1228 5874 1311 5942 pars
1326 5857 1411 5924 talia
1428 5855 1616 5941 adimplere
1636 5856 1799 5935 noluerit,
1819 5859 1872 5923 rel
1895 5857 2011 5924 omnia
2033 5877 2090 5924 su·

444 5979 507 6027 Tou.
521 5981 555 6026 h.
886 6003 890 6012 ·
1931 5981 1958 6025 10
