5286 7098
608 543 646 603 „
1275 511 1709 587 1001101101010
1783 609 1786 618 Ι
1857 587 1863 596 ,
1985 477 1991 496 ’

565 771 674 858 ipsius
690 767 903 853 ermengart,
923 766 951 833 si
968 764 1097 830 voleret
1113 763 1225 828 100010
1242 755 1430 825 secundum
1447 758 1561 840 legem
1578 755 1652 839 ipse
1666 753 1747 820 finis
1762 751 1908 836 predicti
1926 751 1996 818 abii
2012 753 2076 829 sui,
2094 752 2183 836 quod
2201 753 2276 837 ipsa
2290 755 2414 822 cartula

563 925 729 992 continet:
750 922 810 989 ille
825 917 929 997 dixit,
944 917 1075 986 utfinis
1092 915 1164 1000 ipse
1180 913 1303 998 sacere3
1317 909 1408 979 unde
1423 911 1515 977 inter
1532 906 1581 976 eis
1597 907 1750 976 iudicavi
1762 909 1795 976 et
1810 924 1874 990 per
1890 909 2007 991 partes
2022 907 2092 972 illis
2109 905 2277 990 guadiare
2290 907 2364 985 1001,
2380 911 2414 972 ut

563 1077 728 1160 pergeret
743 1073 781 1140 in
798 1072 874 1157 ipso
891 1073 1003 1139 locum
1021 1069 1217 1146 correiano,
1234 1069 1269 1136 et
1285 1066 1352 1150 ipsi
1370 1063 1518 1132 bisantio
1541 1067 1576 1128 01
1592 1060 1738 1130 andreas
1761 1059 1906 1129 clericus
1929 1061 2122 1126 monstrare
2145 1058 2212 1125 hab
2235 1057 2324 1127 unde
2346 1077 2414 1126 esse

563 1229 637 1312 ipse
652 1227 733 1294 finis
750 1225 859 1311 ipsius
875 1223 1040 1308 radiperti
1058 1220 1137 1288 abio
1154 1220 1264 1304 ipsius
1280 1216 1520 1300 hermengari,
1540 1218 1575 1282 et
1590 1214 1673 1281 hubi
1698 1214 1783 1282 illud
1809 1211 2067 1288 monstraberit,
2086 1212 2116 1279 si
2139 1210 2326 1279 crediderit
2348 1213 2417 1296 ipse

550 1341 785 1462 ermengart,
805 1377 843 1442 ut
865 1375 939 1460 ipse
961 1373 1043 1440 finis
1061 1373 1132 1440 iilis
1148 1373 1239 1439 10010
1256 1369 1484 1436 monstrasset
1497 1369 1540 1434 ab
1563 1366 1643 1433 inde
1666 1365 1750 1434 illud
1775 1366 1900 1433 habere
1922 1365 1995 1449 ipse
2018 1367 2240 1450 hermengari
2263 1381 2328 1449 pro
2349 1367 2417 1450 ipse

563 1529 643 1597 finis
660 1526 807 1612 predicti
827 1526 897 1592 abii
914 1525 981 1612 sui3
999 1523 1078 1592 etsi
1095 1521 1178 1590 illud
1195 1540 1264 1589 non
1280 1519 1476 1597 crediderit,
1495 1521 1576 1584 tunc
1592 1520 1667 1602 ipse
1682 1515 1906 1600 hermengari
1931 1517 2126 1584 monstrare
2150 1517 2220 1583 hab
2233 1517 2321 1584 unde
2344 1517 2418 1582 1110

564 1683 615 1748 001
632 1679 707 1764 ipse
725 1677 805 1744 finis
821 1676 969 1762 predicti
987 1676 1057 1743 abii
1074 1675 1126 1742 sui
1143 1676 1178 1740 et
1194 1673 1381 1740 secundum
1398 1673 1510 1756 legem
1528 1671 1680 1755 ipsorum
1699 1667 1836 1738 bisantii
1854 1677 1888 1735 et
1904 1666 2033 1734 andree
2055 1667 2171 1734 0101101
2189 1669 2315 1746 iurare,
2335 1671 2417 1736 utab

564 1829 658 1896 unde
676 1827 761 1896 illud
779 1825 1027 1894 monstraverit
1042 1827 1109 1891 hab
1125 1823 1205 1891 inde
1222 1826 1311 1890 esset
1328 1823 1402 1906 ipse
1419 1821 1498 1887 finis
1523 1821 1617 1887 habii
1641 1820 1694 1886 sui
1719 1823 1753 1885 01
1777 1820 1878 1885 rebus
1902 1819 1977 1902 ipsa
2000 1818 2134 1902 legibus
2157 1819 2187 1886 01
2212 1820 2418 1903 pertinentes

564 2001 651 2052 esse.
670 1979 786 2048 hunde
803 1981 877 2064 ipse
894 1976 1121 2060 hermengam
1139 1977 1255 2059 posuit
1271 1972 1494 2040 mediatorem
1513 1974 1649 2039 alchom
1665 1971 1758 2038 filius
1770 1969 1939 2055 quondam
1958 1969 2131 2048 iohannis,
2145 1973 2180 2038 01
2194 1971 2261 2056 ipsi
2279 1971 2418 2040 bisantio

565 2137 600 2201 et
616 2131 764 2201 andreas
780 2129 928 2197 clericus
943 2127 984 2196 de
1000 2145 1036 2194 se
1059 2125 1255 2211 plicandum
1279 2128 1314 2193 et
1336 2125 1543 2207 euvangelia
1559 2122 1752 2208 parandum
1778 2120 2001 2189 mediatorem
2027 2124 2215 2204 posuerunt
2240 2123 2349 2206 ipsum
2375 2126 2418 2190 al·

566 2287 678 2350 0101.
700 2285 735 2348 01
750 2282 868 2348 1011101
883 2279 1033 2348 scribere
1050 2279 1192 2346 fecimus
1208 2283 1241 2345 10
1256 2276 1407 2344 ademari
1425 2277 1579 2342 notarius
1595 2276 1653 2360 qui
1671 2273 1824 2341 interlui.

1374 2779 1656 2858 CCLXIX.

1364 3025 1418 3101 A.
1458 3025 1508 3101 D.
1545 3020 1649 3100 972.

622 3289 657 3423 †
683 3338 877 3405 innomine
895 3335 1024 3401 domini
1041 3351 1131 3400 anno
1148 3332 1414 3417 quadragesimo
1432 3332 1647 3415 principatus
1663 3333 1780 3399 domni
1796 3337 1905 3402 nostri
1929 3339 2044 3422 gisolfi
2071 3339 2214 3421 gloriosi
2237 3339 2411 3424 principis.

566 3507 685 3557 mense
702 3489 842 3554 octuber
855 3487 972 3571 prima
988 3484 1186 3551 indictione.
1202 3483 1482 3548 memoratorium
1502 3482 1593 3549 sactu
1609 3479 1741 3550 anobis
1759 3471 1915 3581 edelgari
1928 3488 1986 3571 qui
2000 3485 2212 3556 domnandus
2223 3491 2372 3566 vocatur,
2385 3493 2415 3554 01

565 3639 801 3726 gaidenardus
818 3639 876 3723 qui
890 3639 1063 3723 iaquintus
1080 3638 1233 3712 vocatur,
1253 3637 1411 3720 germani
1427 3636 1490 3701 11111
1509 3637 1667 3714 mussini,
1687 3656 1726 3702 eo
1743 3637 1832 3721 quod
1848 3642 1929 3706 ante
1952 3640 2066 3725 ipsum
2089 3642 2228 3726 genitor
2250 3644 2366 3710 noster
2385 3645 2416 3708 01

565 3799 646 3864 ante
662 3795 846 3878 subscripti
863 3792 1035 3861 nobilibus
1053 3810 1115 3876 per
1132 3789 1319 3875 largietate
1336 3793 1370 3856 et
1385 3789 1599 3857 absolutione
1616 3791 1724 3874 ipsius
1742 3793 1893 3876 genitori
1911 3797 2029 3861 nostro
2045 3797 2219 3863 coniuncti
2244 3815 2359 3864 sumus
2373 3796 2413 3861 ad

564 3964 654 4015 1010
671 3947 922 4014 combenientia
936 3964 1014 4014 cum
1033 3945 1182 4012 arechisi
1199 3945 1256 4030 qui
1275 3945 1346 4010 riso
1362 3947 1515 4022 vocatur,
1534 3946 1569 4010 et
1585 3943 1761 4028 iaquintus
1783 3945 1952 4013 castaldus
1976 3949 2136 4032 germani
2160 3948 2222 4015 filii
2246 3947 2410 4032 quondam

565 4099 720 4176 iohanni,
740 4099 880 4183 propter
897 4097 1125 4164 intentionem
1142 4095 1234 4182 quod
1252 4098 1421 4163 internos
1438 4095 1622 4162 habuimus
1637 4095 1680 4164 de
1696 4096 1798 4166 rebus
1812 4097 1855 4163 de
1871 4100 1983 4165 locum
2001 4099 2109 4165 beteri
2125 4099 2191 4166 ista
2202 4099 2310 4166 011110
2321 4101 2412 4183 parte

564 4251 668 4318 fiubio
684 4252 806 4319 boneia
821 4253 919 4319 iuxta
934 4251 1036 4318 litore
1052 4250 1170 4327 maris,
1193 4251 1227 4316 et
1242 4249 1361 4342 inquo
1377 4265 1441 4314 nos
1457 4249 1619 4332 germani
1642 4250 1787 4316 ecclesia
1809 4252 2011 4318 vocabulum
2036 4251 2147 4318 sancti
2171 4250 2316 4319 iohanni
2339 4266 2411 4316 con·

562 4403 695 4466 structa
711 4403 874 4468 habemus
891 4403 927 4468 et
943 4401 1160 4485 aliquantum
1179 4399 1282 4466 binea
1297 4400 1399 4464 sacta.
1420 4399 1499 4464 illut
1514 4400 1608 4464 ulter
1624 4399 1700 4483 ipso
1716 4397 1821 4465 fiubio
1837 4419 1875 4467 as
1890 4397 1971 4468 finis
1987 4402 2098 4468 habet:
2118 4405 2251 4486 aparte
2265 4399 2410 4474 orientis,

563 4553 653 4618 sicut
668 4552 823 4619 decurrit
839 4553 915 4638 ipso
931 4553 1047 4630 fiubi0,
1067 4551 1110 4619 de
1127 4554 1248 4636 suptus
1263 4551 1333 4618 fine
1350 4551 1452 4618 111010
1468 4552 1589 4629 marie,
1609 4551 1651 4620 de
1675 4553 1745 4619 alia
1769 4553 1870 4636 parte
1893 4553 1982 4620 sicut
2005 4552 2161 4621 ascendit
2183 4571 2245 4638 per
2268 4551 2355 4639 pede
2375 4550 2413 4616 de

564 4707 680 4771 monte
695 4705 754 4788 qui
770 4703 895 4771 dicitur
911 4705 1050 4783 1100010,
1068 4704 1127 4789 qui
1144 4705 1196 4772 001
1210 4703 1280 4770 fine
1297 4703 1451 4788 ipsorum
1470 4703 1630 4786 germani
1647 4704 1709 4770 risi
1725 4707 1760 4769 01
1775 4703 1919 4789 iaquinti
1936 4710 1970 4773 et
1985 4724 2063 4774 mea
2078 4705 2280 4784 damnandi,
2300 4705 2345 4773 de
2362 4723 2414 4772 su·

560 4875 623 4941 per
639 4859 709 4924 fine
725 4855 812 4941 pede
827 4855 870 4924 de
886 4861 1002 4924 monte
1019 4858 1077 4942 qui
1094 4855 1220 4923 dicitur
1236 4857 1362 4934 labala,
1385 4857 1444 4942 qui
1460 4860 1513 4924 ost
1528 4858 1598 4923 fine
1614 4858 1768 4941 ipsorum
1788 4859 1961 4940 germani,
1980 4859 2069 4925 sicut
2093 4856 2189 4925 badit
2211 4876 2320 4943 usque
2342 4858 2411 4943 ipso

561 5011 676 5078 fiubio.
697 5011 775 5078 illut
791 5012 859 5078 ista
876 5015 976 5096 parte
993 5011 1067 5094 ipso
1083 5011 1188 5077 fiubio
1204 5011 1280 5077 abet
1295 5011 1388 5084 finis,
1407 5011 1449 5077 de
1465 5029 1533 5078 una
1550 5015 1649 5096 parte
1665 5012 1674 5077 i
1679 5030 1740 5096 pso
1755 5011 1871 5090 fiubio,
1890 5010 1932 5079 de
1948 5015 2068 5095 suptus
2084 5011 2153 5079 fine
2169 5011 2272 5079 litore
2295 5010 2409 5078 maris.

560 5165 602 5228 ab
627 5163 760 5230 oriente
775 5165 865 5231 sicut
879 5164 945 5230 suit
961 5164 1036 5247 ipsa
1052 5163 1160 5230 cibita
1175 5161 1217 5230 de
1234 5162 1342 5231 beteri
1356 5166 1390 5231 et
1406 5165 1637 5248 coniungentc
1653 5164 1689 5230 in
1706 5165 1761 5229 bia
1776 5165 1943 5230 nucerina
1960 5168 1994 5232 et
2010 5183 2072 5249 per
2095 5165 2173 5250 ipsa
2195 5165 2412 5244 1100011111-

560 5315 664 5394 gente
680 5312 723 5378 ad
740 5313 816 5397 ipso
832 5313 947 5380 fiubio.
968 5331 1031 5398 per
1048 5313 1115 5380 iste
1130 5313 1210 5382 finis
1226 5312 1398 5398 querebad
1416 5313 1483 5398 ipsi
1500 5316 1659 5398 germani
1676 5317 1784 5380 totum
1804 5332 1902 5381 suum
1920 5313 2032 5382 lacere
2048 5333 2112 5398 per
2128 5313 2321 5380 monimina
2343 5331 2412 5396 011ος

559 5483 632 5530 una
647 5465 893 5544 continentem,
913 5465 1062 5550 qualiter
1077 5465 1142 5532 filii
1168 5466 1257 5549 gutti
1282 5464 1479 5534 donaverad
1504 5466 1653 5552 ipsorum
1677 5469 1838 5551 germani
1862 5485 1916 5534 res
1937 5466 1981 5533 de
2006 5467 2081 5551 ipso
2108 5469 2220 5542 locum
2248 5466 2356 5534 beteri
2383 5467 2415 5532 et

558 5581 711 5702 aliunde3
729 5618 797 5684 alia
812 5619 1058 5697 continentem,
1079 5617 1230 5704 qualiter
1246 5620 1380 5688 0100110
1395 5620 1486 5687 filius
1501 5619 1639 5687 sindoni
1655 5619 1850 5686 donaverad
1866 5620 2018 5704 ipsorum
2036 5621 2197 5704 germani
2214 5637 2269 5687 res
2284 5619 2326 5686 de
2341 5617 2413 5702 ipso

564 5771 675 5836 locum
693 5770 727 5836 01
743 5767 894 5856 aliunde3
913 5771 982 5838 alia
998 5773 1234 5840 continentem
1250 5773 1292 5840 de
1308 5773 1371 5840 filii
1390 5775 1423 5838 et
1438 5773 1557 5856 nepoti
1575 5773 1669 5857 teupi
1686 5778 1721 5838 et
1738 5773 1780 5838 de
1803 5777 1928 5856 nepote
1951 5773 2146 5856 guisenolfi.
2168 5769 2337 5855 quomodo
2359 5769 2414 5834 do-
