5286 7098
621 551 661 608 oo
1292 525 1453 597 CbbEx
1492 523 1723 595 Cill'ENSlS

574 779 671 846 vobis
689 777 878 860 uestrisque
894 771 1077 841 heredibus
1093 769 1389 855 proposuerimus
1408 785 1615 852 componere
1631 768 1773 852 hobligo
1789 785 1844 834 me
1859 769 1995 852 meique
2014 769 2267 837 successoribus
2290 787 2323 838 et
2345 791 2415 858 pars

576 929 687 999 nostri
704 928 872 1014 episcopii
890 927 984 993 vobis
1000 924 1188 1008 vestrisque
1204 921 1389 990 heredibus
1404 921 1613 1006 quingentos
1635 922 1712 988 auri
1736 919 1863 988 solidos
1886 922 2133 988 constantines.
2152 925 2186 991 et
2208 923 2322 990 taliter
2343 931 2416 992 scri-

575 1085 655 1150 bere
671 1080 871 1165 rogavimus
888 1082 921 1145 te
936 1079 1088 1145 totonem
1105 1075 1290 1152 notarium,
1310 1073 1450 1140 hactum
1466 1073 1616 1140 salerno.

633 1207 661 1320 †
685 1249 751 1318 ego
776 1232 835 1317 qui
860 1249 967 1314 supra
991 1229 1177 1296 sichelmus
1192 1225 1357 1293 diaconus
1372 1228 1407 1293 et
1425 1225 1657 1292 bicedominus

631 1360 661 1472 †
684 1405 751 1472 ego
776 1385 889 1470 pando
912 1383 1175 1450 archidiaconus

631 1512 751 1626 †ego
777 1537 835 1621 qui
860 1553 966 1621 supra
989 1533 1095 1620 gaido
1119 1531 1223 1606 iudex

634 1665 664 1776 †
687 1710 755 1777 ego
778 1691 914 1758 ornatus
937 1689 1108 1774 presbiter

632 1817 752 1929 †ego
776 1859 897 1910 manso
920 1839 1092 1926 presbiter

633 1965 753 2079 †ogo
777 1993 957 2060 dauferius
980 1990 1147 2057 diaconus
1171 1993 1205 2054 et
1229 1989 1336 2054 abbas
1362 1989 1517 2070 cappello
1540 1987 1662 2069 palatii

631 2120 660 2232 †
683 2165 751 2230 ego
775 2163 877 2212 ursus
901 2143 1073 2228 presbiter
1096 2145 1130 2208 01
1154 2139 1257 2206 oblias

631 2274 750 2386 †ego
772 2301 831 2384 qui
855 2317 962 2383 supra
986 2297 1140 2382 iaquinto

631 2429 660 2539 †
684 2473 751 2540 ego
776 2451 973 2521 romoaldus
996 2471 1053 2518 me
1077 2451 1264 2532 subscripsi

630 2583 660 2692 †
683 2627 750 2691 ego
773 2608 923 2674 arechisi

627 2737 656 2845 †
682 2781 749 2844 ego
773 2761 938 2828 sriderisi.

1355 3263 1633 3344 CCLXIV.

1355 3512 1409 3583 A.
1447 3508 1498 3585 D.
1537 3505 1633 3583 971.

630 3771 664 3904 †
688 3828 725 3888 ln
741 3821 879 3914 nomine
895 3821 1027 3886 domini
1045 3819 1220 3886 tricesimo
1236 3820 1355 3884 octabo
1371 3837 1461 3884 anno
1479 3818 1695 3902 principatus
1718 3817 1836 3883 domni
1859 3817 1969 3884 nostri
1994 3817 2107 3899 gisolfi
2133 3817 2275 3898 gloriosi
2302 3812 2425 3896 princi-

570 3975 637 4056 pis,
655 3969 774 4040 mense
790 3971 969 4038 ianuarias
987 3970 1250 4056 quartadecima
1267 3970 1466 4037 indictione.
1486 3968 1769 4036 memoratorium
1784 3971 1911 4034 factum
1936 3988 1958 4034 a
1982 3989 2034 4036 mo
2058 3966 2235 4034 maraldus
2258 3965 2423 4051 presbiter

569 4125 662 4194 fllius
679 4124 819 4202 lantrid,
839 4141 880 4191 eo
897 4125 987 4209 quod
1005 4126 1087 4191 ante
1103 4122 1287 4208 subscripti
1304 4125 1407 4192 testes
1423 4141 1485 4207 per
1502 4123 1594 4188 bona
1608 4121 1860 4189 combonientia
1875 4120 2004 4205 guardia
2019 4119 2121 4187 michi
2138 4119 2233 4187 dedit
2250 4126 2369 4203 petrus
2390 4123 2425 4182 ri-

570 4277 636 4343 lius
654 4277 756 4346 musi.
777 4281 811 4343 et
827 4276 1051 4344 mediatorem
1070 4276 1175 4342 miehi
1193 4277 1308 4360 posuit
1322 4292 1358 4342 se
1372 4275 1486 4359 ipsum
1503 4275 1563 4341 tali
1581 4273 1714 4352 ordine,
1734 4278 1772 4340 ut
1787 4275 1909 4342 amodo
1925 4278 1959 4342 et
1975 4293 2080 4358 usque
2103 4275 2215 4342 tribus
2239 4271 2355 4338 trudia
2377 4291 2424 4336 re-

575 4429 720 4493 collecta
736 4426 846 4494 licead
873 4427 971 4494 illum
988 4429 1023 4493 ot
1038 4425 1208 4502 homines,
1230 4445 1329 4510 quem
1355 4426 1502 4502 miserit,
1521 4429 1641 4492 tenere
1664 4425 1708 4492 ad
1732 4445 1792 4494 suo
1815 4426 1977 4510 potestati
2000 4426 2105 4492 terris
2130 4425 2244 4502 bacuo,
2264 4429 2300 4492 et.
2324 4428 2425 4490 casta-
2483 4507 2488 4518 ι

572 4579 678 4653 nieta,
698 4583 732 4646 et
748 4581 968 4657 abellanieta,
987 4581 1022 4646 01
1041 4581 1231 4654 arvustum,
1251 4576 1340 4661 quod
1357 4593 1439 4660 pars
1455 4579 1599 4646 ecclesie
1615 4579 1725 4646 sancti
1743 4579 1887 4644 maximi
1905 4579 2007 4646 habet
2025 4579 2186 4645 inlocum
2212 4583 2375 4646 muntorn
2391 4579 2428 4643 fi-

571 4733 674 4799 nibus
692 4719 855 4808 rotensis,
874 4735 908 4800 et
924 4731 1001 4798 illut
1018 4732 1077 4816 qui
1093 4731 1221 4798 dicitur
1236 4731 1279 4797 da
1294 4735 1449 4810 t'araone,
1468 4732 1556 4800 idest
1570 4731 1614 4798 da
1630 4732 1686 4798 bia
1701 4749 1766 4816 que
1790 4733 1842 4799 ost
1865 4749 1972 4816 supra
1994 4750 2074 4800 oasa
2096 4733 2138 4800 do
2161 4733 2224 4799 filii
2248 4732 2425 4817 adelgardi

571 4889 606 4952 et
622 4903 729 4969 usque
748 4884 846 4951 ribus
862 4889 952 4954 siccu
970 4887 1004 4952 et
1021 4885 1187 4969 quantum
1203 4887 1256 4952 est
1272 4885 1348 4952 illut
1361 4885 1405 4951 da
1420 4887 1574 4962 faraone,
1592 4887 1714 4965 totum,
1742 4885 1830 4953 sicut
1847 4885 2012 4964 diximus,
2034 4905 2140 4970 usque
2163 4887 2237 4972 ipso
2261 4887 2423 4954 constitu-

571 5043 643 5106 tum
667 5043 787 5106 tenere
802 5037 844 5103 ad
862 5057 922 5106 sue
939 5039 1102 5123 potestati
1119 5041 1153 5108 et
1170 5037 1269 5106 iuxta
1285 5041 1374 5106 ratio
1390 5041 1502 5107 01111111
1520 5059 1581 5108 sue
1604 5039 1746 5106 utilitati
1770 5039 1895 5108 ibidem
1919 5040 2073 5108 facerent
2096 5043 2130 5108 et
2153 5041 2228 5125 ipso
2251 5043 2425 5108 arbustum

570 5192 649 5274 apto
666 5193 819 5274 ternpore
836 5189 996 5273 desuper
1014 5191 1048 5255 et
1064 5187 1106 5257 de
1121 5191 1253 5273 suptus,
1271 5191 1358 5258 sicut
1380 5192 1474 5257 locus
1497 5191 1571 5276 ipse
1588 5190 1753 5258 meruerit
1777 5193 1813 5256 ut
1827 5193 1913 5257 beno
1937 5193 2058 5274 pareat
2074 5191 2281 5268 laboratum,
2299 5195 2335 5258 et
2353 5191 2426 5274 ipso

571 5341 814 5408 abellanietum
831 5360 893 5424 per
903 5343 1065 5426 tempore
1080 5345 1222 5409 ararent
1237 5345 1273 5408 et
1288 5343 1482 5411 studiarent
1497 5344 1597 5410 iuxta
1612 5345 1755 5414 ratione.
1774 5345 1863 5411 sicut
1878 5347 2057 5429 meruerit3
2074 5347 2106 5409 01
2121 5344 2232 5410 omnis
2249 5343 2378 5410 victum
2396 5343 2426 5406 01

570 5491 1013 5571 vinuiir‚otabella11ee,et
1035 5498 1205 5573 castaneo,
1220 5500 1254 5562 et
1277 5498 1432 5581 quicquit
1455 5497 1653 5565 annualiter
1671 5497 1707 5564 in
1725 5498 1803 5582 ipsa
1827 5499 1929 5565 rebus
1956 5495 2099 5564 redierit
2120 5495 2241 5562 anrodo
2264 5497 2298 5562 et
2322 5513 2427 5578 nsque

571 5645 647 5728 ipso
665 5631 902 5720 constitutum,
919 5647 1025 5712 totum
1043 5663 1104 5713 sue
1119 5646 1165 5714 sit
1182 5647 1355 5731 potestati.
1371 5649 1406 5715 ct
1421 5665 1484 5732 pro
1501 5649 1576 5732 ipso
1593 5648 1745 5715 frudium
1762 5648 1957 5730 hobligabit
1972 5665 2007 5716 se
2023 5646 2107 5716 dare
2122 5646 2220 5714 nobis
2236 5665 2299 5731 per
2316 5646 2428 5713 omnis

575 5817 703 5866 annum
730 5797 766 5863 in
790 5798 975 5868 t'estibitate
998 5803 1109 5868 sancti
1134 5802 1277 5869 martini
1301 5802 1422 5868 mnodo
1440 5806 1475 5871 et
1491 5822 1597 5888 usque
1614 5804 1689 5886 ipso
1706 5803 1939 5878 constitutum,
1959 5801 2125 5885 quadtuor
2143 5801 2219 5869 auri
2238 5801 2305 5868 tari
2334 5799 2426 5884 boui;
