5216 7092
978 575 1347 651 DIPLOMATICUS
1986 604 2045 665 153

237 827 444 896 macenabit.
465 827 516 894 sic
531 827 650 892 tamen
666 823 709 892 de
725 823 800 910 ipsa
815 839 905 905 aqua
920 839 986 904 (que
1001 818 1097 885 b'abit
1113 839 1156 888 ex
1199 871 1205 883 .
1259 872 1265 885 .
1319 871 1325 883 .
1378 873 1384 886 .
1434 822 1607 891 licentiam
1623 829 1657 893 et
1673 829 1877 913 potestatem
1893 834 2026 902 abeatis
2043 834 2096 921 ip-

236 999 310 1050 sam
327 977 490 1047 claudere
505 979 542 1044 in
558 976 633 1062 ipso
649 993 761 1054 curso,
780 974 838 1060 qui
856 973 920 1040 fuit
935 974 1052 1042 batere
1067 971 1110 1039 de
1127 973 1203 1056 ipso
1219 972 1337 1053 liniue,
1356 976 1390 1043 et
1406 977 1464 1043 ubi
1481 978 1577 1044 bobis
1599 998 1777 1050 necessum
1800 983 1904 1051 fuerit
1927 983 2019 1053 iusta
2041 1002 2095 1050 ra-

238 1133 330 1198 tione
344 1133 380 1198 et
394 1131 563 1198 rebucare
578 1129 656 1213 ipsa
672 1144 762 1212 aqua
776 1124 928 1194 debeatis
943 1125 981 1192 in
996 1123 1073 1208 ipsa
1088 1123 1263 1192 arcaturis
1278 1127 1409 1204 nostra,
1428 1127 1485 1194 ubi
1508 1128 1621 1213 ipsum
1635 1132 1802 1198 molinum
1818 1134 1973 1200 nostrum
1998 1134 2094 1204 edifi-

237 1287 351 1365 catum
368 1285 525 1360 abemus
539 1283 573 1349 et
588 1281 625 1347 in
641 1279 861 1362 medietatem
871 1276 915 1345 de
927 1277 1005 1362 ipsa
1020 1294 1112 1361 aqua
1128 1275 1267 1343 faciatis
1284 1279 1319 1343 et
1334 1277 1466 1346 abeatis
1479 1279 1590 1363 ipsum
1606 1283 1772 1350 molinum
1786 1287 1898 1352 vestre
1912 1290 2094 1371 potestatis

236 1440 364 1522 absque
378 1433 624 1520 impedimento
639 1434 674 1500 et
689 1431 883 1500 lesitionem
898 1430 940 1499 de
957 1430 1033 1514 ipso
1048 1430 1177 1508 molino
1192 1431 1323 1508 nostro,
1342 1431 1379 1495 ut
1396 1430 1481 1498 bene
1496 1433 1531 1500 et
1547 1431 1638 1499 iusta
1655 1435 1791 1502 ratione
1816 1453 1999 1506 macenare
2015 1457 2095 1522 pos-

235 1593 301 1670 sat,
319 1593 357 1658 ut
372 1589 500 1656 dictum
517 1589 582 1674 est3
599 1587 680 1672 quia
694 1587 731 1654 11
747 1586 811 1653 tali
824 1585 960 1652 ratione
971 1586 1006 1651 et
1017 1583 1140 1652 ordine
1155 1584 1220 1651 tibi
1236 1584 1330 1669 ipsos
1341 1583 1546 1653 donabimus
1559 1605 1636 1655 cum
1650 1587 1708 1654 bia
1719 1606 1781 1656 sua
1793 1589 1920 1658 ibidem
1937 1591 2093 1660 intrandi

234 1745 267 1810 et
283 1740 421 1810 exiendi
436 1743 472 1807 at
487 1739 736 1825 possessionem
753 1739 904 1805 vestram
921 1741 955 1804 et
971 1735 1014 1802 de
1029 1736 1155 1803 vestris
1171 1737 1329 1804 eredibus
1353 1737 1487 1816 abendi‚
1507 1739 1717 1824 possidendi,
1736 1741 1884 1811 faciendi
1907 1745 2035 1812 exinde
2050 1745 2094 1814 de

233 1897 310 1979 ipsa
325 1893 521 1966 medietate,
537 1893 627 1960 sicut
642 1891 806 1969 diximus
826 1889 901 1957 sine
917 1890 1075 1956 lesitioue
1090 1887 1134 1956 de
1157 1889 1234 1974 ipso
1259 1891 1389 1956 molino
1405 1893 1523 1960 nostro
1547 1894 1663 1960 omnia
1678 1912 1777 1978 quem
1795 1869 1891 1964 vobis
1906 1899 2089 1981 placuerit.

237 2045 333 2116 Unde
348 2045 391 2112 de
407 2046 486 2112 illut
500 2043 589 2132 quod
608 2045 768 2127 superius
779 2042 875 2110 vobis
891 2041 1109 2122 donabimus,
1128 2043 1228 2110 nobis
1239 2061 1303 2112 nec
1316 2043 1557 2123 uxori-nostre,
1572 2062 1635 2111 nec
1649 2045 1709 2112 alii
1722 2046 1864 2114 cuilibet
1878 2048 2004 2116 exinde
2020 2051 2096 2116 nul-

237 2203 305 2265 lam
322 2198 586 2275 reserbabimus,
605 2199 644 2263 ut
658 2197 786 2264 dictum
804 2198 867 2264 est.
888 2200 930 2264 Et
948 2214 1011 2280 pro
1025 2199 1264 2282 suprascripta
1278 2195 1464 2263 donatione
1487 2197 1771 2278 confirmandam,
1790 2201 1915 2267 iustam
1939 2204 2018 2285 lege
2035 2219 2096 2267 no-

237 2354 309 2419 stra
325 2349 620 2435 langobardorum
636 2347 814 2432 launegild
833 2347 1046 2431 suscepimus
1062 2367 1124 2413 nos
1140 2347 1197 2431 qui
1214 2365 1321 2432 supra
1336 2348 1516 2432 gariperto
1532 2351 1567 2416 et
1583 2348 1734 2416 landolfo
1752 2369 1774 2417 a
1791 2355 1825 2418 te
1840 2352 1899 2436 qui
1915 2371 2023 2438 supra
2047 2355 2096 2419 io-

235 2507 348 2572 banne
372 2522 487 2571 comes
503 2502 643 2590 palati03
662 2506 727 2569 boc
743 2505 796 2570 est
813 2501 979 2567 camisum
997 2519 1104 2567 unum
1122 2502 1157 2566 in
1174 2502 1268 2568 omni
1285 2501 1474 2588 decisione;
1491 2519 1533 2568 ea
1556 2502 1704 2581 ratione,
1723 2506 1893 2588 quatenus
1917 2507 2039 2573 amodo
2063 2511 2097 2574 et

237 2674 375 2741 semper
392 2673 454 2723 vos
470 2656 526 2739 qui
544 2674 650 2740 supra
666 2657 835 2722 iohannes
850 2672 962 2722 comes
978 2655 1109 2740 palatio
1123 2657 1158 2724 et
1174 2655 1298 2722 vestris
1321 2653 1482 2722 eredibus
1506 2655 1654 2722 firmiter
1678 2657 1810 2724 abeatis
1833 2660 1867 2725 et
1890 2659 2097 2742 possideatis

236 2813 378 2894 integra
392 2811 632 2894 suprascripta
648 2813 768 2878 nostra
783 2810 966 2876 donatione
984 2829 1049 2894 que
1064 2811 1225 2895 superius
1241 2810 1337 2876 bobis
1353 2810 1569 2888 donabimus,
1588 2813 1632 2878 Et
1655 2813 1850 2895 obligamus
1873 2831 1937 2879 nos
1959 2815 2018 2898 qui
2042 2833 2097 2880 su-

120 3005 122 3010 ·
237 2981 302 3048 pra
326 2964 508 3048 gariperto
524 2969 561 3030 et
576 2963 740 3030 landolfo.
763 2967 878 3030 tamen
896 2911 963 3048 ego
979 2964 1036 3048 qui
1052 2981 1159 3048 supra
1176 2962 1328 3030 landolfo
1344 2979 1409 3047 pro
1423 2961 1499 3030 bice
1515 2981 1594 3030 mea
1617 2966 1650 3032 et
1674 2982 1739 3048 pro
1759 2969 1862 3049 'parte
1885 2969 1919 3033 et
1942 2967 2017 3033 bice
2041 2987 2097 3034 su-

237 3114 425 3199 prascripti
449 3114 566 3199 nepoti
584 3114 664 3191 mei,
682 3132 745 3180 nos
761 3117 794 3182 et
811 3113 940 3180 nostris
956 3111 1114 3180 eredibus
1130 3113 1225 3180 vobis
1240 3113 1299 3197 qui
1315 3130 1420 3198 supra
1436 3113 1580 3179 iohanni
1598 3131 1712 3181 comes
1728 3116 1849 3199 palatii
1864 3119 1898 3184 et
1914 3117 1950 3182 at
1973 3117 2099 3184 vestris

236 3268 398 3336 eredibus
423 3269 563 3351 integra
578 3267 816 3352 suprascripta
830 3269 950 3336 nostra
964 3266 1150 3334 donatione
1166 3265 1350 3334 defendere
1365 3269 1400 3334 et
1413 3267 1587 3335 antestare
1609 3285 1745 3352 semper
1768 3285 1789 3333 a
1812 3272 1912 3353 parte
1934 3271 2103 3337 uxoribus

235 3420 365 3486 nostris
387 3413 482 3485 et'ab
498 3419 656 3484 omuibus
672 3417 743 3484 illis
759 3417 955 3486 bominibus
970 3419 1005 3486 et
1021 3417 1191 3503 partibus,
1209 3419 1264 3484 cui
1282 3420 1336 3484 vel
1353 3415 1411 3483 ubi
1427 3435 1489 3502 per
1505 3435 1569 3484 nos
1585 3421 1644 3484 aut
1661 3436 1724 3502 per
1749 3421 1976 3505 suprascripti
1999 3421 2099 3505 geni-

236 3575 304 3640 tori
327 3575 438 3643 nostri
465 3574 561 3640 bobis
579 3539 671 3658 ipsos
687 3575 808 3642 tollere
824 3575 884 3639 aut
900 3575 1062 3680 contrane
1077 3573 1249 3659 boluerit3
1266 3575 1309 3639 ab
1324 3573 1403 3639 aliis
1420 3575 1502 3640 bero
1518 3574 1716 3642 hominibus
1731 3576 1766 3640 et
1788 3575 1947 3662 partibus
1962 3594 2022 3641 vos
2045 3576 2104 3641 bo-

235 3726 288 3791 bis
307 3725 401 3808 ipsos
417 3723 601 3791 defendere
624 3727 658 3790 et
680 3723 1028 3793 antestare'debeatis
1052 3742 1130 3788 cum
1156 3725 1223 3790 ista
1246 3725 1382 3790 cartula
1404 3725 1440 3790 et
1462 3741 1540 3788 cum
1560 3725 1639 3791 aliis
1654 3725 1777 3792 vestris
1793 3726 1993 3806 rationibus,
2020 3743 2103 3811 quo-

139 3947 143 3956 ,
236 3875 337 3942 modo
361 3878 417 3942 vel
442 3875 591 3960 qualiter
609 3875 731 3944 melius
747 3875 930 3959 potueritis
947 3873 1076 3942 bisibus
1092 3874 1233 3961 nostris.
1252 3873 1336 3958 quia
1350 3875 1387 3942 in
1403 3873 1463 3940 tali
1481 3877 1600 3944 tenore
1616 3876 1713 3943 bobis
1730 3877 1822 3960 ipsos
1836 3875 2049 3945 donabimus.
2070 3881 2101 3946 si

236 4028 354 4094 autem
369 4043 434 4094 nos
458 4029 511 4094 vel
528 4029 656 4094 nostris
672 4027 830 4097 eredibus
845 4030 937 4094 hanc
953 4028 1121 4093 cartulam
1146 4025 1344 4094 donationis
1367 4025 1555 4109 dequibus
1579 4026 1743 4104 continet,
1769 4045 1831 4112 per
1855 4019 2102 4112 qualecumque

237 4179 419 4263 ingenium
437 4179 655 4264 disrumpere
671 4181 732 4246 aut
747 4180 923 4246 remobere
939 4177 1166 4262 quesierimus
1183 4179 1219 4244 et
1233 4193 1303 4242 non
1318 4177 1414 4243 bobis
1429 4175 1717 4260 compleberimus
1734 4178 1864 4255 omnia,
1889 4177 1977 4243 sicut
2000 4196 2101 4261 supe-

235 4335 308 4400 rius
338 4333 481 4417 legitur,
508 4332 626 4400 decem
649 4333 841 4399 bizantinos
865 4330 993 4398 solidos
1016 4348 1106 4416 pena
1121 4347 1184 4398 nos
1200 4332 1234 4397 et
1250 4330 1380 4398 nostris
1395 4328 1555 4397 eredibus
1571 4329 1668 4396 vobis
1691 4332 1725 4396 et
1741 4331 1777 4396 at
1793 4330 1914 4396 vestris
1941 4328 2100 4396 eredibus

236 4501 445 4570 componere
473 4485 677 4569 obligamus
709 4485 745 4550 et
768 4483 885 4549 omnia
906 4482 1146 4567 suprascripta
1169 4481 1264 4550 vobis
1287 4483 1596 4568 percompleamus
1623 4482 1658 4547 et
1686 4482 1778 4548 hanc
1801 4481 1969 4546 cartulam
1994 4479 2103 4548 dona-

236 4635 347 4702 tionis
365 4635 408 4702 de
433 4635 582 4721 qualiter
598 4635 762 4713 continet,
782 4635 883 4701 firma
898 4641 1101 4719 permaneat
1124 4653 1259 4719 semper
1282 4635 1320 4701 in
1342 4632 1504 4700 iamdicta
1520 4632 1655 4720 ratione
1671 4633 1705 4699 et
1719 4633 1838 4699 tenore
1862 4649 1927 4716 que
1950 4634 2104 4716 superius

235 4790 419 4856 continere
444 4787 592 4868 bidetur,
611 4791 645 4856 et
660 4789 778 4856 taliter
794 4806 856 4856 nos
879 4787 938 4872 qui
960 4803 1068 4874 supra
1090 4788 1271 4872 gariperto
1293 4789 1328 4855 et
1350 4785 1514 4864 landolf0,
1540 4786 1690 4870 qualiter
1706 4786 1806 4852 nobis
1828 4804 2021 4870 congruum
2038 4784 2099 4862 fui,

237 4942 394 5009 fecimus.
414 4945 449 5008 et
471 4942 522 5008 ita
545 4945 578 5008 te
600 4941 806 5026 aghenolfus
828 4940 984 5008 notarius
1006 4940 1157 5007 scribere
1180 4938 1390 5024 rogabimus.
1418 4940 1539 5004 Actum
1553 4937 1743 5021 Capuaque.

205 5168 211 5176 ‚
293 5065 407 5178 †ego
424 5093 602 5162 adenolfus
617 5111 730 5161 comes

296 5219 325 5331 †
340 5264 407 5331 ego
423 5246 573 5314 landolfo

296 5370 326 5483 †
340 5417 407 5483 ego
422 5400 526 5466 maio.
