5252 7102
1262 605 1424 678 CODEX
1463 608 1695 682 CAVENSIS

1236 1102 1716 1188 CCCCXXXVHI.

1332 1351 1386 1427 A.
1427 1351 1477 1427 D.
1513 1349 1611 1429 991.

604 1614 638 1748 †
656 1669 694 1732 lu
711 1665 854 1731 nomine
869 1663 1001 1730 domini
1020 1665 1142 1729 octabo
1162 1680 1254 1729 anno
1270 1661 1489 1747 principatus
1506 1663 1624 1730 domni
1641 1666 1752 1732 nostri
1771 1666 1929 1746 iohanni,
1946 1671 1981 1733 et
1998 1668 2100 1735 tertio
2116 1686 2210 1735 anno
2233 1669 2404 1754 principa-

545 1824 599 1886 tus
616 1816 734 1884 domni
750 1815 937 1901 guaimarii
961 1813 1036 1881 eius
1060 1815 1132 1880 filio
1157 1813 1301 1897 gloriosi
1326 1813 1555 1898 principibus,
1574 1835 1691 1885 mense
1713 1817 1851 1901 magius
1875 1821 1998 1903 quarta
2022 1819 2221 1889 indictione.
2241 1820 2319 1889 ideo
2340 1841 2401 1906 que

545 1991 608 2040 nos
624 1969 732 2054 guido
748 1969 841 2055 filius
856 1970 945 2034 bone
962 1967 1129 2034 memorie
1145 1966 1331 2050 guaimarii
1356 1967 1492 2032 comitis
1516 1973 1550 2034 et
1574 1970 1694 2036 aloara
1720 1969 1795 2036 filia
1818 1971 1990 2054 quondam
2015 1972 2174 2040 landoari
2198 1951 2330 2054 comiti,
2348 1977 2401 2060 qui

543 2145 663 2196 sumus
680 2127 735 2192 vir
750 2129 785 2190 et
800 2141 902 2200 uxor,
921 2123 1172 2198 clarefecimus,
1191 2121 1353 2205 quoniam
1374 2122 1382 2185 i
1388 2140 1448 2205 pse
1472 2123 1688 2205 guaimarius
1705 2125 1845 2206 genitor
1861 2123 1902 2192 'et
1924 2141 2078 2192 socerum
2103 2133 2262 2194 nostrum
2280 2149 2302 2195 a
2318 2130 2402 2196 uolo

499 2362 502 2368 .
543 2277 742 2346 construxit
756 2276 957 2344 fundamine
974 2275 1121 2342 ecclesia
1143 2275 1345 2340 bocabolum
1363 2275 1474 2339 sancti
1499 2272 1640 2341 martini
1656 2276 1693 2340 in
1710 2277 1812 2343 rebus
1828 2295 1892 2343 sua
1908 2280 1998 2345 ulter
2013 2279 2116 2346 fiubio
2142 2279 2249 2346 lirino
2265 2283 2403 2366 propin-

545 2448 612 2516 quo
629 2433 704 2516 ipsa
720 2431 943 2506 carrariaet
957 2447 1032 2506 noa,
1047 2427 1110 2493 deo
1135 2425 1339 2503 auxiliante,
1359 2423 1452 2494 intus
1478 2444 1543 2493 auc
1566 2428 1815 2494 salernitanam
1845 2430 2018 2499 cibitatem
2043 2432 2079 2498 in
2102 2434 2207 2501 terris
2229 2437 2360 2505 nostris
2385 2458 2404 2504 a

544 2586 664 2652 subtus
681 2586 795 2669 platea
810 2585 867 2668 qui
885 2582 1002 2667 pergit
1018 2579 1062 2648 ad
1078 2581 1180 2664 porta
1195 2579 1252 2663 qui
1269 2579 1395 2644 dicitur
1410 2579 1507 2658 elini,
1532 2581 1621 2645 nobo
1645 2582 1899 2649 construximus
1914 2583 2113 2652 fundamine
2135 2588 2283 2654 ecclesia
2308 2591 2403 2656 boca-

544 2733 659 2803 bolum
685 2735 797 2802 sancti
815 2733 1002 2817 mighaelis
1018 2730 1236 2814 archangeli,
1256 2733 1289 2797 et
1304 2729 1490 2814 inspirabit
1512 2731 1612 2798 nobis
1635 2730 1692 2797 dei
1715 2695 1961 2818 omnipotentis
1985 2735 2268 2818 misericordiam,
2288 2747 2329 2807 ut
2345 2760 2402 2825 pro

543 2892 663 2957 nostre
681 2890 801 2956 salutis
818 2887 934 2954 auimo
950 2886 1088 2953 offerire
1104 2886 1141 2950 iu
1158 2883 1280 2950 eadem
1304 2884 1446 2950 ecclesia
1469 2885 1579 2951 sancti
1604 2887 1748 2952 martini
1772 2886 1990 2971 aliquantum
2008 2888 2050 2956 de
2065 2891 2140 2976 ipse
2162 2894 2266 2960 terris
2289 2899 2403 2962 nostre
2503 2867 2507 2876 ’

543 3043 586 3112 de
604 3044 699 3110 intus
715 3045 807 3109 hanc
830 3041 985 3126 predicta
1008 3040 1144 3106 cibitate
1161 3058 1183 3106 a
1199 3040 1319 3106 subtus
1336 3037 1413 3122 ipsa
1429 3041 1573 3108 ecclesia
1587 3041 1697 3106 sancti
1714 3041 1899 3125 mighaelis
1915 3044 2009 3111 circa
2032 3047 2172 3128 puteum
2196 3047 2254 3130 qui
2278 3045 2401 3114 ibidem

542 3201 605 3263 θεῖ.
625 3201 658 3262 et
676 3195 752 3262 ideo
766 3212 832 3279 ego
849 3195 1016 3261 iamdicta
1032 3194 1154 3261 aloara
1178 3211 1239 3277 por
1264 3211 1466 3260 consensum
1483 3197 1517 3260 et
1531 3195 1716 3262 bolumtate
1732 3192 1832 3261 istius
1855 3195 2001 3279 guidoni
2024 3195 2100 3262 viro
2122 3215 2231 3276 meus
2250 3200 2288 3265 in
2308 3201 2400 3266 cuius

539 3347 719 3414 mundium
737 3366 790 3414 ure
806 3347 984 3415 subiacere
1010 3309 1232 3429 palamsacio,
1251 3347 1465 3440 unanimiter
1489 3363 1553 3412 nos
1576 3347 1744 3429 amboque
1770 3347 1824 3411 rir
1848 3349 1882 3412 θῖ
1904 3364 1993 3414 uxor
2017 3348 2124 3432 guido
2147 3352 2182 3414 et
2204 3352 2327 3416 aloara
2340 3371 2399 3436 pro

540 3517 658 3566 amore
673 3499 902 3583 omnipotenti
921 3498 985 3564 deo
1001 3502 1036 3564 et
1052 3501 1172 3565 nostre
1188 3499 1311 3564 salutis
1328 3499 1443 3566 anime
1458 3516 1520 3582 per
1537 3499 1626 3564 banc
1642 3498 1812 3564 cartulam
1831 3499 2017 3566 obtulimus
2040 3499 2102 3566 deo
2126 3500 2211 3567 etin
2227 3505 2397 3586 prefatam

539 3653 719 3721 ecclesiam
735 3652 846 3718 sancti
862 3649 1004 3716 martini
1022 3649 1064 3716 de
1081 3651 1149 3716 iam
1167 3650 1377 3735 supradictis
1393 3652 1496 3718 terris
1511 3651 1553 3718 de
1568 3652 1661 3718 intus
1676 3670 1715 3718 ec
1728 3650 1900 3718 cibitatem
1918 3671 1980 3736 per
2005 3671 2043 3720 as
2065 3651 2146 3720 finis
2161 3659 2196 3720 et
2208 3659 2396 3724 mensuria:

536 3807 729 3891 apartibus
745 3805 891 3872 orientis
913 3805 981 3872 fine
1005 3807 1136 3880 nostra,
1163 3804 1220 3869 ubi
1246 3802 1320 3888 ipso
1345 3809 1486 3888 puteum
1504 3807 1567 3882 θεῖ,
1593 3807 1673 3872 sunt
1696 3805 1777 3871 inde
1800 3805 1902 3889 pedes
1929 3805 2044 3873 decern
2068 3811 2103 3872 θῖ
2126 3811 2257 3891 septem
2282 3811 2394 3876 miuus

539 3960 640 4028 uncie
656 3957 840 4044 quadtuor:
861 3973 983 4042 apars
1005 3953 1162 4033 meridie,
1181 3956 1331 4039 qualiter
1347 3956 1529 4039 proprium
1552 3957 1720 4041 parietem
1745 3956 1788 4024 de
1812 3975 1856 4024 ex
1872 3961 1992 4025 nostra
2014 3961 2195 4026 offertione
2217 3960 2394 4038 disceruit,

539 4119 620 4180 sunt
635 4114 763 4180 exinde
779 4111 884 4197 pedes
902 4112 1033 4196 biginti
1050 4115 1194 4195 septem:
1212 4129 1233 4176 a
1250 4111 1410 4194 partibus
1433 4111 1622 4178 occidentis
1645 4113 1806 4180 simililer
1822 4114 1890 4182 flue
1905 4117 2035 4192 nostra,
2054 4118 2090 4181 et
2104 4115 2184 4183 inde
2198 4119 2280 4183 sunt
2296 4117 2397 4201 pedes

538 4265 735 4352 quindecim
759 4269 795 4330 et
817 4265 1015 4332 summisse:
1035 4279 1156 4346 apars
1180 4260 1437 4344 septemtrionis
1461 4261 1620 4329 similitor
1643 4263 1712 4329 fine
1736 4266 1867 4339 nostra,
1886 4267 1921 4330 et
1937 4263 2017 4332 inde
2040 4269 2121 4331 sunt
2144 4266 2248 4350 pedes
2273 4265 2396 4352 biginti

537 4425 664 4505 septem
684 4418 798 4485 minus
813 4418 915 4484 uncie
933 4420 1016 4494 tres,
1035 4419 1146 4482 totum
1162 4417 1402 4480 mensuratum
1418 4414 1459 4480 ad
1478 4415 1584 4481 talem
1602 4415 1724 4498 pedem
1749 4435 1891 4482 manum
1908 4417 2029 4496 omini,
2049 4421 2215 4502 quantum
2240 4421 2397 4486 chartula

537 4577 605 4642 ista
618 4577 652 4640 iu
667 4577 782 4656 capite
798 4576 851 4642 θεῖ
866 4574 939 4639 lata
953 4570 991 4659 ¹).
1008 4571 1157 4655 per'ipse
1172 4570 1253 4638 finis
1268 4573 1301 4635 et
1318 4569 1493 4636 mensurio
1508 4545 1619 4635 totum⁴
1634 4573 1667 4635 et
1682 4572 1837 4638 inclitum
1854 4591 1930 4636 cum
1949 4573 2067 4640 omnia
2089 4573 2183 4639 intro
2205 4593 2243 4642 se
2266 4575 2396 4640 abenti-

539 4729 601 4793 bus
618 4731 653 4792 et
670 4727 739 4794 suis
755 4723 991 4809 pertinentiis,
1011 4728 1046 4790 et
1061 4742 1139 4790 cum
1157 4723 1234 4789 bice
1251 4721 1293 4790 de
1309 4723 1366 4788 bia
1383 4725 1417 4788 et
1433 4722 1551 4788 andito
1568 4742 1630 4788 suo
1643 4728 1676 4788 et
1689 4740 1765 4788 cum
1784 4722 1945 4790 sericidio
1960 4742 1982 4791 a
1997 4725 2092 4792 foras
2107 4725 2192 4809 ipsis
2208 4727 2397 4810 parietibus

536 4882 640 4944 extra
658 4878 737 4960 ipsa
751 4874 929 4943 mensoria
945 4877 981 4942 in
998 4893 1060 4942 suo
1076 4875 1252 4942 cecidente
1276 4881 1311 4942 et
1333 4895 1409 4942 cum
1438 4875 1511 4941 bice
1526 4875 1568 4944 de
1583 4877 1659 4960 ipso
1685 4879 1826 4959 puteum
1844 4875 1881 4941 in
1900 4876 2097 4960 supradicta
2119 4877 2266 4944 ecclesia
2289 4879 2397 4944 sancti

536 5029 681 5096 martini
699 5028 902 5096 offeruimus
920 5025 963 5094 ad
981 5028 1148 5094 securiter
1164 5033 1198 5094 et
1213 5029 1362 5094 firmiter
1385 5029 1479 5093 omni
1505 5031 1660 5110 temporo
1677 5028 1713 5092 in
1730 5029 1805 5113 ipsa
1826 5028 1969 5096 ecclesia
1991 5027 2278 5111 permanendum,
2299 5033 2334 5096 et
2348 5047 2396 5094 sa-

536 5180 708 5258 cerdotes
727 5181 788 5264 qui
805 5199 866 5264 per
882 5197 946 5246 nos
962 5181 997 5245 et
1012 5180 1142 5245 nostris
1163 5178 1322 5247 eredibus
1339 5178 1376 5244 iu
1392 5177 1513 5244 eadem
1538 5179 1680 5246 ecclesia
1702 5177 1813 5244 sancti
1837 5179 1978 5245 martini
2002 5178 2183 5245 ordinatus
2206 5181 2322 5258 luerit,
2340 5197 2395 5248 eos

535 5330 721 5398 tenendum
739 5334 774 5398 et
789 5330 1052 5408 dominandum,
1072 5335 1107 5397 et
1124 5329 1167 5396 ad
1185 5329 1405 5398 residendum
1423 5330 1517 5404 dare,
1532 5335 1566 5397 et
1582 5329 1695 5396 omnis
1710 5347 1772 5396 sue
1787 5330 1948 5398 utilitatis
1964 5329 2090 5397 ibidem
2109 5331 2303 5400 laciendum
2326 5331 2392 5398 illis

521 5489 568 5554 ·θῖ
585 5486 758 5552 ominibus
774 5503 878 5569 quarn
895 5484 1020 5554 ibidem
1039 5484 1083 5552 ad
1101 5483 1323 5553 residendum
1340 5485 1510 5562 miserint,
1529 5487 1564 5549 et
1580 5483 1769 5568 aliquando
1792 5503 1855 5570 per
1879 5487 1975 5552 nulla
1997 5485 2132 5554 ratione
2147 5485 2214 5553 fiad
2232 5488 2395 5556 substrac-

533 5643 606 5705 tum
624 5639 667 5706 de
684 5641 763 5722 ipsa
778 5639 933 5708 ecclesia.
951 5640 993 5709 de
1009 5659 1077 5725 qua
1102 5642 1299 5724 obligamus
1326 5659 1389 5706 nos
1405 5647 1440 5705 et
1454 5638 1585 5706 nostris
1607 5637 1768 5706 eredibus
1790 5638 1884 5706 omni
1908 5643 2063 5723 tempore
2087 5637 2330 5707 defensandum
2354 5637 2390 5702 iu

535 5795 612 5879 ipsa
627 5793 773 5862 ecclesia
789 5792 899 5861 sancti
915 5794 1059 5860 martini
1076 5794 1197 5862 inclita
1211 5792 1414 5879 supradicta
1434 5801 1552 5863 nostra
1568 5793 1747 5864 offertione
1762 5791 1807 5860 da
1823 5793 1874 5860 illi
1898 5793 2069 5860 ominibus
2086 5796 2122 5860 et
2137 5793 2308 5877 partibus,
2333 5791 2386 5856 cui

594 5966 616 6035 ⁴)
630 5965 764 6021 Mensura
779 5964 868 6020 buius
883 5963 1071 6019 membranae
1086 5969 1179 6019 metro
1194 5961 1381 6034 aequiparata
1395 5971 1507 6018 constat
1522 5959 1702 6016 cernimetris
1717 5959 1836 6033 triginta
1851 5967 1974 6031 quatuor
1987 5967 2016 6015 et
2028 5957 2205 6014 millimetris
2218 5957 2341 6012 duobus.
