<?xml version="1.0" encoding="UTF-8"?>
<!DOCTYPE html PUBLIC "-//W3C//DTD XHTML 1.0 Transitional//EN"
    "http://www.w3.org/TR/xhtml1/DTD/xhtml1-transitional.dtd">
<html xmlns="http://www.w3.org/1999/xhtml" xml:lang="en" lang="en">
 <head>
  <title>
</title>
<meta http-equiv="Content-Type" content="text/html;charset=utf-8" />
  <meta name='ocr-system' content='tesseract 3.04.00' />
  <meta name='ocr-capabilities' content='ocr_page ocr_carea ocr_par ocr_line ocrx_word'/>
</head>
<body>
  <div class='ocr_page' id='page_1' title='image "./codexdiplomatic07aragoog_0194.png"; bbox 0 0 5286 7098; ppageno 0'>
   <div class='ocr_carea' id='block_1_1' title="bbox 1000 517 2065 650">
    <p class='ocr_par' dir='ltr' id='par_1_1' title="bbox 1000 517 2065 650">
     <span class='ocr_line' id='line_1_1' title="bbox 1000 517 2065 650; baseline 0.008 -10"><span class='ocrx_word' id='word_1_1' title='bbox 1000 570 1376 646; x_wconf 80' lang='lat' dir='ltr'>nrrlonlrlcus</span> <span class='ocrx_word' id='word_1_2' title='bbox 1787 529 1791 534; x_wconf 63' lang='grc'><strong>’</strong></span> <span class='ocrx_word' id='word_1_3' title='bbox 1972 517 2065 650; x_wconf 49' lang='grc'>’125</span> 
     </span>
    </p>
   </div>
   <div class='ocr_carea' id='block_1_2' title="bbox 254 813 2116 1818">
    <p class='ocr_par' dir='ltr' id='par_1_2' title="bbox 254 813 2116 1818">
     <span class='ocr_line' id='line_1_2' title="bbox 254 813 2116 903; baseline -0.001 -19"><span class='ocrx_word' id='word_1_4' title='bbox 254 817 403 903; x_wconf 87' lang='lat' dir='ltr'>amplius</span> <span class='ocrx_word' id='word_1_5' title='bbox 426 813 615 900; x_wconf 81' lang='lat' dir='ltr'>scriptione</span> <span class='ocrx_word' id='word_1_6' title='bbox 637 813 843 883; x_wconf 82' lang='lat' dir='ltr'><strong>hostendere</strong></span> <span class='ocrx_word' id='word_1_7' title='bbox 866 831 930 882; x_wconf 86' lang='lat' dir='ltr'>neo</span> <span class='ocrx_word' id='word_1_8' title='bbox 952 813 1023 882; x_wconf 86' lang='lat' dir='ltr'>illis</span> <span class='ocrx_word' id='word_1_9' title='bbox 1045 832 1108 882; x_wconf 90' lang='lat' dir='ltr'>nec</span> <span class='ocrx_word' id='word_1_10' title='bbox 1130 816 1203 885; x_wconf 89' lang='lat' dir='ltr'>suis</span> <span class='ocrx_word' id='word_1_11' title='bbox 1228 814 1424 896; x_wconf 70' lang='lat' dir='ltr'>heredibus</span> <span class='ocrx_word' id='word_1_12' title='bbox 1443 835 1507 885; x_wconf 90' lang='lat' dir='ltr'>nec</span> <span class='ocrx_word' id='word_1_13' title='bbox 1530 834 1593 885; x_wconf 92' lang='lat' dir='ltr'>nos</span> <span class='ocrx_word' id='word_1_14' title='bbox 1617 818 1677 886; x_wconf 90' lang='lat' dir='ltr'>aut</span> <span class='ocrx_word' id='word_1_15' title='bbox 1699 817 1828 886; x_wconf 90' lang='lat' dir='ltr'>nostris</span> <span class='ocrx_word' id='word_1_16' title='bbox 1852 815 2010 885; x_wconf 88' lang='lat' dir='ltr'>eredibus</span> <span class='ocrx_word' id='word_1_17' title='bbox 2032 834 2116 902; x_wconf 90' lang='lat' dir='ltr'>quo-</span> 
     </span>
     <span class='ocr_line' id='line_1_3' title="bbox 260 967 2114 1056; baseline 0 -20"><span class='ocrx_word' id='word_1_18' title='bbox 260 967 360 1036; x_wconf 91' lang='lat' dir='ltr'>modo</span> <span class='ocrx_word' id='word_1_19' title='bbox 382 985 428 1036; x_wconf 89' lang='lat' dir='ltr'>an</span> <span class='ocrx_word' id='word_1_20' title='bbox 452 967 695 1036; x_wconf 91' lang='lat' dir='ltr'>conbenientia</span> <span class='ocrx_word' id='word_1_21' title='bbox 717 969 894 1037; x_wconf 89' lang='lat' dir='ltr'>remobere</span> <span class='ocrx_word' id='word_1_22' title='bbox 917 970 978 1036; x_wconf 90' lang='lat' dir='ltr'>aut</span> <span class='ocrx_word' id='word_1_23' title='bbox 1000 971 1181 1040; x_wconf 90' lang='lat' dir='ltr'>retornare</span> <span class='ocrx_word' id='word_1_24' title='bbox 1205 989 1397 1056; x_wconf 89' lang='lat' dir='ltr'>possamus,</span> <span class='ocrx_word' id='word_1_25' title='bbox 1423 973 1458 1039; x_wconf 90' lang='lat' dir='ltr'>et</span> <span class='ocrx_word' id='word_1_26' title='bbox 1480 969 1573 1037; x_wconf 90' lang='lat' dir='ltr'>omni</span> <span class='ocrx_word' id='word_1_27' title='bbox 1596 971 1751 1055; x_wconf 89' lang='lat' dir='ltr'>tempore</span> <span class='ocrx_word' id='word_1_28' title='bbox 1774 970 1834 1037; x_wconf 91' lang='lat' dir='ltr'>ille</span> <span class='ocrx_word' id='word_1_29' title='bbox 1856 985 2003 1053; x_wconf 91' lang='lat' dir='ltr'>suosque</span> <span class='ocrx_word' id='word_1_30' title='bbox 2024 967 2114 1036; x_wconf 87' lang='lat' dir='ltr'>filios</span> 
     </span>
     <span class='ocr_line' id='line_1_4' title="bbox 259 1119 2114 1210; baseline -0.001 -20"><span class='ocrx_word' id='word_1_31' title='bbox 259 1123 294 1190; x_wconf 88' lang='lat' dir='ltr'>et</span> <span class='ocrx_word' id='word_1_32' title='bbox 314 1119 458 1191; x_wconf 88' lang='lat' dir='ltr'>heredes</span> <span class='ocrx_word' id='word_1_33' title='bbox 473 1119 588 1188; x_wconf 84' lang='lat' dir='ltr'>faciad</span> <span class='ocrx_word' id='word_1_34' title='bbox 602 1123 716 1191; x_wconf 88' lang='lat' dir='ltr'>tacere</span> <span class='ocrx_word' id='word_1_35' title='bbox 731 1121 783 1190; x_wconf 91' lang='lat' dir='ltr'>illi</span> <span class='ocrx_word' id='word_1_36' title='bbox 798 1123 993 1192; x_wconf 89' lang='lat' dir='ltr'>hominibus</span> <span class='ocrx_word' id='word_1_37' title='bbox 1006 1124 1041 1191; x_wconf 92' lang='lat' dir='ltr'>et</span> <span class='ocrx_word' id='word_1_38' title='bbox 1056 1123 1224 1208; x_wconf 83' lang='lat' dir='ltr'>partibus,</span> <span class='ocrx_word' id='word_1_39' title='bbox 1239 1125 1299 1210; x_wconf 90' lang='lat' dir='ltr'>qui</span> <span class='ocrx_word' id='word_1_40' title='bbox 1314 1122 1492 1193; x_wconf 89' lang='lat' dir='ltr'>nobiscnm</span> <span class='ocrx_word' id='word_1_41' title='bbox 1507 1125 1543 1192; x_wconf 87' lang='lat' dir='ltr'>et</span> <span class='ocrx_word' id='word_1_42' title='bbox 1557 1140 1633 1190; x_wconf 90' lang='lat' dir='ltr'>eum</span> <span class='ocrx_word' id='word_1_43' title='bbox 1647 1122 1776 1190; x_wconf 89' lang='lat' dir='ltr'>nostris</span> <span class='ocrx_word' id='word_1_44' title='bbox 1791 1119 1974 1190; x_wconf 85' lang='lat' dir='ltr'>heredibus</span> <span class='ocrx_word' id='word_1_45' title='bbox 1989 1120 2114 1189; x_wconf 86' lang='lat' dir='ltr'>exinde</span> 
     </span>
     <span class='ocr_line' id='line_1_5' title="bbox 258 1265 2113 1359; baseline 0.001 -21"><span class='ocrx_word' id='word_1_46' title='bbox 258 1289 402 1340; x_wconf 79' lang='lat' dir='ltr'>causare</span> <span class='ocrx_word' id='word_1_47' title='bbox 424 1276 487 1339; x_wconf 87' lang='lat' dir='ltr'>aut</span> <span class='ocrx_word' id='word_1_48' title='bbox 509 1272 672 1342; x_wconf 88' lang='lat' dir='ltr'>contrare</span> <span class='ocrx_word' id='word_1_49' title='bbox 693 1273 838 1341; x_wconf 90' lang='lat' dir='ltr'>volueri.</span> <span class='ocrx_word' id='word_1_50' title='bbox 858 1271 946 1342; x_wconf 92' lang='lat' dir='ltr'>unde</span> <span class='ocrx_word' id='word_1_51' title='bbox 967 1272 1011 1342; x_wconf 91' lang='lat' dir='ltr'>de</span> <span class='ocrx_word' id='word_1_52' title='bbox 1033 1273 1149 1342; x_wconf 91' lang='lat' dir='ltr'>omnia</span> <span class='ocrx_word' id='word_1_53' title='bbox 1164 1275 1200 1342; x_wconf 90' lang='lat' dir='ltr'>et</span> <span class='ocrx_word' id='word_1_54' title='bbox 1214 1275 1251 1343; x_wconf 93' lang='lat' dir='ltr'>in</span> <span class='ocrx_word' id='word_1_55' title='bbox 1266 1265 1426 1342; x_wconf 87' lang='lat' dir='ltr'>omnibus</span> <span class='ocrx_word' id='word_1_56' title='bbox 1441 1276 1481 1342; x_wconf 88' lang='lat' dir='ltr'>ut</span> <span class='ocrx_word' id='word_1_57' title='bbox 1495 1291 1603 1359; x_wconf 89' lang='lat' dir='ltr'>supra</span> <span class='ocrx_word' id='word_1_58' title='bbox 1617 1273 1717 1342; x_wconf 87' lang='lat' dir='ltr'>nobis</span> <span class='ocrx_word' id='word_1_59' title='bbox 1741 1271 2011 1357; x_wconf 89' lang='lat' dir='ltr'>adimplendum,</span> <span class='ocrx_word' id='word_1_60' title='bbox 2026 1290 2113 1356; x_wconf 89' lang='lat' dir='ltr'>gua-</span> 
     </span>
     <span class='ocr_line' id='line_1_6' title="bbox 259 1419 2114 1510; baseline 0 -20"><span class='ocrx_word' id='word_1_61' title='bbox 259 1423 318 1491; x_wconf 92' lang='lat' dir='ltr'>dia</span> <span class='ocrx_word' id='word_1_62' title='bbox 338 1423 438 1492; x_wconf 90' lang='lat' dir='ltr'>nobis</span> <span class='ocrx_word' id='word_1_63' title='bbox 461 1425 535 1506; x_wconf 86' lang='lat' dir='ltr'>ipse</span> <span class='ocrx_word' id='word_1_64' title='bbox 557 1423 612 1491; x_wconf 89' lang='lat' dir='ltr'>leo</span> <span class='ocrx_word' id='word_1_65' title='bbox 634 1419 731 1492; x_wconf 89' lang='lat' dir='ltr'>dedit</span> <span class='ocrx_word' id='word_1_66' title='bbox 752 1426 787 1492; x_wconf 91' lang='lat' dir='ltr'>et</span> <span class='ocrx_word' id='word_1_67' title='bbox 810 1423 1034 1494; x_wconf 85' lang='lat' dir='ltr'>mediatorem</span> <span class='ocrx_word' id='word_1_68' title='bbox 1057 1423 1155 1494; x_wconf 91' lang='lat' dir='ltr'>nobis</span> <span class='ocrx_word' id='word_1_69' title='bbox 1178 1427 1293 1510; x_wconf 80' lang='lat' dir='ltr'>posuit</span> <span class='ocrx_word' id='word_1_70' title='bbox 1315 1445 1417 1495; x_wconf 89' lang='lat' dir='ltr'>ursus</span> <span class='ocrx_word' id='word_1_71' title='bbox 1439 1426 1638 1494; x_wconf 83' lang='lat' dir='ltr'>atriauense</span> <span class='ocrx_word' id='word_1_72' title='bbox 1660 1424 1753 1494; x_wconf 84' lang='lat' dir='ltr'>nlius</span> <span class='ocrx_word' id='word_1_73' title='bbox 1768 1423 1876 1509; x_wconf 87' lang='lat' dir='ltr'>sergi,</span> <span class='ocrx_word' id='word_1_74' title='bbox 1894 1425 1929 1492; x_wconf 88' lang='lat' dir='ltr'>et</span> <span class='ocrx_word' id='word_1_75' title='bbox 1951 1442 2013 1509; x_wconf 88' lang='lat' dir='ltr'>per</span> <span class='ocrx_word' id='word_1_76' title='bbox 2037 1425 2114 1509; x_wconf 89' lang='lat' dir='ltr'>ipsa</span> 
     </span>
     <span class='ocr_line' id='line_1_7' title="bbox 259 1553 2109 1664; baseline 0.001 -21"><span class='ocrx_word' id='word_1_77' title='bbox 259 1575 390 1662; x_wconf 88' lang='lat' dir='ltr'>guadia</span> <span class='ocrx_word' id='word_1_78' title='bbox 412 1577 584 1661; x_wconf 76' lang='lat' dir='ltr'>obligabit</span> <span class='ocrx_word' id='word_1_79' title='bbox 606 1553 810 1662; x_wconf 66' lang='lat' dir='ltr'>se⁵suosque</span> <span class='ocrx_word' id='word_1_80' title='bbox 831 1578 922 1646; x_wconf 84' lang='lat' dir='ltr'>lilios</span> <span class='ocrx_word' id='word_1_81' title='bbox 944 1580 979 1646; x_wconf 93' lang='lat' dir='ltr'>et</span> <span class='ocrx_word' id='word_1_82' title='bbox 1001 1578 1123 1650; x_wconf 92' lang='lat' dir='ltr'>eredes</span> <span class='ocrx_word' id='word_1_83' title='bbox 1144 1579 1240 1647; x_wconf 91' lang='lat' dir='ltr'>omni</span> <span class='ocrx_word' id='word_1_84' title='bbox 1263 1583 1420 1664; x_wconf 91' lang='lat' dir='ltr'>tempore</span> <span class='ocrx_word' id='word_1_85' title='bbox 1442 1576 1669 1663; x_wconf 89' lang='lat' dir='ltr'>permanendi</span> <span class='ocrx_word' id='word_1_86' title='bbox 1692 1577 1730 1644; x_wconf 91' lang='lat' dir='ltr'>in</span> <span class='ocrx_word' id='word_1_87' title='bbox 1753 1577 1822 1645; x_wconf 87' lang='lat' dir='ltr'>ista</span> <span class='ocrx_word' id='word_1_88' title='bbox 1844 1575 2109 1656; x_wconf 87' lang='lat' dir='ltr'>conbenientia,</span> 
     </span>
     <span class='ocr_line' id='line_1_8' title="bbox 257 1701 2114 1818; baseline -0.001 -22"><span class='ocrx_word' id='word_1_89' title='bbox 257 1732 291 1796; x_wconf 90' lang='lat' dir='ltr'>et</span> <span class='ocrx_word' id='word_1_90' title='bbox 312 1747 376 1814; x_wconf 89' lang='lat' dir='ltr'>per</span> <span class='ocrx_word' id='word_1_91' title='bbox 398 1729 639 1798; x_wconf 83' lang='lat' dir='ltr'>nullismodis</span> <span class='ocrx_word' id='word_1_92' title='bbox 661 1732 784 1816; x_wconf 89' lang='lat' dir='ltr'>querat</span> <span class='ocrx_word' id='word_1_93' title='bbox 806 1749 864 1800; x_wconf 89' lang='lat' dir='ltr'>eos</span> <span class='ocrx_word' id='word_1_94' title='bbox 887 1733 1065 1800; x_wconf 90' lang='lat' dir='ltr'>remobere</span> <span class='ocrx_word' id='word_1_95' title='bbox 1087 1735 1147 1798; x_wconf 90' lang='lat' dir='ltr'>aut</span> <span class='ocrx_word' id='word_1_96' title='bbox 1169 1734 1343 1801; x_wconf 89' lang='lat' dir='ltr'>contrare.</span> <span class='ocrx_word' id='word_1_97' title='bbox 1371 1730 1461 1818; x_wconf 92' lang='lat' dir='ltr'>quod</span> <span class='ocrx_word' id='word_1_98' title='bbox 1485 1733 1514 1800; x_wconf 86' lang='lat' dir='ltr'>si</span> <span class='ocrx_word' id='word_1_99' title='bbox 1539 1731 1673 1817; x_wconf 90' lang='lat' dir='ltr'>aliquit,</span> <span class='ocrx_word' id='word_1_100' title='bbox 1696 1730 1740 1799; x_wconf 90' lang='lat' dir='ltr'>de</span> <span class='ocrx_word' id='word_1_101' title='bbox 1762 1701 1931 1815; x_wconf 88' lang='lat' dir='ltr'>quomodo</span> <span class='ocrx_word' id='word_1_102' title='bbox 1953 1729 2114 1814; x_wconf 89' lang='lat' dir='ltr'>superius</span> 
     </span>
    </p>
   </div>
   <div class='ocr_carea' id='block_1_3' title="bbox 258 1879 2114 1968">
    <p class='ocr_par' dir='ltr' id='par_1_3' title="bbox 258 1879 2114 1968">
     <span class='ocr_line' id='line_1_9' title="bbox 258 1879 2114 1968; baseline 0 -21"><span class='ocrx_word' id='word_1_103' title='bbox 258 1879 399 1964; x_wconf 89' lang='lat' dir='ltr'>legitur,</span> <span class='ocrx_word' id='word_1_104' title='bbox 424 1879 592 1964; x_wconf 84' lang='lat' dir='ltr'>quesierit</span> <span class='ocrx_word' id='word_1_105' title='bbox 613 1882 791 1950; x_wconf 89' lang='lat' dir='ltr'>remobere</span> <span class='ocrx_word' id='word_1_106' title='bbox 815 1884 850 1950; x_wconf 88' lang='lat' dir='ltr'>et</span> <span class='ocrx_word' id='word_1_107' title='bbox 872 1882 959 1951; x_wconf 89' lang='lat' dir='ltr'>talia</span> <span class='ocrx_word' id='word_1_108' title='bbox 981 1883 1081 1952; x_wconf 87' lang='lat' dir='ltr'>nobis</span> <span class='ocrx_word' id='word_1_109' title='bbox 1104 1901 1176 1950; x_wconf 91' lang='lat' dir='ltr'>non</span> <span class='ocrx_word' id='word_1_110' title='bbox 1199 1882 1454 1968; x_wconf 89' lang='lat' dir='ltr'>adimpleberit,</span> <span class='ocrx_word' id='word_1_111' title='bbox 1480 1885 1564 1950; x_wconf 91' lang='lat' dir='ltr'>tunc</span> <span class='ocrx_word' id='word_1_112' title='bbox 1586 1901 1647 1967; x_wconf 90' lang='lat' dir='ltr'>per</span> <span class='ocrx_word' id='word_1_113' title='bbox 1671 1883 1747 1967; x_wconf 90' lang='lat' dir='ltr'>ipsa</span> <span class='ocrx_word' id='word_1_114' title='bbox 1769 1880 1898 1966; x_wconf 89' lang='lat' dir='ltr'>guadia</span> <span class='ocrx_word' id='word_1_115' title='bbox 1920 1881 2114 1966; x_wconf 89' lang='lat' dir='ltr'>hobligabit</span> 
     </span>
    </p>
   </div>
   <div class='ocr_carea' id='block_1_4' title="bbox 258 2030 2112 2120">
    <p class='ocr_par' dir='ltr' id='par_1_4' title="bbox 258 2030 2112 2120">
     <span class='ocr_line' id='line_1_10' title="bbox 258 2030 2112 2120; baseline -0.001 -20"><span class='ocrx_word' id='word_1_116' title='bbox 258 2051 294 2100; x_wconf 90' lang='lat' dir='ltr'>se</span> <span class='ocrx_word' id='word_1_117' title='bbox 316 2048 462 2116; x_wconf 85' lang='lat' dir='ltr'>suosque</span> <span class='ocrx_word' id='word_1_118' title='bbox 485 2030 575 2100; x_wconf 87' lang='lat' dir='ltr'>filios</span> <span class='ocrx_word' id='word_1_119' title='bbox 597 2033 633 2099; x_wconf 89' lang='lat' dir='ltr'>et</span> <span class='ocrx_word' id='word_1_120' title='bbox 654 2032 776 2102; x_wconf 87' lang='lat' dir='ltr'>eredes</span> <span class='ocrx_word' id='word_1_121' title='bbox 798 2033 842 2101; x_wconf 88' lang='lat' dir='ltr'>ad</span> <span class='ocrx_word' id='word_1_122' title='bbox 864 2033 1138 2120; x_wconf 91' lang='lat' dir='ltr'>componendum</span> <span class='ocrx_word' id='word_1_123' title='bbox 1161 2035 1260 2102; x_wconf 89' lang='lat' dir='ltr'>nobis</span> <span class='ocrx_word' id='word_1_124' title='bbox 1283 2037 1338 2104; x_wconf 92' lang='lat' dir='ltr'>vel</span> <span class='ocrx_word' id='word_1_125' title='bbox 1360 2033 1402 2101; x_wconf 92' lang='lat' dir='ltr'>ad</span> <span class='ocrx_word' id='word_1_126' title='bbox 1425 2033 1555 2103; x_wconf 88' lang='lat' dir='ltr'>nostris</span> <span class='ocrx_word' id='word_1_127' title='bbox 1577 2033 1734 2104; x_wconf 88' lang='lat' dir='ltr'>eredibus</span> <span class='ocrx_word' id='word_1_128' title='bbox 1757 2033 2012 2120; x_wconf 85' lang='lat' dir='ltr'>quinquaginta</span> <span class='ocrx_word' id='word_1_129' title='bbox 2035 2034 2112 2100; x_wconf 90' lang='lat' dir='ltr'>auri</span> 
     </span>
    </p>
   </div>
   <div class='ocr_carea' id='block_1_5' title="bbox 255 2183 2126 4856">
    <p class='ocr_par' dir='ltr' id='par_1_5' title="bbox 255 2183 2126 4402">
     <span class='ocr_line' id='line_1_11' title="bbox 259 2183 2115 2274; baseline -0.001 -21"><span class='ocrx_word' id='word_1_130' title='bbox 259 2183 385 2254; x_wconf 89' lang='lat' dir='ltr'>solidos</span> <span class='ocrx_word' id='word_1_131' title='bbox 399 2183 672 2252; x_wconf 86' lang='lat' dir='ltr'>costantinianos</span> <span class='ocrx_word' id='word_1_132' title='bbox 686 2189 722 2253; x_wconf 91' lang='lat' dir='ltr'>et</span> <span class='ocrx_word' id='word_1_133' title='bbox 738 2183 854 2253; x_wconf 90' lang='lat' dir='ltr'>omnia</span> <span class='ocrx_word' id='word_1_134' title='bbox 870 2187 1107 2274; x_wconf 83' lang='lat' dir='ltr'>suprascripta</span> <span class='ocrx_word' id='word_1_135' title='bbox 1123 2205 1186 2272; x_wconf 90' lang='lat' dir='ltr'>per</span> <span class='ocrx_word' id='word_1_136' title='bbox 1202 2186 1320 2255; x_wconf 89' lang='lat' dir='ltr'>inbitis</span> <span class='ocrx_word' id='word_1_137' title='bbox 1335 2186 1434 2254; x_wconf 90' lang='lat' dir='ltr'>nobis</span> <span class='ocrx_word' id='word_1_138' title='bbox 1449 2186 1626 2272; x_wconf 91' lang='lat' dir='ltr'>complire,</span> <span class='ocrx_word' id='word_1_139' title='bbox 1641 2187 1676 2254; x_wconf 91' lang='lat' dir='ltr'>et</span> <span class='ocrx_word' id='word_1_140' title='bbox 1687 2187 1749 2256; x_wconf 90' lang='lat' dir='ltr'>hec</span> <span class='ocrx_word' id='word_1_141' title='bbox 1760 2185 2003 2254; x_wconf 90' lang='lat' dir='ltr'>conbenientia</span> <span class='ocrx_word' id='word_1_142' title='bbox 2014 2185 2115 2252; x_wconf 87' lang='lat' dir='ltr'>firme</span> 
     </span>
     <span class='ocr_line' id='line_1_12' title="bbox 257 2297 2115 2428; baseline -0.001 -20"><span class='ocrx_word' id='word_1_143' title='bbox 257 2341 292 2408; x_wconf 90' lang='lat' dir='ltr'>et</span> <span class='ocrx_word' id='word_1_144' title='bbox 313 2339 448 2407; x_wconf 88' lang='lat' dir='ltr'>stabilis</span> <span class='ocrx_word' id='word_1_145' title='bbox 471 2338 684 2424; x_wconf 84' lang='lat' dir='ltr'>permanead</span> <span class='ocrx_word' id='word_1_146' title='bbox 707 2338 743 2406; x_wconf 91' lang='lat' dir='ltr'>in</span> <span class='ocrx_word' id='word_1_147' title='bbox 757 2297 1006 2426; x_wconf 50' lang='lat' dir='ltr'>&#39;suprascripta</span> <span class='ocrx_word' id='word_1_148' title='bbox 1031 2341 1168 2410; x_wconf 87' lang='lat' dir='ltr'>ratione</span> <span class='ocrx_word' id='word_1_149' title='bbox 1193 2341 1285 2409; x_wconf 90' lang='lat' dir='ltr'>inter</span> <span class='ocrx_word' id='word_1_150' title='bbox 1310 2359 1386 2428; x_wconf 83' lang='lat' dir='ltr'>nos3</span> <span class='ocrx_word' id='word_1_151' title='bbox 1412 2342 1530 2410; x_wconf 90' lang='lat' dir='ltr'>tamen</span> <span class='ocrx_word' id='word_1_152' title='bbox 1556 2358 1618 2408; x_wconf 88' lang='lat' dir='ltr'>nos</span> <span class='ocrx_word' id='word_1_153' title='bbox 1641 2340 1767 2410; x_wconf 83' lang='lat' dir='ltr'>exinde</span> <span class='ocrx_word' id='word_1_154' title='bbox 1792 2339 1968 2408; x_wconf 81' lang='lat' dir='ltr'>defensare</span> <span class='ocrx_word' id='word_1_155' title='bbox 1994 2339 2041 2408; x_wconf 92' lang='lat' dir='ltr'>da</span> <span class='ocrx_word' id='word_1_156' title='bbox 2063 2341 2115 2408; x_wconf 91' lang='lat' dir='ltr'>illi</span> 
     </span>
     <span class='ocr_line' id='line_1_13' title="bbox 257 2491 2112 2584; baseline -0.001 -24"><span class='ocrx_word' id='word_1_157' title='bbox 257 2491 432 2560; x_wconf 92' lang='lat' dir='ltr'>ominibus</span> <span class='ocrx_word' id='word_1_158' title='bbox 442 2493 478 2560; x_wconf 91' lang='lat' dir='ltr'>et</span> <span class='ocrx_word' id='word_1_159' title='bbox 490 2491 655 2576; x_wconf 89' lang='lat' dir='ltr'>partibus,</span> <span class='ocrx_word' id='word_1_160' title='bbox 669 2491 727 2576; x_wconf 91' lang='lat' dir='ltr'>qni</span> <span class='ocrx_word' id='word_1_161' title='bbox 738 2507 804 2584; x_wconf 89' lang='lat' dir='ltr'>pro</span> <span class='ocrx_word' id='word_1_162' title='bbox 820 2507 940 2559; x_wconf 92' lang='lat' dir='ltr'>eorum</span> <span class='ocrx_word' id='word_1_163' title='bbox 954 2493 1114 2577; x_wconf 83' lang='lat' dir='ltr'>partibus</span> <span class='ocrx_word' id='word_1_164' title='bbox 1125 2493 1304 2560; x_wconf 90' lang='lat' dir='ltr'>nobiscnm</span> <span class='ocrx_word' id='word_1_165' title='bbox 1316 2492 1443 2561; x_wconf 86' lang='lat' dir='ltr'>exinde</span> <span class='ocrx_word' id='word_1_166' title='bbox 1454 2492 1674 2562; x_wconf 87' lang='lat' dir='ltr'>causaberint</span> <span class='ocrx_word' id='word_1_167' title='bbox 1685 2495 1746 2560; x_wconf 91' lang='lat' dir='ltr'>aut</span> <span class='ocrx_word' id='word_1_168' title='bbox 1757 2494 1917 2560; x_wconf 81' lang='lat' dir='ltr'>contrane</span> <span class='ocrx_word' id='word_1_169' title='bbox 1928 2493 2112 2570; x_wconf 88' lang='lat' dir='ltr'>voluerint,</span> 
     </span>
     <span class='ocr_line' id='line_1_14' title="bbox 257 2643 2126 2730; baseline 0 -18"><span class='ocrx_word' id='word_1_170' title='bbox 257 2661 320 2728; x_wconf 91' lang='lat' dir='ltr'>per</span> <span class='ocrx_word' id='word_1_171' title='bbox 335 2643 574 2730; x_wconf 87' lang='lat' dir='ltr'>suprascripta</span> <span class='ocrx_word' id='word_1_172' title='bbox 589 2643 722 2728; x_wconf 88' lang='lat' dir='ltr'>guadia</span> <span class='ocrx_word' id='word_1_173' title='bbox 736 2647 772 2711; x_wconf 91' lang='lat' dir='ltr'>et</span> <span class='ocrx_word' id='word_1_174' title='bbox 787 2645 943 2730; x_wconf 87' lang='lat' dir='ltr'>obligata</span> <span class='ocrx_word' id='word_1_175' title='bbox 958 2663 1061 2729; x_wconf 90' lang='lat' dir='ltr'>pena.</span> <span class='ocrx_word' id='word_1_176' title='bbox 1079 2647 1114 2712; x_wconf 87' lang='lat' dir='ltr'>el</span> <span class='ocrx_word' id='word_1_177' title='bbox 1128 2662 1167 2711; x_wconf 90' lang='lat' dir='ltr'>oo</span> <span class='ocrx_word' id='word_1_178' title='bbox 1190 2663 1434 2724; x_wconf 89' lang='lat' dir='ltr'>memoramus,</span> <span class='ocrx_word' id='word_1_179' title='bbox 1453 2647 1492 2711; x_wconf 87' lang='lat' dir='ltr'>ut</span> <span class='ocrx_word' id='word_1_180' title='bbox 1515 2643 1624 2713; x_wconf 88' lang='lat' dir='ltr'>licead</span> <span class='ocrx_word' id='word_1_181' title='bbox 1648 2644 1762 2729; x_wconf 90' lang='lat' dir='ltr'>ipsum</span> <span class='ocrx_word' id='word_1_182' title='bbox 1784 2643 1984 2712; x_wconf 88' lang='lat' dir='ltr'>nominatus</span> <span class='ocrx_word' id='word_1_183' title='bbox 2006 2644 2060 2711; x_wconf 92' lang='lat' dir='ltr'>leo</span> <span class='ocrx_word' id='word_1_184' title='bbox 2082 2649 2126 2714; x_wconf 88' lang='lat' dir='ltr'>et.</span> 
     </span>
     <span class='ocr_line' id='line_1_15' title="bbox 258 2795 2118 2882; baseline -0.003 -17"><span class='ocrx_word' id='word_1_185' title='bbox 258 2797 327 2866; x_wconf 88' lang='lat' dir='ltr'>suis</span> <span class='ocrx_word' id='word_1_186' title='bbox 342 2795 502 2864; x_wconf 87' lang='lat' dir='ltr'>eredibus</span> <span class='ocrx_word' id='word_1_187' title='bbox 516 2795 562 2862; x_wconf 89' lang='lat' dir='ltr'>da</span> <span class='ocrx_word' id='word_1_188' title='bbox 576 2795 652 2881; x_wconf 91' lang='lat' dir='ltr'>ipsa</span> <span class='ocrx_word' id='word_1_189' title='bbox 667 2798 784 2881; x_wconf 87' lang='lat' dir='ltr'>platea</span> <span class='ocrx_word' id='word_1_190' title='bbox 799 2796 930 2866; x_wconf 86' lang='lat' dir='ltr'>intrare</span> <span class='ocrx_word' id='word_1_191' title='bbox 945 2815 1009 2881; x_wconf 89' lang='lat' dir='ltr'>per</span> <span class='ocrx_word' id='word_1_192' title='bbox 1025 2797 1102 2882; x_wconf 91' lang='lat' dir='ltr'>ipso</span> <span class='ocrx_word' id='word_1_193' title='bbox 1114 2796 1271 2864; x_wconf 89' lang='lat' dir='ltr'>anditum</span> <span class='ocrx_word' id='word_1_194' title='bbox 1284 2798 1375 2866; x_wconf 87' lang='lat' dir='ltr'>iusta</span> <span class='ocrx_word' id='word_1_195' title='bbox 1386 2797 1524 2865; x_wconf 88' lang='lat' dir='ltr'>ratione</span> <span class='ocrx_word' id='word_1_196' title='bbox 1535 2814 1613 2862; x_wconf 91' lang='lat' dir='ltr'>cum</span> <span class='ocrx_word' id='word_1_197' title='bbox 1627 2797 1736 2866; x_wconf 88' lang='lat' dir='ltr'>omnis</span> <span class='ocrx_word' id='word_1_198' title='bbox 1751 2814 1812 2864; x_wconf 89' lang='lat' dir='ltr'>sue</span> <span class='ocrx_word' id='word_1_199' title='bbox 1826 2795 1970 2864; x_wconf 90' lang='lat' dir='ltr'>utilitati</span> <span class='ocrx_word' id='word_1_200' title='bbox 1983 2796 2018 2863; x_wconf 88' lang='lat' dir='ltr'>et</span> <span class='ocrx_word' id='word_1_201' title='bbox 2029 2795 2118 2864; x_wconf 88' lang='lat' dir='ltr'>sicut</span> 
     </span>
     <span class='ocr_line' id='line_1_16' title="bbox 259 2945 2117 3034; baseline -0.002 -18"><span class='ocrx_word' id='word_1_202' title='bbox 259 2966 321 3033; x_wconf 91' lang='lat' dir='ltr'>per</span> <span class='ocrx_word' id='word_1_203' title='bbox 337 2947 412 3033; x_wconf 89' lang='lat' dir='ltr'>ipso</span> <span class='ocrx_word' id='word_1_204' title='bbox 426 2947 548 3015; x_wconf 88' lang='lat' dir='ltr'>auditu</span> <span class='ocrx_word' id='word_1_205' title='bbox 565 2950 735 3034; x_wconf 86' lang='lat' dir='ltr'>pergente</span> <span class='ocrx_word' id='word_1_206' title='bbox 749 2950 785 3016; x_wconf 90' lang='lat' dir='ltr'>et</span> <span class='ocrx_word' id='word_1_207' title='bbox 800 2949 999 3016; x_wconf 86' lang='lat' dir='ltr'>rebolbente</span> <span class='ocrx_word' id='word_1_208' title='bbox 1013 2950 1049 3016; x_wconf 88' lang='lat' dir='ltr'>et</span> <span class='ocrx_word' id='word_1_209' title='bbox 1063 2949 1231 3034; x_wconf 85' lang='lat' dir='ltr'>pergente</span> <span class='ocrx_word' id='word_1_210' title='bbox 1254 2947 1297 3015; x_wconf 93' lang='lat' dir='ltr'>ad</span> <span class='ocrx_word' id='word_1_211' title='bbox 1321 2949 1397 3033; x_wconf 90' lang='lat' dir='ltr'>ipse</span> <span class='ocrx_word' id='word_1_212' title='bbox 1412 2950 1503 3016; x_wconf 88' lang='lat' dir='ltr'>scale</span> <span class='ocrx_word' id='word_1_213' title='bbox 1520 2948 1630 3033; x_wconf 86' lang='lat' dir='ltr'>ipsius</span> <span class='ocrx_word' id='word_1_214' title='bbox 1659 2947 1751 3015; x_wconf 91' lang='lat' dir='ltr'>leoni</span> <span class='ocrx_word' id='word_1_215' title='bbox 1777 2949 1812 3016; x_wconf 89' lang='lat' dir='ltr'>et</span> <span class='ocrx_word' id='word_1_216' title='bbox 1837 2964 1899 3032; x_wconf 90' lang='lat' dir='ltr'>per</span> <span class='ocrx_word' id='word_1_217' title='bbox 1925 2945 2001 3031; x_wconf 91' lang='lat' dir='ltr'>ipse</span> <span class='ocrx_word' id='word_1_218' title='bbox 2027 2947 2117 3014; x_wconf 87' lang='lat' dir='ltr'>scale</span> 
     </span>
     <span class='ocr_line' id='line_1_17' title="bbox 260 3096 2120 3186; baseline -0.002 -18"><span class='ocrx_word' id='word_1_219' title='bbox 260 3100 405 3168; x_wconf 85' lang='lat' dir='ltr'>saliente</span> <span class='ocrx_word' id='word_1_220' title='bbox 420 3101 456 3166; x_wconf 88' lang='lat' dir='ltr'>et</span> <span class='ocrx_word' id='word_1_221' title='bbox 470 3097 696 3170; x_wconf 88' lang='lat' dir='ltr'>descendente</span> <span class='ocrx_word' id='word_1_222' title='bbox 712 3099 755 3168; x_wconf 92' lang='lat' dir='ltr'>ad</span> <span class='ocrx_word' id='word_1_223' title='bbox 773 3099 848 3186; x_wconf 89' lang='lat' dir='ltr'>ipsa</span> <span class='ocrx_word' id='word_1_224' title='bbox 863 3117 943 3168; x_wconf 89' lang='lat' dir='ltr'>casa</span> <span class='ocrx_word' id='word_1_225' title='bbox 959 3117 1031 3166; x_wconf 82' lang='lat' dir='ltr'>sua</span> <span class='ocrx_word' id='word_1_226' title='bbox 1052 3101 1087 3166; x_wconf 86' lang='lat' dir='ltr'>et</span> <span class='ocrx_word' id='word_1_227' title='bbox 1100 3099 1237 3184; x_wconf 90' lang='lat' dir='ltr'>quando</span> <span class='ocrx_word' id='word_1_228' title='bbox 1253 3117 1320 3184; x_wconf 92' lang='lat' dir='ltr'>ego</span> <span class='ocrx_word' id='word_1_229' title='bbox 1335 3101 1533 3168; x_wconf 87' lang='lat' dir='ltr'>nominatus</span> <span class='ocrx_word' id='word_1_230' title='bbox 1548 3098 1763 3167; x_wconf 91' lang='lat' dir='ltr'>costantinus</span> <span class='ocrx_word' id='word_1_231' title='bbox 1778 3099 1834 3166; x_wconf 88' lang='lat' dir='ltr'>vel</span> <span class='ocrx_word' id='word_1_232' title='bbox 1850 3097 1937 3165; x_wconf 88' lang='lat' dir='ltr'>meis</span> <span class='ocrx_word' id='word_1_233' title='bbox 1960 3096 2120 3166; x_wconf 88' lang='lat' dir='ltr'>eredibus</span> 
     </span>
     <span class='ocr_line' id='line_1_18' title="bbox 258 3249 2118 3336; baseline 0.001 -22"><span class='ocrx_word' id='word_1_234' title='bbox 258 3267 334 3316; x_wconf 87' lang='lat' dir='ltr'>cum</span> <span class='ocrx_word' id='word_1_235' title='bbox 351 3250 428 3334; x_wconf 90' lang='lat' dir='ltr'>ipsa</span> <span class='ocrx_word' id='word_1_236' title='bbox 442 3267 599 3335; x_wconf 90' lang='lat' dir='ltr'>organea</span> <span class='ocrx_word' id='word_1_237' title='bbox 613 3251 734 3318; x_wconf 90' lang='lat' dir='ltr'>nostra</span> <span class='ocrx_word' id='word_1_238' title='bbox 750 3269 813 3335; x_wconf 91' lang='lat' dir='ltr'>per</span> <span class='ocrx_word' id='word_1_239' title='bbox 829 3252 905 3336; x_wconf 87' lang='lat' dir='ltr'>ipso</span> <span class='ocrx_word' id='word_1_240' title='bbox 920 3249 1042 3318; x_wconf 86' lang='lat' dir='ltr'>auditu</span> <span class='ocrx_word' id='word_1_241' title='bbox 1068 3250 1114 3316; x_wconf 90' lang='lat' dir='ltr'>da</span> <span class='ocrx_word' id='word_1_242' title='bbox 1136 3249 1213 3335; x_wconf 88' lang='lat' dir='ltr'>ipsa</span> <span class='ocrx_word' id='word_1_243' title='bbox 1235 3251 1352 3334; x_wconf 86' lang='lat' dir='ltr'>platea</span> <span class='ocrx_word' id='word_1_244' title='bbox 1375 3252 1544 3336; x_wconf 88' lang='lat' dir='ltr'>pergente</span> <span class='ocrx_word' id='word_1_245' title='bbox 1565 3251 1598 3320; x_wconf 90' lang='lat' dir='ltr'>et</span> <span class='ocrx_word' id='word_1_246' title='bbox 1621 3251 1821 3320; x_wconf 85' lang='lat' dir='ltr'>rebolbente</span> <span class='ocrx_word' id='word_1_247' title='bbox 1844 3267 1950 3336; x_wconf 89' lang='lat' dir='ltr'>usque</span> <span class='ocrx_word' id='word_1_248' title='bbox 1972 3249 2017 3317; x_wconf 88' lang='lat' dir='ltr'>ad</span> <span class='ocrx_word' id='word_1_249' title='bbox 2040 3249 2118 3334; x_wconf 88' lang='lat' dir='ltr'>ipsa</span> 
     </span>
     <span class='ocr_line' id='line_1_19' title="bbox 257 3402 2118 3490; baseline 0.001 -22"><span class='ocrx_word' id='word_1_250' title='bbox 257 3420 338 3471; x_wconf 87' lang='lat' dir='ltr'>casa</span> <span class='ocrx_word' id='word_1_251' title='bbox 360 3420 439 3471; x_wconf 90' lang='lat' dir='ltr'>mea</span> <span class='ocrx_word' id='word_1_252' title='bbox 460 3402 682 3488; x_wconf 89' lang='lat' dir='ltr'>ingrediendi</span> <span class='ocrx_word' id='word_1_253' title='bbox 705 3407 741 3471; x_wconf 87' lang='lat' dir='ltr'>et</span> <span class='ocrx_word' id='word_1_254' title='bbox 763 3404 999 3489; x_wconf 87' lang='lat' dir='ltr'>regrediendi,</span> <span class='ocrx_word' id='word_1_255' title='bbox 1025 3403 1150 3472; x_wconf 87' lang='lat' dir='ltr'>exinde</span> <span class='ocrx_word' id='word_1_256' title='bbox 1172 3404 1283 3472; x_wconf 90' lang='lat' dir='ltr'>licead</span> <span class='ocrx_word' id='word_1_257' title='bbox 1307 3420 1370 3472; x_wconf 91' lang='lat' dir='ltr'>nos</span> <span class='ocrx_word' id='word_1_258' title='bbox 1394 3403 1436 3473; x_wconf 92' lang='lat' dir='ltr'>de</span> <span class='ocrx_word' id='word_1_259' title='bbox 1457 3405 1536 3490; x_wconf 89' lang='lat' dir='ltr'>ipsa</span> <span class='ocrx_word' id='word_1_260' title='bbox 1559 3422 1641 3473; x_wconf 89' lang='lat' dir='ltr'>casa</span> <span class='ocrx_word' id='word_1_261' title='bbox 1663 3405 1734 3474; x_wconf 89' lang='lat' dir='ltr'>eius</span> <span class='ocrx_word' id='word_1_262' title='bbox 1756 3403 1798 3474; x_wconf 91' lang='lat' dir='ltr'>de</span> <span class='ocrx_word' id='word_1_263' title='bbox 1820 3404 1896 3488; x_wconf 90' lang='lat' dir='ltr'>ipso</span> <span class='ocrx_word' id='word_1_264' title='bbox 1918 3402 2039 3471; x_wconf 87' lang='lat' dir='ltr'>auditu</span> <span class='ocrx_word' id='word_1_265' title='bbox 2054 3405 2118 3470; x_wconf 90' lang='lat' dir='ltr'>tol-</span> 
     </span>
     <span class='ocr_line' id='line_1_20' title="bbox 257 3553 2118 3656; baseline 0 -32"><span class='ocrx_word' id='word_1_266' title='bbox 257 3557 329 3624; x_wconf 89' lang='lat' dir='ltr'>lere</span> <span class='ocrx_word' id='word_1_267' title='bbox 344 3556 422 3641; x_wconf 91' lang='lat' dir='ltr'>ipsa</span> <span class='ocrx_word' id='word_1_268' title='bbox 444 3557 540 3624; x_wconf 91' lang='lat' dir='ltr'>scala</span> <span class='ocrx_word' id='word_1_269' title='bbox 563 3557 637 3626; x_wconf 88' lang='lat' dir='ltr'>eius</span> <span class='ocrx_word' id='word_1_270' title='bbox 660 3557 802 3642; x_wconf 88' lang='lat' dir='ltr'>lignitia</span> <span class='ocrx_word' id='word_1_271' title='bbox 823 3557 961 3656; x_wconf 82' lang='lat' dir='ltr'>queibi</span> <span class='ocrx_word' id='word_1_272' title='bbox 984 3557 1098 3642; x_wconf 87' lang='lat' dir='ltr'>posita</span> <span class='ocrx_word' id='word_1_273' title='bbox 1120 3555 1385 3635; x_wconf 67' lang='lat' dir='ltr'>dominatuum</span> <span class='ocrx_word' id='word_1_274' title='bbox 1409 3557 1485 3642; x_wconf 88' lang='lat' dir='ltr'>ipsa</span> <span class='ocrx_word' id='word_1_275' title='bbox 1507 3573 1663 3642; x_wconf 90' lang='lat' dir='ltr'>organea</span> <span class='ocrx_word' id='word_1_276' title='bbox 1685 3555 1869 3643; x_wconf 90' lang='lat' dir='ltr'>ingredere</span> <span class='ocrx_word' id='word_1_277' title='bbox 1886 3558 1921 3623; x_wconf 87' lang='lat' dir='ltr'>et</span> <span class='ocrx_word' id='word_1_278' title='bbox 1932 3553 2118 3641; x_wconf 87' lang='lat' dir='ltr'>regredere</span> 
     </span>
     <span class='ocr_line' id='line_1_21' title="bbox 255 3707 2118 3796; baseline 0.002 -22"><span class='ocrx_word' id='word_1_279' title='bbox 255 3707 300 3775; x_wconf 92' lang='lat' dir='ltr'>da</span> <span class='ocrx_word' id='word_1_280' title='bbox 321 3707 400 3794; x_wconf 85' lang='lat' dir='ltr'>ipsa</span> <span class='ocrx_word' id='word_1_281' title='bbox 421 3710 535 3794; x_wconf 88' lang='lat' dir='ltr'>platea</span> <span class='ocrx_word' id='word_1_282' title='bbox 557 3726 665 3794; x_wconf 91' lang='lat' dir='ltr'>usque</span> <span class='ocrx_word' id='word_1_283' title='bbox 688 3709 765 3795; x_wconf 89' lang='lat' dir='ltr'>ipso</span> <span class='ocrx_word' id='word_1_284' title='bbox 788 3709 910 3778; x_wconf 88' lang='lat' dir='ltr'>auditu</span> <span class='ocrx_word' id='word_1_285' title='bbox 932 3728 1038 3796; x_wconf 89' lang='lat' dir='ltr'>usque</span> <span class='ocrx_word' id='word_1_286' title='bbox 1054 3710 1133 3796; x_wconf 89' lang='lat' dir='ltr'>ipsa</span> <span class='ocrx_word' id='word_1_287' title='bbox 1149 3727 1228 3778; x_wconf 87' lang='lat' dir='ltr'>casa</span> <span class='ocrx_word' id='word_1_288' title='bbox 1250 3728 1328 3780; x_wconf 87' lang='lat' dir='ltr'>mea</span> <span class='ocrx_word' id='word_1_289' title='bbox 1350 3714 1386 3778; x_wconf 90' lang='lat' dir='ltr'>et</span> <span class='ocrx_word' id='word_1_290' title='bbox 1407 3729 1471 3796; x_wconf 90' lang='lat' dir='ltr'>per</span> <span class='ocrx_word' id='word_1_291' title='bbox 1494 3713 1568 3778; x_wconf 87' lang='lat' dir='ltr'>tota</span> <span class='ocrx_word' id='word_1_292' title='bbox 1589 3711 1782 3796; x_wconf 82' lang='lat' dir='ltr'>ipsaenim</span> <span class='ocrx_word' id='word_1_293' title='bbox 1805 3710 1872 3789; x_wconf 92' lang='lat' dir='ltr'>die,</span> <span class='ocrx_word' id='word_1_294' title='bbox 1889 3708 2026 3795; x_wconf 90' lang='lat' dir='ltr'>quando</span> <span class='ocrx_word' id='word_1_295' title='bbox 2041 3709 2118 3795; x_wconf 86' lang='lat' dir='ltr'>ipsa</span> 
     </span>
     <span class='ocr_line' id='line_1_22' title="bbox 259 3859 2117 3950; baseline 0.002 -24"><span class='ocrx_word' id='word_1_296' title='bbox 259 3861 356 3928; x_wconf 90' lang='lat' dir='ltr'>scala</span> <span class='ocrx_word' id='word_1_297' title='bbox 378 3859 459 3927; x_wconf 88' lang='lat' dir='ltr'>inde</span> <span class='ocrx_word' id='word_1_298' title='bbox 480 3859 675 3940; x_wconf 91' lang='lat' dir='ltr'>tulerimus,</span> <span class='ocrx_word' id='word_1_299' title='bbox 701 3863 864 3930; x_wconf 91' lang='lat' dir='ltr'>abeamus</span> <span class='ocrx_word' id='word_1_300' title='bbox 885 3863 1038 3947; x_wconf 90' lang='lat' dir='ltr'>spatium</span> <span class='ocrx_word' id='word_1_301' title='bbox 1061 3863 1159 3930; x_wconf 93' lang='lat' dir='ltr'>illam</span> <span class='ocrx_word' id='word_1_302' title='bbox 1183 3861 1309 3932; x_wconf 89' lang='lat' dir='ltr'>ibidem</span> <span class='ocrx_word' id='word_1_303' title='bbox 1333 3863 1511 3950; x_wconf 84' lang='lat' dir='ltr'>ordinare3</span> <span class='ocrx_word' id='word_1_304' title='bbox 1529 3867 1564 3930; x_wconf 91' lang='lat' dir='ltr'>et</span> <span class='ocrx_word' id='word_1_305' title='bbox 1591 3879 1631 3929; x_wconf 91' lang='lat' dir='ltr'>oc</span> <span class='ocrx_word' id='word_1_306' title='bbox 1647 3879 1876 3930; x_wconf 89' lang='lat' dir='ltr'>memoramus</span> <span class='ocrx_word' id='word_1_307' title='bbox 1903 3863 2039 3930; x_wconf 89' lang='lat' dir='ltr'>tantum</span> <span class='ocrx_word' id='word_1_308' title='bbox 2054 3877 2117 3930; x_wconf 90' lang='lat' dir='ltr'>nos</span> 
     </span>
     <span class='ocr_line' id='line_1_23' title="bbox 256 4010 2116 4101; baseline 0.001 -23"><span class='ocrx_word' id='word_1_309' title='bbox 256 4012 329 4079; x_wconf 87' lang='lat' dir='ltr'>illis</span> <span class='ocrx_word' id='word_1_310' title='bbox 345 4010 528 4082; x_wconf 82' lang='lat' dir='ltr'>defensare</span> <span class='ocrx_word' id='word_1_311' title='bbox 542 4012 589 4081; x_wconf 90' lang='lat' dir='ltr'>da</span> <span class='ocrx_word' id='word_1_312' title='bbox 604 4012 657 4081; x_wconf 91' lang='lat' dir='ltr'>illi</span> <span class='ocrx_word' id='word_1_313' title='bbox 679 4014 853 4083; x_wconf 90' lang='lat' dir='ltr'>ominibus</span> <span class='ocrx_word' id='word_1_314' title='bbox 875 4018 909 4084; x_wconf 91' lang='lat' dir='ltr'>et</span> <span class='ocrx_word' id='word_1_315' title='bbox 925 4016 1089 4101; x_wconf 87' lang='lat' dir='ltr'>partibus,</span> <span class='ocrx_word' id='word_1_316' title='bbox 1115 4017 1171 4084; x_wconf 91' lang='lat' dir='ltr'>cui</span> <span class='ocrx_word' id='word_1_317' title='bbox 1193 4033 1254 4100; x_wconf 91' lang='lat' dir='ltr'>per</span> <span class='ocrx_word' id='word_1_318' title='bbox 1271 4015 1368 4085; x_wconf 92' lang='lat' dir='ltr'>illum</span> <span class='ocrx_word' id='word_1_319' title='bbox 1383 4014 1501 4084; x_wconf 90' lang='lat' dir='ltr'>datum</span> <span class='ocrx_word' id='word_1_320' title='bbox 1517 4016 1572 4083; x_wconf 88' lang='lat' dir='ltr'>vel</span> <span class='ocrx_word' id='word_1_321' title='bbox 1584 4013 1773 4100; x_wconf 87' lang='lat' dir='ltr'>obligatum</span> <span class='ocrx_word' id='word_1_322' title='bbox 1785 4012 1954 4098; x_wconf 90' lang='lat' dir='ltr'>paruerit,</span> <span class='ocrx_word' id='word_1_323' title='bbox 1969 4014 2116 4098; x_wconf 87' lang='lat' dir='ltr'>amplius</span> 
     </span>
     <span class='ocr_line' id='line_1_24' title="bbox 255 4162 2118 4250; baseline 0.003 -24"><span class='ocrx_word' id='word_1_324' title='bbox 255 4178 327 4227; x_wconf 90' lang='lat' dir='ltr'>non</span> <span class='ocrx_word' id='word_1_325' title='bbox 350 4177 546 4245; x_wconf 87' lang='lat' dir='ltr'>queramus:</span> <span class='ocrx_word' id='word_1_326' title='bbox 565 4163 615 4232; x_wconf 92' lang='lat' dir='ltr'>sic</span> <span class='ocrx_word' id='word_1_327' title='bbox 638 4162 731 4231; x_wconf 89' lang='lat' dir='ltr'>inter</span> <span class='ocrx_word' id='word_1_328' title='bbox 753 4182 818 4232; x_wconf 87' lang='lat' dir='ltr'>nos</span> <span class='ocrx_word' id='word_1_329' title='bbox 841 4165 1052 4250; x_wconf 90' lang='lat' dir='ltr'>complacuit</span> <span class='ocrx_word' id='word_1_330' title='bbox 1074 4164 1152 4250; x_wconf 89' lang='lat' dir='ltr'>ipsa</span> <span class='ocrx_word' id='word_1_331' title='bbox 1171 4164 1372 4234; x_wconf 84' lang='lat' dir='ltr'>defensione</span> <span class='ocrx_word' id='word_1_332' title='bbox 1395 4183 1471 4234; x_wconf 86' lang='lat' dir='ltr'>esse</span> <span class='ocrx_word' id='word_1_333' title='bbox 1493 4183 1555 4250; x_wconf 91' lang='lat' dir='ltr'>per</span> <span class='ocrx_word' id='word_1_334' title='bbox 1578 4165 1816 4250; x_wconf 86' lang='lat' dir='ltr'>suprascripta</span> <span class='ocrx_word' id='word_1_335' title='bbox 1839 4163 1969 4250; x_wconf 90' lang='lat' dir='ltr'>gnadia</span> <span class='ocrx_word' id='word_1_336' title='bbox 1984 4165 2018 4236; x_wconf 87' lang='lat' dir='ltr'>et</span> <span class='ocrx_word' id='word_1_337' title='bbox 2033 4163 2118 4232; x_wconf 90' lang='lat' dir='ltr'>obli·</span> 
     </span>
     <span class='ocr_line' id='line_1_25' title="bbox 255 4311 1703 4402; baseline 0.003 -24"><span class='ocrx_word' id='word_1_338' title='bbox 255 4311 341 4395; x_wconf 90' lang='lat' dir='ltr'>gata</span> <span class='ocrx_word' id='word_1_339' title='bbox 355 4328 457 4397; x_wconf 90' lang='lat' dir='ltr'>pena.</span> <span class='ocrx_word' id='word_1_340' title='bbox 476 4314 510 4382; x_wconf 88' lang='lat' dir='ltr'>et</span> <span class='ocrx_word' id='word_1_341' title='bbox 532 4329 600 4381; x_wconf 88' lang='lat' dir='ltr'>unc</span> <span class='ocrx_word' id='word_1_342' title='bbox 623 4315 764 4383; x_wconf 92' lang='lat' dir='ltr'>brebem</span> <span class='ocrx_word' id='word_1_343' title='bbox 788 4315 911 4384; x_wconf 89' lang='lat' dir='ltr'>scribsi</span> <span class='ocrx_word' id='word_1_344' title='bbox 934 4334 1002 4402; x_wconf 92' lang='lat' dir='ltr'>ego</span> <span class='ocrx_word' id='word_1_345' title='bbox 1024 4317 1264 4386; x_wconf 83' lang='lat' dir='ltr'>constantinus</span> <span class='ocrx_word' id='word_1_346' title='bbox 1286 4317 1442 4385; x_wconf 88' lang='lat' dir='ltr'>notarius</span> <span class='ocrx_word' id='word_1_347' title='bbox 1464 4317 1524 4402; x_wconf 91' lang='lat' dir='ltr'>qui</span> <span class='ocrx_word' id='word_1_348' title='bbox 1547 4315 1703 4385; x_wconf 81' lang='lat' dir='ltr'>interlui.</span> 
     </span>
    </p>

    <p class='ocr_par' dir='ltr' id='par_1_6' title="bbox 314 4431 1221 4556">
     <span class='ocr_line' id='line_1_26' title="bbox 314 4431 1221 4556; baseline 0.004 -22"><span class='ocrx_word' id='word_1_349' title='bbox 314 4435 424 4550; x_wconf 89' lang='lat' dir='ltr'>†eg0</span> <span class='ocrx_word' id='word_1_350' title='bbox 439 4467 561 4552; x_wconf 90' lang='lat' dir='ltr'>petrus</span> <span class='ocrx_word' id='word_1_351' title='bbox 575 4466 730 4536; x_wconf 86' lang='lat' dir='ltr'>notarius</span> <span class='ocrx_word' id='word_1_352' title='bbox 746 4486 802 4536; x_wconf 90' lang='lat' dir='ltr'>me</span> <span class='ocrx_word' id='word_1_353' title='bbox 816 4469 1005 4556; x_wconf 87' lang='lat' dir='ltr'>subscripsi</span> <span class='ocrx_word' id='word_1_354' title='bbox 1124 4448 1131 4458; x_wconf 68' lang='grc'><strong><em>’</em></strong></span> <span class='ocrx_word' id='word_1_355' title='bbox 1213 4431 1221 4442; x_wconf 33' lang='lat'>⁵</span> 
     </span>
    </p>

    <p class='ocr_par' dir='ltr' id='par_1_7' title="bbox 317 4589 923 4706">
     <span class='ocr_line' id='line_1_27' title="bbox 317 4589 923 4706; baseline 0.005 -19"><span class='ocrx_word' id='word_1_356' title='bbox 317 4589 347 4702; x_wconf 87' lang='lat'>†</span> <span class='ocrx_word' id='word_1_357' title='bbox 362 4635 428 4703; x_wconf 87' lang='lat' dir='ltr'>ego</span> <span class='ocrx_word' id='word_1_358' title='bbox 443 4618 503 4704; x_wconf 90' lang='lat' dir='ltr'>qui</span> <span class='ocrx_word' id='word_1_359' title='bbox 518 4636 627 4705; x_wconf 89' lang='lat' dir='ltr'>supra</span> <span class='ocrx_word' id='word_1_360' title='bbox 642 4620 802 4706; x_wconf 90' lang='lat' dir='ltr'>iaquintn</span> <span class='ocrx_word' id='word_1_361' title='bbox 818 4621 923 4691; x_wconf 86' lang='lat' dir='ltr'>iudex</span> 
     </span>
    </p>

    <p class='ocr_par' dir='ltr' id='par_1_8' title="bbox 316 4743 663 4856">
     <span class='ocr_line' id='line_1_28' title="bbox 316 4743 663 4856; baseline 0.02 -19"><span class='ocrx_word' id='word_1_362' title='bbox 316 4743 347 4854; x_wconf 97' lang='lat'><em>†</em></span> <span class='ocrx_word' id='word_1_363' title='bbox 362 4787 428 4856; x_wconf 90' lang='lat' dir='ltr'>ego</span> <span class='ocrx_word' id='word_1_364' title='bbox 443 4771 663 4844; x_wconf 84' lang='lat' dir='ltr'>sichenollus.</span> 
     </span>
    </p>
   </div>
   <div class='ocr_carea' id='block_1_6' title="bbox 0 0 2648 7094">
    <p class='ocr_par' dir='ltr' id='par_1_9' title="bbox 0 0 2648 7094">
     <span class='ocr_line' id='line_1_29' title="bbox 0 0 2648 7094; baseline 0 0"><span class='ocrx_word' id='word_1_365' title='bbox 0 0 2648 7094; x_wconf 95' lang='lat' dir='ltr'> </span> 
     </span>
    </p>
   </div>
  </div>
 </body>
</html>
