5286 7098
605 594 646 655 88
1257 561 1417 634 CODEX
1458 555 1693 631 GerENSlS

558 823 627 890 tuis
643 837 665 887 a
680 836 785 903 supra
801 817 876 900 ipsa
891 814 1005 898 platea
1021 807 1193 876 edificium
1209 796 1370 872 iacereet
1384 804 1523 879 habere,
1541 798 1584 868 de
1598 799 1764 883 quantum
1788 795 1915 863 retinet
1930 796 2169 880 suprascripta
2191 797 2308 863 nostra
2330 814 2406 862 con-

559 975 714 1041 cessione
730 971 764 1036 et
780 964 937 1052 predicta
952 964 1047 1029 terra
1062 959 1144 1026 tua:
1163 958 1225 1024 hec
1241 943 1482 1039 suprascripta
1496 951 1560 1018 tibi
1576 948 1806 1016 concessimus
1829 946 1923 1014 omni
1939 948 2094 1030 ternpore
2115 949 2151 1014 tu
2176 947 2294 1032 tuique
2315 949 2409 1016 here

557 1123 658 1191 dibus
683 1118 767 1187 illud
791 1114 1006 1190 habendum,
1033 1107 1292 1184 dominandum,
1319 1102 1588 1191 possidendum,
1615 1100 1731 1167 omnia
1753 1097 1879 1166 exinde
1902 1097 2096 1165 iaciendum
2119 1097 2209 1182 quod
2233 1099 2406 1168 volueritis

556 1276 686 1357 absque
702 1270 795 1336 omni
813 1265 995 1337 cuiuslibet
1010 1260 1255 1330 contrarietate
1270 1259 1325 1324 vel
1339 1255 1576 1340 requisitione,
1595 1256 1631 1320 01
1653 1254 1691 1319 10
1713 1251 1790 1335 1000
1804 1255 1898 1318 terra
1914 1250 2023 1318 nostri
2041 1249 2164 1335 palatii
2179 1250 2217 1316 10
2232 1252 2346 1334 000110
2368 1251 2409 1318 (10

557 1423 796 1509 suprascripta
810 1420 932 1486 nostra
947 1410 1169 1480 concessione
1184 1426 1204 1474 a
1219 1409 1313 1474 foras
1327 1407 1405 1491 ipsa
1420 1404 1597 1471 mensuria
1613 1402 1752 1488 ponatis
1768 1401 1862 1468 scale
1877 1401 1912 1468 et
1936 1449 2304 1466 .......
2352 1407 2405 1468 aul

558 1575 684 1644 fabrile
700 1575 735 1641 01
750 1589 887 1656 semper
903 1572 940 1638 tu
956 1568 1075 1651 tuique
1089 1561 1273 1631 heredibus
1290 1558 1375 1628 illud
1392 1558 1440 1625 ibi
1456 1557 1622 1625 habitatis
1638 1555 1719 1624 inde
1735 1552 1988 1634 ascendendum
2005 1555 2041 1620 01
2055 1551 2342 1621 descendendum.

1334 2060 1670 2142 CCLXXXI.

1354 2309 1409 2384 A.
1444 2307 1496 2385 D.
1532 2303 1636 2384 975.

619 2576 709 2710 †In
734 2622 874 2688 nomine
897 2619 1029 2686 domini
1053 2615 1316 2702 quadragesimo
1340 2612 1489 2682 secundo
1513 2629 1605 2680 anno
1627 2609 1844 2698 principatus
1866 2610 1983 2677 domni
2000 2611 2110 2677 nostri
2127 2610 2242 2695 gisolfi
2266 2612 2413 2696 glorioso

563 2777 727 2860 princeps
744 2775 778 2841 et
800 2773 915 2857 primo
929 2788 1022 2837 anno
1039 2767 1254 2852 principatus
1268 2763 1396 2841 domne
1411 2781 1549 2847 gemme
1564 2778 1654 2828 uxor
1670 2761 1744 2828 eius
1760 2762 1794 2828 01
1817 2758 1936 2828 domni
1958 2761 2101 2846 paldolfl
2124 2763 2243 2847 001010
2265 2763 2340 2830 filio
2361 2782 2412 2831 eo

558 2944 636 2990 rum
653 2917 692 3010 ¹),
712 2939 830 2990 mense
856 2919 1052 2987 februarius
1080 2917 1183 2984 tertia
1206 2914 1406 2982 indictione.
1425 2911 1709 2980 memoratorium
1733 2911 1825 2978 iactu
1847 2928 1868 2976 a
1891 2929 1946 2978 me
1968 2929 2053 2978 ursu
2075 2912 2167 2980 filius
2190 2911 2412 2994 00100111,οο

561 3072 747 3158 quodante
767 3066 1354 3156 00000011010000001110100010οἰ
1378 3063 1539 3149 gastaldo
1563 3067 1599 3130 et
1621 3063 1681 3131 alii
1705 3064 1809 3130 testes
1833 3080 1895 3147 per
1919 3079 2010 3130 rona
2032 3066 2308 3133 comvenihentia
2324 3069 2410 3135 labo-

559 3225 663 3293 randi
680 3224 801 3292 ordine
818 3221 861 3289 ad
877 3220 1039 3307 partione
1054 3216 1198 3284 tradidit
1213 3215 1301 3282 mihi
1317 3215 1484 3281 iohannes
1500 3214 1673 3298 presbiter
1688 3215 1782 3280 iilius
1798 3213 1890 3280 leoni
1904 3215 2101 3282 atrianense
2117 3233 2187 3282 una
2202 3217 2357 3284 clusuria
2369 3217 2409 3287 (10

559 3381 655 3446 terra
670 3397 748 3445 cum
762 3374 916 3443 arbustis
932 3373 1076 3440 vitatum
1094 3368 1324 3454 pertinentem
1342 3365 1487 3433 ecclesie
1502 3367 1613 3433 sancti
1630 3365 1789 3444 maximi,
1807 3364 1897 3449 quod
1914 3366 1988 3450 ipse
2005 3365 2173 3436 iohannes
2189 3371 2408 3453 presbiteria

557 3529 759 3598 veneficium
776 3529 870 3594 tenet
886 3544 907 3592 a
923 3543 1007 3610 pars
1023 3523 1131 3608 ipsius
1147 3521 1289 3590 ecclesie
1306 3519 1416 3587 sancti
1434 3519 1579 3585 maximi
1597 3519 1634 3586 in
1651 3520 1763 3586 locum
1780 3519 1927 3587 nuceria
1944 3538 2007 3604 per
2023 3537 2062 3588 as
2076 3521 2174 3588 finis:
2193 3521 2236 3590 de
2251 3540 2321 3589 una
2335 3542 2412 3609 par·

558 3681 591 3748 te
607 3696 629 3745 a
645 3675 950 3762 septemtrionalis,
970 3674 1059 3741 sicut
1075 3670 1188 3739 medio
1202 3669 1347 3756 aquario
1360 3669 1539 3746 discernit,
1558 3667 1650 3736 unde
1673 3686 1764 3754 aqua
1788 3668 1982 3735 fluminario
2006 3666 2212 3739 discurrent:
2230 3670 2273 3740 de
2295 3673 2409 3742 subter

555 3832 658 3913 parte
674 3827 717 3894 ab
733 3823 921 3892 occidentis
937 3823 1093 3908 partibus
1108 3821 1178 3888 iine
1194 3818 1237 3887 de
1253 3818 1398 3887 heredes
1413 3819 1612 3902 ermeperti,
1631 3819 1721 3885 sicut
1736 3818 1847 3886 limite
1862 3821 1896 3886 et
1919 3821 2033 3887 sabuci
2057 3824 2092 3888 et
2113 3813 2194 3906 sepe
2218 3821 2402 3890 discernit:

561 3979 631 4046 alia
648 3995 729 4045 vero
744 3979 844 4063 parte
860 3993 882 4042 a
897 3972 1041 4042 meridie
1057 3974 1126 4040 1100
1142 3975 1235 4039 terra
1251 3971 1398 4039 ecclesia
1415 3970 1523 4037 sancti
1540 3970 1615 4048 biti,
1633 3968 1802 4055 quomodo
1814 3967 1982 4037 derictum
1998 3974 2093 4040 exiet
2109 3974 2201 4041 iusta
2215 3975 2291 4060 ipsa
2305 3977 2408 4045 00010

554 4133 608 4200 sia
624 4130 733 4199 sancti
750 4130 825 4207 viti,
844 4127 903 4212 qui
918 4144 981 4192 ora
995 4124 1038 4191 (10
1054 4126 1194 4208 puteum
1213 4123 1441 4207 pertinentem
1457 4121 1498 4190 10
1515 4122 1589 4205 1000
1612 4124 1709 4189 terra
1731 4124 1887 4190 cessante
1908 4124 1951 4189 ab
1966 4141 2027 4192 ora
2042 4124 2085 4192 (10
2108 4127 2185 4210 1000
2207 4131 2348 4212 puteum
2371 4129 2405 4194 in

558 4287 636 4369 ipsa
651 4284 752 4368 parte
769 4279 911 4348 meridie
925 4277 1028 4362 pedes
1043 4274 1129 4343 duos
1146 4273 1189 4342 ad
1207 4292 1363 4351 manum,
1382 4276 1417 4340 01
1432 4273 1481 4340 010
1497 4273 1664 4341 derictum
1682 4274 1821 4342 exiente
1836 4293 1943 4360 usque
1966 4276 2009 4342 ad
2037 4277 2105 4344 fine
2132 4279 2242 4363 ipsius
2267 4283 2407 4348 ecclesie

556 4433 667 4501 sancti
693 4432 767 4508 biti,
786 4433 821 4497 01
843 4428 924 4496 inde
946 4428 1141 4496 rebolbente
1164 4443 1226 4510 per
1248 4425 1326 4508 ipsa
1347 4423 1417 4492 fine
1438 4424 1476 4491 in
1499 4425 1657 4508 partibus
1680 4426 2000 4509 septemtrionalis,
2026 4428 2114 4496 sicut
2136 4429 2248 4497 medio
2272 4431 2353 4516 poiu
2375 4437 2405 4502 et

552 4585 670 4654 sabuci
686 4583 877 4668 discernit3
902 4585 936 4651 et
952 4583 1103 4650 hiterum
1119 4581 1317 4648 rebolbente
1331 4597 1395 4664 per
1410 4580 1487 4664 ipsa
1501 4579 1570 4646 fine
1585 4580 1675 4646 santi
1691 4579 1754 4646 biti
1777 4581 1815 4647 in
1839 4580 1996 4665 partibus
2020 4581 2163 4650 orientis
2186 4584 2274 4650 sicut
2295 4583 2406 4652 limite

553 4735 732 4812 discernit,
751 4736 786 4801 et
802 4733 940 4802 exiente
955 4731 1124 4802 derictum
1141 4749 1204 4815 per
1219 4729 1288 4798 1100
1304 4728 1346 4798 (10
1362 4729 1506 4797 heredes
1521 4730 1630 4814 ipsius
1646 4731 1829 4815 ermeperti
1846 4734 1880 4798 et
1896 4729 2130 4816 coniungente
2151 4731 2194 4799 ad
2209 4733 2278 4802 fine
2295 4733 2338 4801 de
2353 4734 2408 4801 he

574 4953 578 4958 ,
592 4949 785 4956 --.—.—.——
815 4942 1019 4952 --——.-—

610 5069 632 5140 ¹)
648 5067 806 5140 Gisulphus
821 5065 832 5120 l
847 5082 864 5121 a
878 5071 960 5136 patre
974 5062 1088 5135 imperii
1103 5061 1247 5135 particeps
1262 5061 1355 5118 iactus
1369 5060 1517 5118 tricesimo
1531 5061 1616 5118 tertio
1631 5062 1737 5120 decimi
1753 5065 1862 5122 saeculi
1877 5083 1966 5136 anno,
1981 5066 2111 5140 illudque
2124 5083 2190 5124 cum
2202 5067 2284 5124 Patre
2296 5085 2345 5141 per
2359 5068 2404 5123 de·

549 5196 688 5254 00001000
701 5211 808 5271 repens
821 5193 857 5251 ed
872 5190 1128 5266 quadragesimum
1142 5187 1260 5247 tertium
1274 5203 1379 5260 usque,
1395 5187 1464 5244 dum
1480 5188 1548 5245 inde
1563 5190 1818 5264 quadragesimum
1834 5193 1995 5248 secundum
2009 5193 2190 5266 principatus
2211 5209 2323 5250 annum
2337 5207 2405 5264 age-

552 5330 606 5391 ret,
622 5321 692 5378 tiliis
706 5335 809 5377 carens
823 5334 890 5376 cum
906 5315 1025 5374 Gemma
1040 5314 1165 5387 coniuge
1180 5314 1210 5368 in
1226 5313 1334 5384 lilium,
1351 5311 1475 5385 soliique
1491 5313 1648 5370 haeredem
1663 5315 1781 5389 adoptat
1795 5331 1917 5388 puerum
1932 5315 2095 5373 Paldolfum
2109 5317 2274 5391 legitimum
2287 5317 2405 5376 Paldolli

554 5445 712 5520 Capiierrei
724 5443 838 5517 Capuae
853 5451 883 5499 et
893 5441 1051 5498 Beneventi
1067 5439 1207 5512 Principis
1221 5439 1327 5507 tilium,
1343 5453 1436 5512 quum
1450 5437 1539 5495 Patris
1553 5439 1664 5514 virtuti,
1680 5442 1827 5514 armisque
1842 5459 1925 5498 suam
1939 5441 1968 5498 in
1982 5442 2165 5531 Salernitana
2179 5445 2284 5500 throno
2299 5443 2404 5501 stabili·

550 5581 642 5629 tatem
656 5569 865 5627 deberetvixit
878 5569 914 5625 ad
928 5569 1017 5625 linem
1032 5583 1125 5640 usque
1139 5566 1361 5640 nongentesimi
1375 5567 1583 5639 septuagesimi
1599 5569 1715 5640 septimi
1730 5569 1860 5642 vulgaris
1881 5569 1963 5639 anni,
1977 5569 2047 5625 dum
2060 5569 2152 5642 'regni
2167 5569 2405 5644 quadragesimus

551 5697 673 5772 quintus
693 5694 911 5752 numerabatur.
927 5693 1069 5749 bandulio
1085 5693 1212 5750 Atenulfi
1233 5693 1305 5750 olim
1321 5691 1480 5749 Beneventi
1494 5691 1637 5765 Principis
1658 5693 1729 5763 filio,
1747 5693 1797 5766 qui
1818 5693 2018 5750 fraudulenter
2038 5692 2212 5766 Gisulphum
2233 5693 2404 5767 Principem,

550 5820 675 5892 eiusque
689 5817 846 5890 coniugem
863 5823 976 5888 sceptro
990 5814 1142 5872 orbaverat
1156 5825 1302 5889 arreptum
1318 5812 1535 5870 Salernitanum
1549 5815 1656 5871 solium
1670 5815 1771 5888 paucis
1786 5814 1937 5872 dumtaxat
1950 5815 2103 5872 mensibus
2118 5817 2244 5872 retinere
2259 5815 2350 5872 detur.

2619 6726 2623 6815 ἕ
