5286 7098
1038 617 1407 692 ulrtolll'llctls

1017 1108 1022 1116 ·
1137 1069 1357 1199 CCGII,

1092 1316 1145 1392 A.
1184 1317 1235 1392 D.
1272 1314 1375 1394 978.

352 1575 848 1710 †1nn0mined0miniann0
872 1626 1047 1694 tricesimo
1070 1626 1190 1711 quinto
1214 1627 1430 1712 principatus
1452 1626 1568 1694 domni
1591 1626 1733 1712 paldolfi
1755 1627 1898 1712 gloriosi
1922 1627 2091 1714 principis
2113 1633 2148 1696 et
2245 1704 2251 1722 ι

292 1779 405 1864 primo
421 1797 513 1846 anno
529 1779 603 1847 eius
619 1780 837 1866 principatus
853 1781 995 1860 salerni,
1012 1783 1047 1850 et
1062 1782 1184 1865 quarto
1200 1799 1293 1848 anno
1308 1781 1528 1867 principatus
1542 1779 1658 1847 domni
1675 1779 1812 1866 paldolfl
1830 1781 1904 1848 eius
1927 1780 2010 1859 filio,
2030 1792 2147 1850 mense

294 1933 464 2016 augustus
479 1933 579 1997 sexta
596 1930 796 1999 indictione.
816 1936 855 1999 In
879 1931 1115 2000 sacratissimo
1138 1932 1352 2000 salernitano
1375 1933 1518 2016 palatin,
1538 1932 1732 2000 astantibus
1755 1950 1822 2016 ego
1844 1933 1951 2017 gaido
1974 1927 2079 2000 iudex
2103 1933 2146 2000 ad

292 2081 510 2166 singulorum
528 2084 720 2152 causatores
735 2101 855 2170 causas
871 2083 1082 2152 audiendum
1099 2085 1134 2151 et
1149 2083 1402 2163 diffiniendum,
1421 2087 1502 2152 tunc
1518 2084 1633 2168 ibique
1657 2085 1830 2151 coniuncti
1853 2087 1934 2152 sunt
1957 2085 2147 2169 guaiferius

293 2253 405 2303 comes
421 2235 513 2305 lilius
529 2236 698 2322 quondam
713 2237 888 2322 guaimari
904 2237 1052 2315 comitis,
1070 2239 1104 2306 et
1119 2237 1267 2305 domnus
1283 2212 1452 2306 iohannes
1469 2231 1676 2306 venerabilis
1698 2239 1814 2323 presul
1838 2241 1957 2306 sancte
1979 2238 2070 2306 sedis
2093 2255 2150 2306 sa-

290 2387 473 2464 lernitane,
488 2405 645 2454 unacum
661 2405 703 2454 eo
720 2390 838 2472 petrus
853 2387 959 2456 iudex
975 2407 1104 2474 suoque
1120 2388 1362 2457 advocatorem
1376 2357 1423 2456 ad
1440 2389 1636 2457 faciendum
1653 2390 1744 2456 inter
1758 2408 1795 2458 se
1809 2389 1913 2456 finam
1928 2389 1970 2457 de
1986 2390 2148 2456 intentio-

291 2559 382 2618 nem,
400 2558 505 2624 quam
522 2539 596 2624 ipse
611 2540 803 2625 guaiferius
825 2558 902 2606 cum
927 2559 1011 2626 pars
1033 2541 1183 2626 predicti
1206 2543 1373 2627 episcopii
1397 2545 1477 2610 ante
1501 2560 1556 2609 me
1579 2541 1677 2609 abuit
1699 2540 1741 2610 de
1764 2540 1940 2618 molinum,
1959 2539 2049 2626 quod
2072 2541 2147 2625 ipse

294 2691 486 2776 guaiferius
502 2691 584 2757 fecit
598 2690 636 2758 in
653 2654 753 2759 relius
768 2709 830 2759 sua
845 2691 933 2776 quod
951 2710 1014 2776 per
1030 2692 1142 2777 ipsum
1159 2692 1303 2760 domnus
1317 2693 1501 2778 episcopus
1517 2693 1548 2760 ei
1565 2694 1646 2760 data
1661 2693 1737 2772 fuit,
1755 2695 1814 2778 qui
1830 2711 1903 2762 esse
1919 2693 2085 2761 videmini
2098 2697 2147 2761 ul-

291 2847 343 2912 ter
358 2843 463 2912 dubio
479 2843 584 2910 lirino
599 2844 701 2912 iuxta
717 2845 792 2929 ipso
810 2843 926 2923 dubie,
944 2844 1036 2914 etde
1051 2847 1219 2914 molinum
1235 2848 1315 2925 alio,
1334 2865 1437 2932 quam
1455 2848 1529 2932 ipse
1543 2847 1737 2930 guaiferius
1760 2848 1874 2916 facere
1889 2848 1998 2914 voluit
2021 2845 2147 2914 ibidem

290 2998 323 3066 et
345 3014 430 3082 pars
453 2994 565 3062 eidem
578 2995 744 3080 episcopii
759 2995 838 3063 illut
854 2997 886 3062 ei
903 2999 1076 3064 contrarit
1085 3018 1096 3084 3
1113 3001 1159 3077 et,
1178 2998 1265 3066 sicut
1280 2985 1546 3079 diximus,‘ante
1562 3017 1618 3066 me
1633 3000 1707 3082 ipse
1723 2997 1917 3082 guaiferius
1941 3015 2018 3063 cum
2033 2999 2148 3082 ipsum

291 3148 434 3216 domnus
457 3149 640 3234 episcopus
655 3149 690 3216 et
705 3167 781 3215 cum
801 3149 876 3233 ipso
891 3153 966 3218 eius
980 3149 1222 3219 advocatorem
1237 3151 1395 3219 causavit
1409 3153 1447 3220 ut
1462 3151 1494 3218 ci
1510 3152 1711 3229 commosset,
1730 3151 1769 3216 ut
1784 3150 1853 3218 alio
1868 3151 1997 3217 molino
2012 3150 2061 3216 ibi
2076 3167 2146 3217 non

292 3305 418 3381 facere,
429 3305 463 3370 et
474 3302 550 3388 ipso
561 3304 728 3370 molinum
739 3323 841 3388 quam
854 3303 902 3370 iti
915 3303 1006 3382 fecit,
1017 3305 1242 3390 dirrupasset,
1257 3309 1292 3375 et
1303 3305 1488 3374 arcaturiis
1502 3305 1649 3391 indeque
1661 3305 1822 3390 rupisset,
1832 3306 1866 3372 ct
1878 3303 2061 3370 molinator
2073 3301 2147 3371 eius

293 3453 372 3522 inde
383 3453 556 3541 iactasset3
575 3433 699 3539 etipse
714 3454 860 3521 domnus
876 3455 1057 3540 episcopus
1073 3455 1242 3535 dixerad,
1253 3459 1290 3524 ut
1305 3458 1392 3524 talia
1407 3455 1555 3534 fecisset,
1575 3473 1640 3541 pro
1655 3474 1723 3540 qua
1733 3473 1809 3531 non
1824 3457 1915 3524 esset
1929 3455 2055 3522 factum
2073 3453 2148 3538 ipso

292 3606 458 3674 molinum
470 3607 562 3692 intro
574 3607 652 3692 ipsa
664 3623 732 3684 res,
750 3623 852 3690 quam
867 3605 926 3672 ille
937 3604 1032 3672 dedit
1044 3605 1153 3690 ipsias
1165 3605 1327 3690 guaiferi.
1344 3606 1417 3690 ipse
1428 3605 1623 3689 guaiferius
1634 3603 1793 3683 dixerad,
1808 3607 1847 3672 ut
1857 3599 2022 3672 molinum
2035 3603 2149 3689 ipsum

294 3757 430 3826 fecisset
444 3758 538 3825 intus
553 3759 629 3846 ipsa
644 3777 712 3838 res,
731 3777 834 3844 quam
849 3760 923 3844 ipse
938 3757 1084 3826 domnus
1099 3758 1281 3844 episcopus
1296 3759 1329 3826 ei
1344 3758 1450 3837 dedit,
1469 3727 1504 3826 et
1520 3777 1541 3826 a
1554 3759 1648 3825 foras
1660 3758 1735 3842 ipso
1748 3758 1915 3826 molinum
1927 3760 1974 3824 im
1992 3759 2149 3842 partibus

292 3911 438 3979 orientis
455 3913 574 3980 aberet
588 3911 632 3978 de
647 3912 736 3994 illut,
754 3920 857 3997 quam
871 3911 948 3996 ipse
963 3909 1195 3997 episcopus'ei
1209 3911 1324 3999 dedit;
1342 3914 1376 3980 el
1394 3930 1457 3996 per
1472 3929 1528 3980 me
1543 3911 1636 3978 inter
1650 3911 1701 3979 cis
1716 3909 1904 3978 iudicatum
1929 3909 1994 3976 fuit
2016 3913 2149 3977 utrum·
2189 3887 2193 3892 ¹

292 4083 358 4149 que
373 4064 572 4150 plicandum
586 4083 634 4144 se,
652 4066 777 4162 etipse
793 4065 987 4150 guaiferius
1002 4065 1199 4134 ostenderet
1215 4065 1569 4150 scriptionemquam
1585 4064 1665 4131 abet
1686 4062 1728 4131 de
1744 4063 1846 4130 rebus
1868 4061 1944 4147 ipsa
1965 4059 2010 4127 da
2032 4061 2148 4146 ipsum

295 4213 440 4282 domnus
455 4215 649 4300 episcopus,
667 4219 703 4284 et
716 4216 818 4284 iuxta
832 4219 946 4301 legem
962 4219 1056 4284 inter
1070 4233 1107 4282 se
1122 4215 1205 4284 inde
1220 4215 1325 4284 linem
1341 4216 1505 4284 facerent.
1520 4214 1621 4281 modo
1636 4216 1766 4291 autem,
1781 4215 1818 4279 ut
1828 4211 1993 4291 diximus,
2008 4214 2147 4296 propte·

294 4383 356 4433 rea
370 4369 451 4434 sunt
465 4366 653 4445 coniuncti,
672 4368 706 4434 et
722 4367 914 4451 peripsum
933 4365 1126 4452 guaiferius
1142 4369 1281 4436 ostensa
1296 4369 1350 4434 est
1365 4385 1436 4435 una
1458 4365 1680 4451 scriptionem
1702 4363 1745 4432 de
1767 4381 1860 4432 anno
1882 4362 2146 4449 quadragesimo

291 4521 413 4601 quarto
427 4519 643 4604 principatus
659 4519 776 4586 domni
792 4519 905 4604 gisolfi
933 4520 1078 4605 gloriosi
1105 4520 1287 4606 principis,
1306 4522 1341 4587 ct
1367 4519 1470 4588 tertio
1496 4533 1587 4586 anno
1615 4517 1830 4602 principatus
1857 4514 1984 4586 domne
2007 4533 2146 4600 gemme

292 4672 412 4739 uxoris
427 4671 499 4738 eius
513 4675 548 4741 ct
561 4673 679 4740 domni
696 4673 835 4758 paldolfl
858 4675 976 4760 optato
998 4691 1117 4742 eorum
1134 4675 1219 4752 filio,
1247 4691 1364 4744 mense
1387 4673 1517 4758 aprelis
1539 4673 1662 4758 quinta
1683 4671 1884 4739 indictione.
1904 4670 1979 4754 ipse
2001 4668 2148 4736 domnus

292 4825 461 4894 iohannes
475 4825 655 4912 episcopus
672 4845 741 4895 una
755 4845 831 4894 curn
846 4845 887 4895 eo
903 4828 1060 4914 predicto
1076 4828 1316 4896 advocatorem
1333 4833 1367 4896 et
1384 4827 1551 4895 iohannes
1567 4801 1734 4929 diaconus
1749 4843 1813 4910 pcr
1827 4841 1916 4891 vona
1931 4825 2150 4894 combcnien-

294 4978 344 5044 tia
357 4977 547 5046 secundum
563 4980 620 5048 lex
636 4979 838 5048 tradiderad
854 4983 888 5048 et
905 4980 1154 5049 cofirmaverad
1177 4979 1369 5065 supradicti
1387 4979 1537 5064 guaiferi
1560 4996 1630 5046 una
1644 4977 1745 5063 pecia
1767 4975 1809 5045 de
1830 4978 1924 5046 terra
1945 4993 2023 5041 cum
2047 4975 2149 5042 trinea

295 5128 430 5197 deserta
445 5133 480 5197 et
494 5131 692 5198 cannietum
708 5133 743 5198 et
759 5131 916 5198 bacibum
934 5147 1004 5198 uno
1019 5131 1174 5200 leniente
1189 5133 1278 5200 ulter
1294 5133 1328 5198 et
1343 5149 1441 5199 secus
1455 5131 1559 5198 dubio
1569 5128 1682 5222 lirino
1697 5127 1893 5212 propinquo
1909 5143 2006 5192 mare
2027 5140 2090 5210 per
2112 5143 2150 5190 as

297 5280 377 5350 finis
391 5283 426 5348 et
440 5283 635 5350 mensurie:
655 5283 699 5349 ab
715 5281 904 5352 occidentis
920 5283 989 5351 fine
1004 5283 1079 5368 ipso
1102 5283 1217 5362 dubio,
1236 5283 1382 5369 indeque
1405 5285 1500 5368 passi
1523 5285 1660 5350 centum
1682 5279 1766 5347 duo:
1785 5297 1808 5346 a
1830 5276 1974 5345 meridie
1997 5275 2067 5342 fine
2089 5275 2148 5341 bia

292 5434 445 5517 publica,
459 5437 494 5503 et
507 5433 588 5502 inde
602 5451 723 5520 passos
741 5436 868 5520 biginti
884 5455 964 5504 sex:
980 5455 1000 5503 a
1016 5454 1099 5521 pars
1114 5436 1407 5522 septemtrionalis
1422 5437 1492 5504 fine
1514 5433 1659 5520 guidoni
1676 5446 1845 5516 germano
1856 5427 1968 5496 eidem
1981 5426 2145 5513 guaiferi,
2173 5439 2177 5448 ·

292 5584 381 5652 sicut
397 5585 453 5651 bia
466 5597 616 5655 'comune
631 5586 674 5653 de
692 5585 756 5672 ipsi
781 5588 942 5672 germani
966 5587 1146 5668 discernit,
1164 5591 1199 5657 ct
1221 5587 1303 5656 inde
1326 5589 1420 5679 passi
1443 5586 1592 5672 triginta
1615 5586 1759 5653 nobem:
1779 5603 1800 5651 a
1822 5581 1981 5669 partibus
2003 5581 2148 5648 orientis

293 5736 360 5804 dne
377 5736 526 5822 predicti
544 5733 722 5823 episcopii,
740 5739 908 5824 quomodo
933 5739 1156 5815 terminatum
1180 5743 1295 5820 estet
1317 5740 1397 5809 inde
1422 5737 1514 5824 passi
1537 5739 1673 5806 centum
1695 5735 1776 5815 duc,
1794 5738 1829 5804 et
1852 5734 1889 5802 in
1912 5732 2063 5802 medium
2085 5751 2147 5818 per

293 5891 486 5958 traversum
497 5891 543 5959 da
555 5893 630 5976 ipso
641 5891 744 5960 fiuoio
756 5910 862 5978 usque
878 5893 954 5978 ipsa
964 5894 1033 5961 line
1049 5893 1194 5979 predicti
1211 5892 1378 5978 episcopii
1394 5907 1514 5976 passos
1529 5889 1762 5977 quadraginta
1772 5891 1854 5965 tres,
1868 5889 1977 5956 totum
1990 5885 2034 5953 ad
2047 5885 2146 5952 iuxto
