5286 7098
1278 562 1440 636 conell
1477 563 1715 650 CAVENSIS'

1430 1015 1576 1096 CCC.
1670 1012 1671 1016 ‘

1358 1261 1414 1336 A.
1452 1260 1502 1340 D.
1540 1258 1644 1339 978.

621 1527 711 1663 †ln
727 1577 867 1644 nomine
883 1573 1012 1642 domini
1037 1571 1213 1640 tricesimo
1235 1569 1356 1656 quinto
1379 1587 1473 1638 anno
1499 1569 1717 1656 principatus
1744 1569 1862 1638 domni
1889 1571 1999 1638 nostri
2026 1571 2166 1658 paldolfl
2192 1572 2362 1659 principis
2383 1579 2414 1644 et

563 1731 675 1817 primo
692 1746 785 1798 anno
808 1725 1027 1814 principatus
1050 1723 1124 1793 eius
1146 1723 1286 1802 salerni,
1305 1725 1341 1791 et
1362 1723 1487 1808 quarto
1503 1739 1597 1791 anno
1612 1723 1829 1808 principatus
1851 1721 1969 1790 domni
1992 1721 2132 1808 paldolfi
2156 1724 2327 1810 principis
2348 1724 2415 1793 tilio

562 1884 648 1962 eius,
667 1900 787 1952 mense
802 1882 968 1966 augustus
991 1881 1092 1949 sexta
1114 1876 1312 1945 indictione.
1331 1877 1520 1946 Olarelacio
1536 1895 1604 1962 ego
1627 1878 1681 1945 leo
1705 1877 1906 1946 amalfitano
1928 1875 2021 1944 illius
2044 1877 2139 1962 sergi
2163 1876 2208 1946 de
2223 1877 2346 1964 lupino
2360 1882 2414 1964 qui

563 2035 692 2102 dicitur
715 2033 758 2101 de
775 2031 855 2110 rini,
874 2049 991 2116 quum,
1011 2027 1149 2114 quando
1165 2045 1232 2112 ego
1246 2045 1339 2097 eram
1357 2027 1534 2096 babilonia
1549 2026 1594 2095 ad
1620 2025 1873 2112 navigandum,
1892 2045 1985 2095 anna
2011 2046 2098 2095 uxor
2124 2047 2200 2096 mea
2225 2031 2261 2096 et
2285 2031 2417 2117 sergius

561 2186 786 2254 amalfitanus
801 2183 894 2250 tilius
910 2182 1006 2267 sergi
1022 2199 1086 2266 pro
1102 2195 1185 2266 pars
1206 2199 1285 2250 mea
1312 2199 1471 2248 unacum
1499 2183 1598 2266 petro
1625 2181 1700 2248 thio
1726 2199 1803 2248 meo
1829 2179 1902 2247 filio
1925 2179 2114 2266 supradicti
2141 2183 2257 2267 lupeni
2284 2181 2415 2252 derint

562 2355 624 2423 per
655 2337 793 2404 firmam
823 2334 1050 2420 scriptionem
1077 2331 1340 2401 camviaberunt
1366 2331 1485 2416 lupeni
1506 2331 1711 2416 amalfitano
1734 2331 1805 2398 lilio
1832 2331 1991 2399 mauroni
2014 2331 2150 2400 comitis
2181 2334 2284 2403 terris
2314 2336 2351 2402 et
2372 2335 2418 2402 vi-

562 2489 637 2558 neis
654 2489 691 2557 in
706 2491 831 2566 locum,
858 2486 916 2554 uhi
934 2485 975 2552 ad
992 2485 1078 2553 sonti
1093 2484 1221 2552 dicitur
1237 2483 1432 2568 propinquo
1447 2482 1609 2552 ecclesias
1624 2483 1733 2552 sancti
1750 2483 1861 2552 felicis
1877 2483 2003 2551 tinibus
2025 2484 2330 2552 salernitanorum.
2344 2486 2418 2554 simi

564 2642 644 2708 liter
670 2642 708 2707 et
734 2641 809 2724 ipse
836 2641 981 2724 lupenus
1005 2639 1043 2705 in
1066 2636 1201 2705 cambio
1224 2653 1287 2720 per
1311 2636 1416 2702 aliam
1439 2633 1663 2720 scriptionem
1688 2633 1831 2701 tradidit
1853 2629 2006 2720 ipsorum
2030 2635 2101 2702 iam
2125 2636 2297 2704 nominati
2322 2635 2418 2705 uxori

564 2809 640 2859 mee
662 2793 695 2860 et
717 2789 827 2875 ipsius
849 2791 943 2874 sergi
968 2809 1032 2876 pro
1055 2787 1214 2874 partibus
1236 2807 1311 2858 mee
1340 2789 1376 2856 et
1399 2786 1545 2873 predicti
1570 2788 1660 2872 petri
1690 2789 1764 2856 thio
1788 2804 1865 2854 meo
1888 2788 1957 2855 alie
1981 2788 2087 2855 terris
2110 2790 2145 2856 et
2167 2788 2277 2858 vineis
2299 2789 2340 2856 in
2369 2806 2420 2858 eo

560 2942 638 3010 dem
655 2945 728 3010 loco
746 2943 830 3009 sonti
847 2916 1043 3026 propinquo
1058 2941 1134 3026 ipsa
1148 2939 1292 3010 ecclesia
1315 2939 1351 3006 in
1375 2937 1494 3007 eodem
1511 2939 1597 3008 fines
1620 2939 1925 3007 salernitanorum.
1950 2955 2095 3024 cumque
2116 2939 2177 3006 tali
2201 2940 2420 3008 commutatio

559 3095 715 3180 utrisque
743 3094 902 3179 partibus
924 3094 967 3162 de
989 3095 1065 3179 ipse
1088 3095 1191 3164 terris
1215 3111 1293 3162 cum
1317 3093 1427 3160 vineis
1456 3095 1491 3160 et
1520 3090 1564 3160 dc
1587 3093 1656 3160 alie
1680 3091 1783 3162 terris
1806 3109 1912 3160 vacue
1941 3094 1976 3162 et
2005 3092 2103 3161 silhis
2126 3091 2254 3160 ibidem
2277 3093 2419 3161 coniun-

561 3249 614 3314 cte
638 3248 728 3315 lacta
751 3246 897 3315 tuissent
918 3249 953 3313 et
983 3245 1137 3329 utrisque
1166 3243 1323 3328 partibus
1353 3243 1599 3328 scriptionibus
1622 3262 1667 3311 ex
1691 3242 1776 3328 ipsis
1800 3245 1903 3311 rebus
1927 3243 2130 3322 firmarent,
2158 3244 2193 3310 et
2214 3261 2277 3311 nos
2301 3261 2349 3312 ex
2372 3244 2420 3330 ip·

558 3418 631 3468 sam
648 3399 909 3484 navigationem
926 3400 1135 3467 revertentes
1152 3398 1186 3468 et
1200 3397 1264 3465 tali
1281 3396 1427 3465 hordine
1449 3398 1549 3465 nobis
1565 3397 1763 3466 intimatum
1788 3397 1945 3477 fuissent,
1972 3397 2133 3466 continuo
2149 3416 2221 3467 una
2242 3417 2324 3466 cum
2348 3398 2420 3483 ipso

559 3553 708 3635 lupenus
731 3553 766 3618 et
789 3569 866 3617 cum
891 3548 1052 3618 iamdicto
1076 3553 1173 3634 petro
1195 3550 1269 3617 thio
1303 3568 1378 3619 mco
1408 3551 1542 3618 etcum
1566 3549 1642 3633 ipso
1668 3549 1806 3634 sergius
1833 3515 2039 3617 consobrino
2065 3551 2210 3620 fratrem
2236 3569 2419 3638 meumque

559 3720 622 3785 pro
651 3717 732 3787 pars
755 3719 831 3770 mea
854 3700 1057 3786 supradicta
1079 3702 1211 3769 vicaria
1234 3700 1313 3768 dedi
1336 3704 1371 3770 et
1393 3702 1532 3787 recepi,
1559 3701 1780 3789 perreximus
1803 3719 1907 3786 super
1931 3701 2016 3785 ipsis
2038 3704 2151 3782 rebus,
2180 3703 2215 3770 et
2235 3701 2319 3769 dum
2344 3701 2420 3771 dili-

559 3853 697 3938 gentius
720 3855 779 3920 ille
803 3853 1018 3938 providimus
1041 3855 1075 3922 et
1097 3853 1334 3922 estimavimus
1357 3871 1461 3938 super
1483 3853 1569 3938 ipsis
1592 3854 1704 3931 rebus,
1728 3852 1762 3921 et
1788 3852 1870 3919 dum
1893 3843 2095 3936 diligentius
2122 3852 2182 3920 ille
2207 3851 2422 3937 providimus

558 4007 591 4074 et
606 4005 844 4074 estimavimus
861 4005 903 4075 de
917 4006 999 4074 linis
1014 4005 1052 4074 in
1068 4005 1159 4084 finis,
1175 4009 1301 4074 bonum
1319 4009 1353 4074 et
1368 4007 1486 4076 utilem
1501 4007 1602 4075 nobis
1612 4007 1732 4092 paruit
1746 4006 1885 4075 ebenire
1902 4003 1945 4073 ad
1962 4005 2092 4073 nostris
2108 4003 2267 4089 partibus
2282 4005 2366 4090 ipsa
2376 4006 2422 4071 vi-

468 4157 476 4170 '
557 4158 664 4235 caria,
683 4176 783 4244 quem
801 4158 876 4242 ipse
893 4160 1010 4242 petrus
1027 4177 1104 4226 cum
1122 4159 1197 4244 ipsa
1213 4175 1320 4228 uxore
1331 4177 1408 4226 mea
1430 4160 1558 4226 etcum
1574 4159 1650 4243 ipso
1667 4157 1805 4242 sergius
1820 4156 2026 4224 consobrino
2041 4175 2138 4224 meus
2153 4173 2309 4242 promea
2323 4160 2423 4244 parte

556 4313 600 4376 ab
619 4311 694 4396 ipso
718 4313 867 4396 lupenus
891 4313 1108 4396 receperunt.
1128 4330 1272 4398 cumque
1288 4314 1372 4380 mihi
1391 4313 1613 4398 placuissent,
1629 4314 1667 4378 ut
1683 4312 1761 4396 ipsa
1783 4312 2005 4380 commutatio
2020 4310 2063 4380 de
2078 4310 2162 4397 ipsis
2178 4315 2280 4380 nehus
2298 4312 2423 4381 stabile

558 4463 651 4528 inter
674 4478 738 4530 nos
761 4467 963 4540 manerent,
989 4464 1104 4530 statim
1129 4481 1192 4549 per
1215 4464 1290 4548 ipse
1313 4467 1461 4549 lupenus
1484 4438 1623 4531 ostensa
1643 4464 1696 4533 est
1719 4464 1797 4548 ipsa
1818 4462 2069 4546 scriptionem,
2095 4463 2265 4549 quomodo
2288 4464 2336 4529 ab
2359 4461 2424 4548 ipsi

559 4613 662 4694 petru
684 4613 719 4681 et
742 4629 836 4680 anna
861 4631 969 4682 uxore
992 4633 1070 4683 mea
1093 4618 1127 4683 et
1150 4587 1305 4700 predicto
1328 4617 1446 4700 sergio
1469 4635 1531 4700 per
1555 4579 1630 4699 ipsa
1645 4614 1909 4682 commutatione
1924 4612 2112 4698 receperad
2138 4613 2224 4699 ipsis
2250 4615 2358 4682 rebus
2384 4611 2425 4680 de

558 4761 677 4832 eodem
709 4765 785 4830 loco
812 4763 903 4830 sonti
930 4765 1126 4850 propinquo
1153 4766 1231 4850 ipsa
1253 4766 1399 4834 ecclesia
1422 4765 1532 4834 sancti
1556 4765 1665 4832 felicis
1687 4782 1765 4830 cum
1790 4763 1900 4831 vineis
1929 4764 1963 4830 et
1993 4763 2096 4831 terris
2127 4783 2231 4834 vacue
2259 4767 2297 4833 et
2327 4762 2424 4834 silhis

440 4935 443 4940 ¹
558 4914 606 4980 ihi
629 4913 824 4994 coniuncte,
854 4916 889 4982 et
919 4914 1000 4980 dum
1032 4933 1107 4984 eam
1132 4915 1338 5000 religentem
1355 4916 1471 4985 audivi
1486 4983 1487 4987 ,
1494 4935 1558 5002 per
1581 4915 1701 4986 omnia
1723 4916 1889 5000 quantum
1913 4914 2078 4994 continet,
2103 4916 2237 5001 placuit
2259 4917 2366 4984 nobis
2388 4917 2424 4982 in

559 5065 620 5132 illo
643 5064 791 5134 hordine
814 5066 863 5132 ihi
887 5065 1096 5134 manendum
1115 5066 1239 5144 ,sicut
1265 5067 1409 5136 eandem
1435 5067 1581 5152 scriptio
1611 5067 1793 5152 continel;
1818 5068 1851 5135 et
1873 5065 1958 5152 ipse'
1976 5069 2123 5153 lupenus
2152 5066 2318 5136 similiter
2350 5069 2426 5152 pla-

557 5217 630 5286 cuit
652 5207 695 5287 ei'
711 5221 748 5288 in
774 5221 867 5286 omni
892 5219 1039 5288 hordine
1060 5220 1187 5288 exinde
1210 5239 1352 5289 manere
1375 5223 1577 5301 nobiscum,
1603 5223 1738 5289 etcum
1763 5221 1838 5306 ipso
1867 5220 1941 5288 thio
1964 5222 2082 5288 nostro
2108 5223 2143 5287 et
2166 5237 2276 5289 uxore
2301 5225 2424 5289 nostra

557 5366 599 5434 de
623 5368 721 5443 illud,
746 5369 835 5453 quod
865 5370 902 5435 in
930 5373 1028 5455 parto
1053 5375 1173 5438 nostra
1195 5370 1361 5439 traditum
1386 5373 1491 5451 abuit,
1517 5373 1607 5440 siout
1629 5375 1749 5440 nostra
1772 5370 1926 5438 continet
1947 5369 2184 5454 scriptionem.
2203 5369 2303 5440 Unde
2321 5389 2345 5440 a
2361 5390 2424 5441 nos

556 5524 631 5606 ipse
647 5525 793 5606 lupenus
816 5525 928 5608 petiit,
947 5527 985 5592 ut
1001 5525 1138 5593 firmam
1155 5527 1379 5612 scriptionem
1396 5527 1591 5596 securitatis
1617 5527 1647 5597 ei
1676 5524 1757 5593 inde
1783 5525 1939 5592 emittere
1954 5522 1997 5592 de
2019 5523 2178 5592 omnibus
2195 5523 2280 5608 ipsis
2304 5525 2422 5602 rebus,

556 5671 645 5754 quod
662 5672 800 5756 abipsa
827 5693 936 5743 uxore
962 5693 1040 5744 mea
1067 5679 1101 5744 et
1127 5677 1174 5746 da
1199 5677 1354 5764 predicto
1381 5679 1457 5746 thio
1485 5680 1520 5746 et
1536 5677 1743 5746 consobrino
1770 5692 1866 5743 meus
1889 5691 1958 5760 per·
1975 5675 2053 5760 ipsa
2076 5675 2301 5744 commutatio
2327 5693 2426 5744 rece·

558 5831 628 5914 pit:
648 5837 683 5902 et
699 5829 776 5900 ideo
800 5850 867 5917 ego
890 5833 1050 5919 superius
1065 5825 1177 5904 dictus
1201 5835 1298 5904 leone
1321 5837 1413 5904 intus
1437 5835 1687 5903 salernitanam
1712 5831 1884 5898 ciuitatem
1903 5847 1964 5914 per
1979 5830 2071 5897 hanc
2094 5827 2326 5914 scriptionem
2341 5845 2424 5896 con·
