5378 7098
263 2386 423 2452 CCCLVII
466 2386 528 2448 983

271 4258 417 4324 CCCLIX
466 4261 528 4323 983

281 5393 409 5462 CCCLX
468 5399 530 5462 983

813 2386 858 2448 XI
932 2385 964 2446 2.
1016 2384 1183 2448 Mansonrs

953 2471 986 2526 et
1001 2466 1134 2528 Iornnrs
1147 2469 1182 2527 fi-

952 2547 986 2606 lii
1005 2549 1076 2609 eius

813 3121 858 3181 XI
931 3117 963 3179 9.
1015 3119 1183 3182 blansonrs

952 3205 984 3260 et
999 3199 1133 3262 Ionunrs
1146 3201 1180 3261 fi-

951 3279 986 3341 lii
1004 3283 1076 3343 eius

814 4257 858 4320 Xl
930 4253 962 4319 2.
1014 4256 1182 4320 Mnusonrs

953 4344 989 4401 et
1004 4338 1136 4402 loturus
1149 4341 1182 4400 s·

955 4422 991 4482 lii
1009 4421 1080 4482 eius

814 5397 858 5458 XI
929 5395 962 5459 2.
1015 5395 1184 5460 Mausolus

953 5483 988 5539 et
1004 5477 1137 5542 loaunrs
1147 5481 1185 5541 o-

952 5559 987 5620 lii
1005 5561 1076 5622 eius

1220 1492 1399 1552 Lademori
1421 1511 1438 1551 e
1461 1491 1601 1553 Nuceria
1625 1492 1796 1552 aMartino

1223 1573 1413 1651 presbytero
1431 1580 1464 1633 et
1484 1573 1600 1642 abbate
1623 1573 1794 1633 Ecclesiae

1221 1655 1253 1714 S.
1267 1655 1396 1714 Maximi
1411 1674 1428 1713 e
1441 1653 1576 1714 Salerno
1590 1673 1647 1734 pro
1659 1673 1796 1714 consue-

1224 1741 1254 1795 to
1278 1737 1443 1804 terratico,
1473 1742 1510 1794 ut
1539 1735 1585 1794 ibi
1609 1735 1742 1795 arbores
1763 1742 1795 1796 et

1222 1817 1305 1877 vites
1330 1817 1526 1895 plantarent.
1552 1818 1621 1888 Quo
1644 1824 1793 1895 tempore

1222 1898 1359 1976 expleto,
1378 1899 1405 1956 si
1422 1899 1485 1976 ipsi
1499 1898 1714 1958 conductores
1728 1904 1794 1958 ter-

1222 1998 1276 2039 ras
1300 1979 1483 2057 praedictas
1511 1979 1615 2040 adhuc
1648 1981 1794 2040 retinere

1225 2061 1398 2130 voluerint,
1415 2061 1485 2140 ipsa
1507 2061 1656 2121 Ecclesia
1679 2062 1712 2120 S.
1728 2061 1794 2122 Ma·

1223 2142 1301 2201 ximi
1346 2142 1464 2202 lrabeat
1502 2145 1630 2203 tertiam
1668 2148 1793 2221 partem

1225 2224 1389 2284 fructuum
1415 2230 1448 2282 et
1469 2222 1548 2282 vini.

1265 2387 1394 2446 Locatio
1411 2387 1450 2446 ad
1467 2391 1539 2445 octo
1562 2402 1662 2445 annos
1686 2393 1793 2446 terrae

1224 2485 1298 2527 cum
1320 2474 1499 2536 castaneto,
1522 2468 1656 2526 inacteto
1674 2472 1706 2526 et
1722 2467 1794 2527 aliis

1225 2548 1395 2609 arboribus
1412 2551 1446 2608 in
1469 2549 1539 2607 loco
1560 2546 1712 2609 Preciana
1735 2549 1793 2608 sub

1225 2637 1334 2690 monte
1361 2631 1480 2690 Levino
1510 2631 1593 2707 apud
1609 2630 1792 2701 Salernum,

1223 2712 1309 2771 facta
1324 2713 1465 2772 Maraldo
1488 2710 1554 2770 tilio
1576 2713 1666 2772 Petri
1681 2710 1795 2772 Scuta·

1224 2795 1296 2853 rari
1315 2800 1348 2852 et
1371 2792 1512 2853 Mirando
1536 2791 1599 2852 tilio
1622 2791 1794 2854 Madellrid

1224 2893 1281 2955 pro
1297 2875 1428 2934 annuali
1454 2891 1556 2933 censu
1581 2875 1698 2934 tertiae
1721 2892 1790 2952 par·

1226 2958 1268 3018 tis
1286 2962 1523 3016 castanearum.

1264 3118 1528 3179 Memoratorium
1555 3115 1685 3176 Martini
1719 3135 1793 3195 pre-

1223 3200 1343 3279 sbyteri
1382 3205 1415 3258 et
1450 3197 1577 3258 abbatis
1621 3197 1790 3258 Ecclesiae
1871 3232 1875 3240 -

1223 3283 1256 3343 S.
1275 3281 1417 3350 Maximi,
1434 3299 1495 3358 quc
1520 3281 1589 3356 ipse
1614 3279 1713 3341 abbas
1729 3286 1793 3340 ter·

1224 3383 1276 3424 ras
1293 3381 1366 3423 cum
1383 3366 1550 3421 castaneto
1566 3360 1600 3420 in
1614 3361 1683 3420 loco
1697 3363 1793 3440 Aqol-

1222 3447 1256 3506 lo
1271 3445 1303 3504 in
1326 3444 1446 3503 linibus
1467 3442 1643 3511 Nuceriae,
1660 3443 1692 3501 in
1709 3444 1793 3503 loca·

1224 3528 1348 3588 tionem
1364 3524 1463 3585 tradit
1478 3523 1592 3584 Cicero
1617 3523 1684 3583 tilio
1709 3525 1792 3586 Cen-

1224 3608 1312 3668 nami
1338 3625 1355 3666 e
1382 3604 1524 3666 Nuceria
1547 3607 1587 3665 ad
1606 3606 1722 3664 decem
1739 3625 1793 3666 an-

1225 3708 1295 3758 nos,
1319 3706 1376 3766 pro
1400 3689 1565 3748 terratico.
1591 3686 1716 3758 Quibus
1740 3689 1794 3748 de·

1224 3771 1340 3841 cursis,
1358 3771 1385 3829 si
1401 3771 1471 3846 ipse
1489 3769 1621 3828 Cicerus
1644 3770 1694 3829 vel
1720 3771 1791 3830 eius

1224 3852 1365 3912 heredes
1382 3851 1488 3911 adhuc
1504 3851 1649 3910 retinere
1662 3858 1695 3911 et
1708 3851 1795 3912 labo-

1222 3933 1466 3994 rarevoluerint
1477 3938 1582 3991 terras
1596 3933 1791 4010 praedictas,

1226 4015 1353 4075 tertiam
1371 4021 1497 4092 partem
1514 4015 1661 4073 [erratici
1678 4023 1711 4074 et
1725 4015 1792 4074 vini

1224 4095 1405 4176 praebeant
1421 4094 1588 4155 Ecclesiae
1602 4095 1634 4155 S.
1647 4097 1791 4156 Maximi.

1264 4257 1541 4327 Memoratorium‚
1559 4275 1621 4334 quo
1638 4258 1794 4319 Sellictus

1224 4340 1310 4400 filius
1327 4338 1488 4418 quondam
1505 4337 1629 4399 Summi
1654 4341 1708 4418 qui
1732 4339 1795 4400 luit

1226 4422 1411 4501 Capuanus‚
1429 4428 1462 4480 et
1478 4419 1561 4479 Maio
1583 4420 1669 4482 silius
1692 4440 1795 4500 quon-

1224 4505 1297 4564 dam
1315 4503 1465 4564 Madelmi
1489 4519 1507 4561 e
1530 4502 1794 4564 Nuceriadecla-

1223 4590 1299 4647 rant
1328 4584 1480 4662 recipere
1511 4589 1616 4644 terras
1643 4585 1682 4645 ad
1708 4585 1795 4645 labo·

1224 4667 1343 4728 randas
1373 4673 1407 4725 et
1432 4665 1560 4725 vineam
1585 4667 1794 4745 plantandam

1225 4751 1259 4809 in
1276 4749 1345 4809 loco
1360 4745 1475 4824 duello
1497 4746 1532 4806 in
1555 4747 1674 4809 finibus
1690 4747 1796 4808 Nuce-

1225 4833 1306 4899 riae,
1331 4847 1349 4888 a
1371 4828 1508 4888 Martino
1542 4829 1733 4910 presbytero
1764 4836 1797 4890 et

1225 4911 1341 4972 abbate
1365 4910 1535 4971 Ecclesiae
1557 4913 1590 4974 S.
1606 4911 1734 4974 Maximi
1748 4912 1797 4971 ·ad

1226 4993 1341 5053 decem
1357 5011 1459 5052 annos
1474 5009 1532 5071 pro
1552 4998 1707 5052 consueto
1731 4999 1796 5053 ter-

1224 5074 1345 5144 ratic03
1365 5081 1473 5152 atque,
1491 5074 1543 5133 his
1567 5073 1716 5153 expletis,
1738 5075 1797 5133 ha-

1225 5155 1302 5214 beat
1314 5157 1383 5234 ipso
1398 5155 1540 5216 ecclesia
1552 5157 1650 5216 etiam
1665 5157 1794 5217 tertiam

1227 5243 1351 5316 partem
1379 5237 1443 5296 vini
1472 5236 1677 5298 atterratici.

1842 4096 1888 4159 Ill
1927 4099 1988 4160 102
2023 4093 2085 4158 193

1845 5239 1891 5300 ΙΙΙ
1931 5239 1991 5300 103
2024 5233 2088 5297 tat

1252 5399 1527 5471 Memoratorium‚
1541 5417 1604 5477 quo
1616 5399 1750 5461 Cicerus
1762 5399 1797 5458 li·
1890 5469 1895 5484 Ι

1225 5481 1289 5541 lius
1302 5479 1450 5540 Cinnami
1467 5499 1485 5541 e
1497 5480 1638 5542 Nuceria
1651 5481 1799 5541 declarat

1224 5561 1288 5623 sibi
1304 5563 1440 5624 traditas
1457 5579 1531 5622 esse
1547 5569 1652 5624 terras
1675 5563 1709 5622 in
1726 5562 1797 5623 loco

1225 5643 1340 5722 Auctio
1362 5643 1401 5703 ad
1426 5643 1637 5704 laborandum
1660 5663 1720 5724 per
1742 5645 1799 5704 de·

1226 5743 1297 5784 cern
1312 5743 1414 5785 annos
1427 5744 1445 5786 a
1457 5725 1593 5785 Martino
1606 5725 1796 5805 presbytero

1226 5812 1259 5866 et
1281 5805 1397 5866 abbate
1413 5807 1445 5867 S.
1463 5806 1591 5866 Maximi
1609 5807 1726 5867 iisdem
1745 5825 1799 5886 pa·

1225 5887 1299 5959 ctis,
1314 5897 1349 5948 ut
1364 5891 1397 5947 in
1413 5888 1597 5951 Summario
1610 5887 1798 5951 CCCLllllI.

1845 5889 1892 5951 Ill
1931 5889 1993 5952 tot
2025 5887 2086 5952 197
