5252 7102
616 599 679 663 334
1290 585 1455 659 CODEX
1497 586 1730 662 clvullsls

571 830 659 912 gata
681 845 785 912 pena.
810 829 1046 896 verumtamen
1070 830 1304 916 unusquisque
1326 830 1401 916 ipse
1424 830 1529 900 sortis
1545 832 1837 918 compreensimus
1852 833 1943 903 inter
1959 853 2033 916 nos,
2052 836 2307 922 qualiternunc
2323 836 2424 906 modo

570 978 731 1047 edificate
754 982 848 1060 sunt,
873 981 908 1048 01
931 981 970 1047 10
991 982 1095 1049 00100
1109 980 1236 1049 ibidem
1252 999 1273 1049 a
1288 981 1373 1048 toris
1389 983 1472 1050 istut
1487 982 1651 1052 edificare
1666 984 1878 1052 boluerimus
1892 1002 1971 1054 cum
1988 983 2063 1055 bice
2077 985 2121 1054 de
2137 985 2210 1072 1000
2225 987 2281 1055 bie
2295 989 2332 1055 et
2347 988 2425 1073 ipsa

569 1127 691 1198 andita
714 1147 789 1209 sua,
815 1131 850 1197 01
863 1129 1011 1198 firmiter
1028 1131 1123 1198 omni
1139 1131 1296 1216 tempore
1310 1131 1389 1200 illut
1405 1135 1572 1202 abeamus
1588 1135 1622 1203 et
1637 1132 1886 1219 possideamus,
1904 1135 1995 1205 01001
2010 1136 2120 1205 etillo
2136 1138 2223 1206 01101
2239 1157 2305 1224 000
2320 1157 2426 1225 00000

569 1281 733 1361 diximus
760 1300 822 1368 per
844 1283 1046 1368 supradicta
1068 1282 1195 1370 guadia
1217 1287 1252 1351 et
1267 1286 1422 1372 obligata
1437 1303 1541 1372 pena.
1558 1287 1593 1355 et
1608 1287 1702 1356 hunc
1717 1289 1856 1356 brebem
1871 1288 1996 1375 scripsi
2011 1307 2078 1374 ego
2093 1289 2250 1359 ademari
2266 1292 2426 1359 notarius

570 1433 630 1517 qui
652 1433 806 1500 interlui.
833 1434 1070 1501 verumtamen
1092 1451 1133 1502 oo
1155 1433 1387 1522 recordamus,
1414 1436 1496 1522 quia
1518 1435 1612 1503 dedit
1634 1436 1735 1504 modo
1757 1435 1845 1504 mihi
1869 1438 1942 1523 ipse
1964 1455 2153 1524 germanus
2169 1458 2267 1508 meus
2281 1440 2424 1509 sidecim

571 1575 649 1652 auri
676 1585 741 1652 tari
758 1602 823 1671 pro
847 1587 923 1670 ipsa
944 1586 1097 1654 sortione
1119 1604 1185 1654 sua
1207 1586 1266 1672 qui
1289 1589 1341 1658 est
1363 1590 1594 1658 remeliorata.
1621 1589 1656 1656 at
1678 1606 1747 1674 ego
1770 1589 1929 1674 superius
1951 1588 2064 1660 dictus
2087 1590 2244 1659 ademari
2268 1591 2424 1661 notarius

569 1740 739 1809 subiunsi.

628 1865 868 1980 †wffim

628 2015 658 2130 †
680 2061 747 2129 ego
763 2043 920 2114 alderissi
937 2045 1094 2113 notarius
1109 2059 1165 2116 me
1180 2044 1369 2130 subscripsi

629 2169 659 2283 †
681 2214 748 2282 ego
763 2195 942 2265 lamfreda.

1290 2775 1292 2780 .
1364 2715 1652 2798 CCCCLII.

1366 2962 1421 3039 A.
1458 2963 1509 3040 D.
1547 2958 1650 3040 992.

624 3221 660 3358 †
677 3277 718 3340 In
731 3273 871 3341 nomine
884 3271 1015 3339 domini
1033 3287 1125 3338 nono
1140 3286 1233 3338 anno
1248 3269 1464 3357 principatus
1478 3267 1597 3336 domni
1613 3269 1723 3337 nostri
1740 3269 1882 3337 iohanni
1897 3273 1933 3339 et
1947 3273 2072 3356 quarto
2088 3288 2181 3339 anno
2205 3272 2421 3358 principatus

566 3422 686 3490 domni
702 3420 889 3508 guaimarii
905 3423 979 3491 eius
993 3421 1078 3500 filio,
1096 3439 1214 3489 mense
1229 3420 1333 3488 iulius
1356 3418 1480 3506 quinta
1496 3417 1694 3486 indictione.
1713 3420 1990 3488 memoratorium
2004 3421 2098 3490 10010
2115 3440 2137 3490 0
2154 3441 2210 3490 00
2233 3441 2420 3490 cennamus

567 3575 737 3660 presbiter
752 3576 786 3643 01
802 3576 904 3643 abbas
918 3573 1062 3641 00010010
1076 3571 1185 3642 sancti
1200 3573 1362 3652 maximi,
1380 3571 1526 3658 eoquod
1543 3573 1625 3639 0010
1640 3571 1826 3657 subscripti
1840 3573 1944 3640 100100
1961 3590 2025 3657 000
2041 3575 2132 3640 bona
2154 3575 2417 3649 combenientia,

567 3745 639 3795 una
654 3743 787 3794 mecum
805 3725 942 3793 adesset
956 3724 1064 3811 guido
1079 3723 1272 3792 casteldeus
1288 3724 1349 3808 qui
1364 3725 1416 3791 001
1432 3721 1618 3790 adbocator
1641 3726 1676 3790 et
1699 3739 1806 3788 unum
1822 3721 1864 3790 de
1880 3721 2025 3791 dominii
2048 3722 2155 3808 ipsius
2178 3727 2335 3804 ecclesie,
2354 3729 2420 3791 tra·

565 3877 639 3946 didi
654 3878 745 3964 petri
761 3879 848 3947 liber
864 3895 953 3958 omo,
971 3877 1031 3963 qui
1048 3878 1115 3946 suit
1130 3897 1174 3947 ex
1190 3894 1319 3961 genere
1335 3878 1546 3954 francorum,
1564 3874 1606 3945 de
1621 3877 1715 3944 terra
1735 3875 1884 3946 deintus
1900 3895 1967 3946 ano
1981 3879 2233 3945 salernitanam
2249 3877 2418 3948 cibitaiem

564 4032 796 4116 pertinentem
813 4030 923 4117 ipsius
938 4031 1083 4100 ecclesie
1099 4031 1136 4097 in
1151 4031 1228 4114 ipso
1243 4029 1341 4114 plaiu
1358 4047 1380 4095 a
1394 4047 1499 4114 super
1514 4027 1601 4096 casis
1617 4029 1725 4113 ipsius
1741 4029 1903 4108 ecclesie,
1921 4029 1981 4096 ubi
1996 4047 2088 4099 nunc
2110 4032 2171 4100 ille
2193 4049 2310 4100 casam
2327 4033 2419 4100 0010-

565 4185 679 4250 catam
695 4183 773 4250 abet
788 4199 852 4266 per
875 4200 951 4250 mea
973 4182 1126 4262 licentia,
1145 4201 1207 4267 per
1222 4198 1262 4250 eo
1277 4181 1358 4249 finis
1373 4184 1407 4251 et
1422 4182 1609 4249 mensuria:
1628 4199 1746 4266 apars
1769 4181 1912 4250 orientis
1934 4182 2002 4250 fine
2024 4183 2132 4267 ipsius
2154 4183 2316 4263 ecclesie,
2341 4188 2418 4251 0001

563 4332 645 4401 1000
660 4333 768 4419 00000
783 4332 981 4438 quindecim
996 4335 1032 4401 01
1046 4333 1240 4402 summisse:
1253 4350 1275 4399 a
1286 4349 1369 4418 pars
1385 4333 1530 4401 meridie
1541 4333 1700 4402 similiter
1711 4333 1782 4402 000
1792 4331 1904 4419 100100
1915 4333 2069 4414 ecclesie,
2084 4337 2120 4401 et
2133 4333 2307 4404 10000001
2319 4333 2417 4420 pedes

562 4487 712 4572 triginta
724 4488 852 4573 septem
865 4490 901 4556 01
911 4488 1106 4556 summisse:
1121 4505 1238 4572 apars
1254 4486 1440 4555 occidentis
1450 4487 1521 4555 000
1532 4488 1643 4572 ipsius
1654 4487 1811 4569 00010010,
1827 4488 1953 4557 atinde
1966 4491 2046 4556 0001
2058 4487 2161 4574 pedes
2173 4487 2303 4573 biginti
2314 4505 2414 4553 0000

562 4639 597 4703 01
612 4639 803 4706 summisse:
821 4655 843 4704 a
858 4655 939 4723 pars
954 4636 1243 4723 septemtrionalis
1258 4636 1419 4704 similiter
1435 4637 1505 4704 000
1520 4636 1630 4721 100100
1645 4638 1800 4717 ecclesie,
1815 4638 1942 4708 atinde
1958 4641 2040 4707 sunt
2061 4638 2166 4725 pedes
2189 4639 2254 4707 alii
2272 4637 2414 4723 triginta

561 4793 693 4876 septem
710 4793 745 4858 et
759 4789 954 4870 summisse,
973 4792 1082 4858 totum
1097 4793 1335 4861 mensuratum
1351 4789 1394 4858 ad
1410 4767 1502 4859 iusta
1517 4809 1659 4860 manum
1676 4792 1796 4861 00101.
1814 4809 1853 4859 ec
1868 4809 1950 4861 vero
1967 4791 2126 4877 predicta
2141 4795 2247 4870 terra,
2267 4793 2411 4878 qualiter

562 4941 724 5027 superius
739 4942 821 5010 finis
836 4943 948 5028 posite
962 4947 1044 5012 sunt
1059 4947 1094 5011 01
1109 4944 1288 5012 00000010
1309 4944 1386 5029 ipsa
1401 4943 1585 5028 percurrit,
1604 4943 1761 5012 inclitum
1777 4943 1854 5012 illut
1868 4944 1902 5012 ei
1917 4943 2139 5012 tradidimus:
2163 4943 2413 5029 sceptuabimus

449 5121 456 5130 ·
560 5093 634 5180 ipso
651 5094 856 5181 applictum,
871 5095 961 5181 quod
975 5113 1082 5180 usque
1096 5098 1208 5164 tribus
1222 5097 1305 5163 anni
1321 5097 1441 5164 100000
1456 5095 1555 5164 debet
1567 5097 1621 5164 100
1633 5095 1779 5164 01001000
1795 5097 1886 5164 01100
1902 5095 2044 5164 iohanni
2059 5096 2255 5182 presbiteri.
2270 5095 2315 5164 ad
2327 5113 2412 5162 oom-

558 5245 644 5331 pleti
661 5247 728 5333 ipsi
743 5247 855 5315 tribus
870 5246 954 5316 anni
970 5247 1082 5317 licead
1099 5247 1197 5317 illum
1213 5247 1294 5319 inde
1309 5250 1431 5317 tollere
1446 5247 1558 5316 omnis
1574 5247 1780 5335 lingnamen
1795 5250 1830 5318 et
1845 5248 1968 5316 inclita
1983 5249 2062 5334 ipsa
2077 5251 2173 5319 terra
2194 5250 2354 5317 rebertar
2370 5245 2410 5314 ad

558 5402 729 5485 potestate
744 5399 892 5487 predicti
908 5402 1012 5487 petri.
1030 5401 1126 5473 Unde
1142 5418 1205 5488 pro
1224 5401 1344 5470 taliter
1359 5401 1485 5488 guadia
1499 5399 1588 5469 mihi
1602 5399 1699 5469 dedit
1713 5402 1749 5470 at
1763 5399 1989 5470 mediatorem
2005 5399 2091 5467 mihi
2106 5399 2221 5486 posuit
2243 5417 2282 5468 00
2305 5399 2412 5484 ipsum

566 5552 630 5620 tali
645 5551 779 5632 ordine,
805 5555 841 5620 ut
864 5551 988 5622 amodo
1004 5555 1039 5622 et
1055 5571 1161 5640 usque
1184 5553 1311 5639 biginti
1335 5554 1412 5620 octo
1434 5551 1516 5621 anni
1539 5551 1703 5637 completi
1725 5549 1836 5620 licead
1860 5552 1958 5619 illum
1974 5550 2097 5619 eteius
2119 5548 2241 5619 eredes
2255 5552 2292 5618 01
2306 5546 2413 5616 00100

565 5722 667 5790 0000
684 5703 810 5774 ibidem
827 5705 997 5786 miserint,
1007 5705 1163 5792 predicta
1177 5709 1299 5776 nostra
1314 5704 1521 5774 tradictione
1537 5721 1598 5790 per
1614 5702 1814 5790 supradicte
1829 5703 1910 5771 0010
1926 5699 2149 5771 0100000010
2165 5696 2414 5788 0000010010ῑί0

567 5857 685 5927 tenere
700 5860 735 5924 et
750 5855 943 5936 dominare,
957 5858 992 5926 01
1002 5856 1129 5926 ibidem
1140 5857 1293 5928 residere
1309 5859 1343 5927 et
1358 5857 1503 5937 abitare,
1517 5855 1749 5926 0100010000
1763 5853 1924 5923 utilitatis
1940 5853 2067 5923 ibidem
2078 5853 2208 5940 tacere3
2220 5853 2255 5922 et
2271 5869 2332 5936 per
2347 5863 2415 5915 om·
