5286 7098
1037 582 1404 656 ulPLOllaTlClls

1097 1035 1350 1116 CCXCV.

1086 1279 1141 1354 A.
1179 1277 1230 1355 D.
1267 1276 1371 1356 977.

358 1522 763 1660 †1nnommedomini
787 1571 1057 1658 quadragesimo
1080 1573 1201 1658 quinto
1225 1591 1315 1640 anuo
1338 1572 1553 1666 principatus
1575 1574 1693 1643 domni
1723 1579 1833 1644 nostri
1858 1579 1974 1663 gisolfi
2003 1582 2148 1666 gloriosi

294 1725 463 1810 principis
479 1727 514 1792 ct
528 1693 632 1792 tertio
648 1743 742 1794 anno
759 1725 978 1812 principatus
993 1725 1117 1792 domne
1133 1743 1270 1812 gemme
1287 1743 1396 1793 uxore
1412 1725 1486 1794 eius
1502 1730 1537 1795 et
1558 1726 1675 1795 domni
1699 1728 1839 1814 paldolli
1856 1733 1973 1816 optato
1996 1733 2069 1802 filio
2093 1752 2151 1803 eo·

295 1897 382 1957 rum,
408 1897 527 1948 meuse
549 1882 693 1965 agustus
716 1879 838 1965 quinta
860 1879 1061 1949 indictione.
1097 1880 1379 1948 memoratorium
1403 1881 1496 1948 factu
1520 1900 1542 1948 a
1564 1900 1620 1949 me
1643 1882 1810 1950 martinus
1838 1887 2008 1968 presbiter
2033 1891 2066 1954 et
2089 1890 2153 1956 ab·

300 2033 356 2100 bos
378 2030 521 2100 ecclesie
536 2031 645 2098 sancti
661 2032 827 2111 messim,
844 2051 913 2100 una
929 2051 1063 2102 mecum
1080 2035 1161 2102 exet
1175 2033 1401 2118 truppoaldus
1417 2033 1589 2102 castaldus
1605 2033 1843 2102 advocatorem
1861 2053 1975 2102 meum
1993 2041 2027 2103 et
2044 2057 2151 2105 unum

298 2180 339 2249 de
354 2179 498 2248 dominii
515 2184 624 2267 ipsius
648 2184 804 2262 ecclesie,
822 2202 863 2251 eo
878 2183 968 2268 quod
985 2185 1065 2251 ante
1088 2185 1273 2269 subscripti
1298 2186 1402 2252 testes
1425 2203 1489 2268 per
1511 2188 1602 2251 bona
1625 2186 1877 2255 combenientia
1900 2187 2030 2271 guadia
2052 2191 2152 2258 nobis

303 2331 472 2400 dederunt
494 2334 664 2402 iohannes
687 2334 858 2419 presbiter
880 2335 974 2402 filius
997 2335 1101 2412 leoni,
1119 2337 1155 2401 et
1168 2334 1337 2438 iohannes
1359 2335 1453 2402 filius
1468 2335 1638 2420 quondam
1656 2335 1817 2404 iohannis
1834 2337 1907 2406 vice
1929 2356 1992 2406 sua
2017 2343 2051 2408 et
2079 2339 2155 2408 vice

301 2486 447 2571 iaquinti
464 2486 582 2554 clerici
606 2487 767 2571 germani
790 2487 857 2566 sui,
881 2491 916 2556 et
938 2487 1144 2556 mediatores
1167 2488 1267 2554 nobis
1290 2489 1480 2572 posuerunt
1502 2507 1540 2555 se
1561 2487 1659 2574 ipsis;
1683 2491 1718 2555 et
1741 2507 1804 2596 per
1827 2489 1904 2573 ipsa
1926 2490 2055 2573 guadia
2071 2493 2156 2558 obli-

300 2639 475 2736 gaberunt
491 2655 527 2704 se
554 2637 693 2722 suisque
719 2636 903 2710 heredibus
926 2637 1048 2705 amodo
1070 2641 1104 2707 et
1128 2639 1221 2704 omni
1244 2640 1400 2722 tempore
1423 2639 1541 2708 tenere
1557 2637 1600 2704 ad
1616 2657 1712 2706 suam
1729 2640 1933 2724 potestatem
1950 2639 2072 2706 inclita
2087 2660 2156 2708 me-

301 2781 463 2854 dietatem
487 2789 584 2853 terra
607 2805 685 2854 cum
710 2789 889 2855 arbustum
906 2787 1016 2872 ipsius
1032 2788 1174 2857 ecclesie
1197 2787 1240 2854 de
1262 2789 1376 2854 locum
1398 2789 1509 2855 tisano
1531 2788 1657 2857 linibus
1681 2793 1818 2857 rotense
1842 2790 1932 2857 infra
1953 2808 1993 2856 cc
2016 2791 2096 2858 finis
2119 2795 2153 2859 et

303 2940 489 3006 mensurio.
507 2937 550 3006 de
565 2957 669 3024 super
686 2943 786 3026 parte
801 2941 869 3009 tine
883 2941 941 3007 via
956 2940 1108 3026 pulbica,
1127 2944 1179 3008 est
1193 2939 1273 3009 inde
1287 2959 1408 3026 passos
1425 2942 1608 3026 sexaginta
1622 2945 1657 3010 et
1672 2941 1708 3008 iu
1723 2941 1836 3009 medio
1852 2944 1927 3009 loco
1942 2947 1994 3010 est
2011 2942 2155 3010 latitudo

303 3105 422 3174 passos
445 3089 699 3176 quinquaginta
721 3089 913 3176 quadtuor;
938 3089 1038 3158 etde
1060 3091 1177 3158 subter
1200 3092 1299 3175 parte
1322 3090 1391 3158 fine
1413 3090 1483 3158 alia
1505 3091 1563 3157 bia
1585 3093 1734 3176 pulbica,
1754 3093 1806 3160 est
1829 3091 1909 3158 inde
1932 3109 2051 3176 passos
2075 3111 2159 3176 qua-

305 3239 472 3326 draginta
498 3241 689 3326 quadtuor:
715 3239 758 3308 de
781 3241 849 3308 alie
872 3240 1004 3308 duobus
1026 3241 1184 3325 partibus
1207 3241 1276 3308 llne
1299 3240 1455 3324 predicte
1477 3242 1631 3320 ecclesie,
1657 3244 1760 3309 otest
1783 3260 1845 3326 per
1868 3241 2033 3326 singuula
2056 3245 2157 3326 parte

305 3409 374 3458 ana
394 3409 518 3476 passos
540 3396 680 3458 centum
704 3392 854 3476 triginta
876 3393 953 3457 octo
977 3391 1021 3460 ad
1046 3391 1136 3460 iusto
1159 3379 1301 3476 passum
1325 3391 1432 3458 omini
1449 3393 1697 3460 mensuratum.
1717 3392 1808 3458 intra
1823 3392 1898 3476 ipse
1913 3392 1994 3459 finis
2010 3397 2044 3459 et
2065 3411 2162 3460 men-

308 3544 398 3612 surie
421 3545 541 3612 inclita
563 3546 641 3630 ipsa
664 3543 885 3613 medietatem
909 3549 1079 3623 tenerent,
1105 3545 1195 3629 quod
1219 3547 1351 3630 petrus,
1370 3544 1426 3629 qui
1451 3545 1516 3612 suit
1538 3563 1727 3629 germanus
1751 3545 1861 3630 ipsius
1876 3546 2038 3614 iohannis
2062 3546 2161 3630 geni-

309 3697 366 3761 tor
380 3693 614 3779 predictorum
630 3696 794 3764 iohannis
809 3697 843 3764 et
857 3696 1004 3782 iaquinti
1019 3697 1149 3776 clerici,
1168 3696 1364 3781 pastenabit
1380 3697 1473 3784 infra
1489 3697 1563 3781 ipse
1579 3695 1670 3773 finis,
1689 3698 1723 3764 et
1745 3696 1942 3764 annualiter
1959 3659 2036 3780 ipso
2057 3699 2160 3764 arbu-

311 3849 401 3916 stum
424 3849 639 3934 temporibus
662 3850 735 3917 suis
756 3851 994 3936 propaginare
1016 3851 1106 3919 sicut
1130 3849 1308 3928 meruerit,
1334 3851 1369 3916 et
1392 3851 1535 3916 arbores
1551 3844 1592 3915 ‘et
1615 3850 1703 3916 vites
1726 3851 1936 3934 plantarent,
1963 3850 2063 3916 etsie
2086 3851 2163 3934 ipso

308 4003 481 4069 arbustum
505 4003 613 4068 totum
637 4003 838 4088 laborarent
852 4005 887 4072 et
902 4004 1076 4072 cultarent
1098 4002 1260 4086 desuper
1277 4003 1311 4069 ct
1326 4001 1370 4068 de
1384 4003 1514 4080 subter;
1535 4001 1623 4068 sicut
1639 4003 1732 4068 locus
1755 4002 1830 4086 ipse
1846 4002 2011 4068 meruerit
2024 4003 2063 4067 ut
2079 4002 2163 4069 bene

308 4153 442 4238 paread
465 4155 661 4222 laboratum
684 4156 719 4223 et
742 4155 921 4229 cultatum,
937 4159 1105 4240 quatenus
1128 4154 1312 4244 proficiant
1334 4155 1369 4220 et
1391 4170 1462 4219 non
1484 4151 1694 4238 dispereant,
1712 4155 1747 4220 et
1768 4170 1827 4218 eos
1848 4151 2021 4219 eluderent
2043 4153 2079 4217 et
2094 4152 2160 4218 sal-

314 4304 393 4370 bum
416 4304 578 4384 facerent,
605 4307 640 4372 et
662 4323 725 4389 per
740 4305 914 4372 bindemie
930 4305 1062 4372 faciant
1084 4321 1148 4371 nos
1170 4304 1271 4382 scire,
1297 4305 1335 4370 ut
1357 4302 1553 4387 dirigamus
1576 4302 1702 4370 ibidem
1726 4301 1867 4392 missum
1892 4301 2044 4367 nostrum
2068 4302 2103 4367 et
2127 4303 2168 4367 il-

311 4454 354 4522 lis
376 4455 453 4539 ipso
475 4457 652 4522 arbustum
676 4455 941 4532 bindemiarent,
961 4456 1050 4522 sicut
1066 4457 1243 4533 meruerit,
1262 4457 1298 4522 et
1319 4471 1421 4539 poma
1443 4457 1477 4523 et
1499 4454 1580 4521 nuci
1603 4452 1729 4521 euinde
1753 4453 1928 4539 colligere,
1948 4455 1983 4519 et
1999 4454 2166 4536 quantum

309 4606 430 4673 uinum
452 4607 580 4676 exinde
601 4608 728 4676 exierit
743 4609 777 4678 et
799 4625 901 4694 poma
923 4610 959 4675 et
981 4609 1061 4675 nuci
1085 4607 1212 4675 exinde
1235 4608 1436 4686 collesserit,
1463 4625 1525 4691 per
1548 4605 1700 4674 medium
1724 4606 1839 4691 ibique
1862 4605 2057 4675 dividerent
2079 4623 2163 4674 eos:

310 4756 455 4826 missum
476 4761 633 4825 nostrum
656 4758 783 4826 tollant
805 4777 863 4826 eos
885 4751 1117 4834 medietatem,
1136 4759 1171 4824 et
1186 4757 1255 4826 illis
1278 4755 1511 4833 medietatem,
1537 4755 1580 4822 ad
1595 4754 1817 4823 dividendum
1833 4756 1911 4823 illut
1927 4755 2019 4823 inter
2042 4757 2169 4840 seipse

314 4911 484 4990 presbiter
506 4907 694 4976 tollendum
718 4911 752 4976 et
774 4908 943 4978 abendam
967 4907 1049 4976 inde
1070 4907 1301 4985 medietatem,
1326 4909 1361 4974 et
1383 4907 1451 4993 ipsi
1476 4907 1637 4993 germani
1661 4907 1892 4986 medietatem,
1912 4909 1946 4974 et
1967 4905 2092 4974 darent
2107 4924 2168 4973 an-

311 5063 460 5132 nualiter
475 5063 520 5131 ad
536 5081 620 5148 pars
638 5065 757 5130 nostre
771 5062 914 5131 ecclesie
930 5063 1133 5131 terraticum
1156 5061 1344 5130 secundum
1367 5059 1614 5130 consuetudine
1637 5059 1679 5128 de
1703 5062 1779 5145 ipso
1802 5063 1914 5127 locum
1937 5057 1980 5125 de
2004 5056 2093 5142 quod
2116 5075 2170 5126 se-

317 5181 504 5284 minaberit
525 5215 563 5282 iu
586 5215 662 5300 ipso
686 5217 875 5284 arbustum.
900 5217 935 5285 et
957 5215 1040 5284 dum
1064 5216 1168 5284 fuerit
1190 5214 1318 5283 ibidem
1343 5213 1485 5282 missum
1508 5216 1665 5282 nostrum
1681 5229 1746 5297 pro
1762 5209 1998 5296 recipiendum
2015 5210 2092 5294 ipsa
2108 5227 2169 5276 no-

314 5371 390 5434 stra
404 5368 569 5448 sortione,
588 5368 661 5436 illis
675 5386 752 5436 eum
769 5369 912 5446 notrire,
931 5367 1118 5437 secuudum
1140 5385 1204 5436 sua
1226 5367 1456 5452 possibilitate
1472 5368 1507 5433 et
1521 5365 1594 5433 eius
1610 5363 1714 5432 luerit
1729 5379 1901 5440 mensura,
1916 5361 1952 5430 et
1972 5361 2172 5433 annualiter

315 5520 517 5589 conciarent
531 5537 722 5605 organeum
738 5521 894 5588 nostrum
917 5520 1008 5604 quod
1031 5521 1117 5606 aput
1139 5539 1175 5590 se
1197 5522 1312 5599 abunt,
1338 5521 1373 5588 et
1395 5536 1565 5604 reponere
1588 5517 1686 5584 illum
1711 5515 1746 5582 in
1770 5533 1851 5583 casa
1873 5532 1936 5584 sua
1957 5514 2085 5583 ibidem
2109 5517 2168 5584 ubi

314 5671 534 5750 abitaberint‚
553 5673 589 5739 et
604 5671 682 5757 ipsa
696 5675 817 5741 nostra
831 5673 985 5743 sortione
998 5671 1041 5740 de
1055 5673 1130 5758 ipso
1142 5672 1260 5740 vinum
1276 5669 1405 5738 ibidem
1420 5669 1554 5746 mitere,
1573 5670 1608 5735 et
1623 5668 1756 5735 salbum
1780 5667 1893 5736 lacere
1914 5667 2040 5752 absque
2062 5666 2167 5751 dege·

315 5821 494 5889 ueratione
517 5823 551 5889 et
574 5824 692 5909 logne,
718 5821 827 5894 donec
849 5822 930 5892 iude
946 5822 1025 5892 illut
1038 5821 1260 5901 adducamus,
1279 5822 1314 5890 et
1329 5820 1446 5889 omnia
1461 5818 1701 5904 suprascripta
1723 5817 1941 5903 adinplerent
1963 5817 2037 5902 ipse
2052 5817 2173 5886 iohan—
2256 5804 2261 5812 ’

529 5945 594 5991 Τοι.
608 5947 640 5992 ll.
2013 5945 2039 5988 lt
