5216 7092
974 543 1346 620 lllPLOMhTIGUS
1984 567 2038 628 171

229 788 327 874 boni;
343 789 379 855 et
394 806 456 872 per
472 787 547 872 ipsa
562 786 695 872 guadia
710 786 904 872 hobligabit
919 804 957 853 se
979 786 1055 870 ipse
1077 784 1224 854 domnus
1246 789 1365 868 abbas,
1384 791 1419 858 et
1441 790 1512 860 suis
1534 793 1788 862 successoribus
1811 796 1845 862 et
1868 741 1952 880 pars
1973 797 2085 881 ipsius

227 938 372 1008 ecclesie
388 938 568 1008 defensare
583 938 670 1006 mihi
686 940 823 1024 meique
841 938 1026 1006 heredibus
1042 939 1116 1005 tota
1131 941 1372 1026 suprascripta
1388 941 1594 1012 tradictione
1617 963 1695 1013 cum
1722 947 1794 1014 bico
1816 945 1859 1015 de
1881 947 1939 1014 bia
1960 966 2023 1016 sua
2041 953 2087 1024 ,ab

229 1090 389 1158 omnibus
404 1089 602 1160 hominibus
617 1091 777 1175 omnique
792 1091 961 1176 partibus
981 1091 1015 1159 et
1030 1107 1102 1157 non
1117 1108 1176 1158 eos
1191 1089 1290 1160 nobis
1307 1093 1429 1162 tollere
1444 1097 1504 1161 aut
1518 1097 1690 1176 contraro,
1709 1097 1791 1165 dum
1807 1067 1914 1184 usque
1929 1118 1993 1167 nos
2009 1101 2088 1168 illut

227 1249 346 1316 tenere
360 1249 396 1312 et
412 1247 571 1312 laborare
584 1245 797 1312 voluerimus
818 1246 852 1314 et
874 1246 1003 1313 nostris
1027 1245 1223 1314 heredibus.
1242 1245 1331 1332 quod
1356 1245 1385 1316 si
1408 1249 1524 1339 taliter
1547 1250 1675 1328 omnia,
1694 1253 1733 1318 ut
1756 1251 1916 1337 superius
1938 1254 2080 1338 legitur,

227 1395 303 1481 ipse
324 1395 471 1462 domnus
486 1397 589 1464 abbas
604 1397 640 1464 et
656 1414 739 1481 pars
754 1396 864 1480 ipsius
888 1397 1031 1466 ecclesie
1057 1389 1157 1465 nobis
1179 1399 1375 1485 nostrisque
1397 1400 1579 1469 heredibus
1602 1417 1671 1468 non
1694 1401 1937 1488 adimpleverit
1962 1405 1996 1472 et
2021 1403 2115 1472 ali·-

226 1549 303 1633 quit
317 1547 446 1616 exinde
461 1548 725 1628 contradixerit,
744 1551 827 1618 tunc
844 1568 906 1635 per
922 1551 997 1636 ipsa
1013 1551 1144 1635 guadia
1162 1552 1333 1635 obligabit
1354 1571 1392 1621 se
1415 1570 1561 1639 suosque
1584 1573 1798 1624 successores
1821 1559 1856 1622 et
1879 1575 1962 1642 pars
1977 1557 2086 1644 ipsius

225 1703 371 1770 ecclesie
387 1719 595 1786 componere
609 1701 709 1769 nobis
724 1703 918 1787 nostrisque
934 1702 1128 1780 heredibus,
1148 1705 1207 1770 aut
1223 1704 1278 1770 cui
1304 1706 1443 1772 brebem
1467 1705 1531 1774 iste
1555 1707 1630 1774 bice
1653 1709 1772 1774 nostra
1795 1708 1831 1774 in
1856 1725 1998 1775 manum
2021 1728 2084 1795 pa-

224 1852 347 1932 ruerit,
373 1853 521 1936 triginta
535 1853 611 1919 auri
628 1851 755 1922 solidos
770 1854 1016 1921 constantinos.
1036 1857 1071 1922 et
1086 1856 1179 1927 hunc
1195 1856 1332 1922 brebem
1359 1857 1482 1924 scribsi
1509 1873 1576 1941 ego
1591 1856 1813 1942 aghenardos
1838 1859 1997 1926 notarius
2023 1861 2082 1944 qui

225 2005 379 2073 interfui.

285 2130 314 2242 Τ
330 2177 396 2244 ego
412 2159 471 2244 qui
486 2177 590 2244 supra
605 2157 773 2229 martinus
787 2160 959 2245 presbiter
974 2163 1009 2230 et
1025 2163 1115 2228 abba

284 2283 394 2396 †ego
409 2313 599 2397 guaiferius
615 2313 674 2397 qui
690 2329 797 2398 supra

283 2436 312 2550 †
327 2483 394 2550 ego
410 2465 587 2534 mirandus
604 2467 761 2534 notarius
778 2486 833 2536 me
847 2469 1035 2554 subscripsi

283 2591 311 2703 †
326 2636 392 2703 ego
409 2637 510 2688 ursus
526 2637 580 2687 me
595 2620 783 2704 subscripsi

286 2742 315 2855 †
330 2788 397 2855 ego
413 2771 568 2839 ioannes,

1017 3326 1314 3406 CCCXLII.

1018 3572 1073 3648 A.
1110 3571 1162 3647 D.
1199 3567 1303 3647 982.

282 3824 371 3962 †ln
388 3877 529 3944 nomine
552 3876 682 3943 domini
706 3878 818 3960 primo
842 3895 935 3944 anno
961 3877 1176 3962 principatus
1193 3875 1310 3942 domni
1327 3875 1438 3942 nostri
1454 3875 1614 3943 mansoni
1636 3881 1671 3943 et
1694 3874 1813 3943 domni
1837 3871 1983 3962 iohanni
2007 3877 2080 3945 eius

219 4027 294 4094 lilio
311 4029 454 4113 gloriosi
470 4029 699 4114 principibus,
720 4048 836 4098 mense
852 4030 991 4114 magius
1008 4029 1143 4097 decima
1158 4028 1358 4096 indictione.
1374 4027 1656 4096 memoratorium
1675 4029 1766 4094 lactu
1783 4047 1805 4095 a
1820 4048 1875 4096 me
1890 4030 2079 4113 stephanus

107 4249 110 4256 ,
219 4181 294 4248 filio
321 4181 482 4266 petrico
505 4181 593 4267 quod
618 4185 698 4266 ante
721 4182 907 4266 subscripti
922 4183 1027 4249 testes
1050 4201 1110 4266 per
1136 4183 1221 4246 bona
1236 4180 1490 4247 combenientia
1512 4179 1659 4247 tradidit
1681 4181 1766 4246 mihi
1790 4179 1935 4248 domnus
1960 4180 2083 4247 marti-

217 4352 287 4401 nus
312 4336 523 4404 venerabilis
537 4335 707 4419 presbiter
723 4338 757 4401 et
774 4336 877 4401 abbas
892 4334 1035 4407 ecclesie
1051 4335 1162 4402 sancti
1179 4332 1323 4400 maximi
1347 4350 1418 4400 una
1441 4351 1519 4399 cum
1535 4333 1723 4411 walterius,
1743 4335 1800 4418 qui
1824 4337 1876 4401 est
1897 4333 2081 4400 adbocator

217 4488 295 4556 eius
319 4491 355 4556 et
371 4507 476 4554 unum
500 4487 542 4553 de
565 4486 709 4553 dominii
734 4486 843 4571 ipsius
866 4485 1022 4565 ecclesie,
1048 4485 1091 4553 de
1117 4489 1214 4553 terra
1240 4487 1350 4552 bacua
1376 4487 1486 4570 ipsius
1513 4483 1654 4553 ecclesie
1680 4485 1894 4569 pertinentes
1920 4483 1963 4552 de
1988 4483 2082 4551 intus

218 4641 311 4704 hanc
327 4639 579 4706 salernitanam
597 4639 773 4743 cibitatem
790 4658 811 4706 a
827 4641 946 4706 subtus
963 4640 1088 4723 platea,
1108 4640 1167 4723 qui
1184 4639 1303 4723 pergit
1317 4639 1420 4705 subtu
1436 4637 1514 4722 ipsa
1534 4637 1680 4704 ecclesia
1696 4653 1759 4720 per
1775 4654 1814 4702 as
1830 4635 1910 4704 finis
1933 4638 1968 4702 et
1984 4652 2080 4701 men·

220 4790 319 4856 snrie
336 4792 415 4857 illut
431 4790 518 4857 mihi
534 4789 681 4856 tradidit
696 4812 705 4856 :
723 4790 884 4875 desuper
900 4793 1011 4875 parte,
1026 4792 1116 4858 sicut
1129 4791 1343 4875 aliquantum
1359 4789 1582 4856 fundamento
1597 4788 1638 4856 de
1654 4788 1785 4873 pariete
1801 4788 1942 4873 antiquo
1954 4786 2082 4855 discer-

218 4941 286 5020 nit,
304 4946 384 5010 sunt
399 4940 527 5009 exinde
542 4941 647 5026 pedes
666 4942 811 5026 triginta
827 4943 1000 5027 quinque:
1019 4942 1212 5026 apartibus
1236 4940 1424 5046 occidentis
1439 4941 1509 5008 fine
1526 4941 1594 5020 bia,
1618 4944 1652 5009 et
1675 4939 1756 5008 inde
1785 4941 1866 5007 sunt
1892 4938 1996 5023 pedes
2020 4937 2081 5002 tri·

219 5095 324 5178 ginta
340 5094 387 5161 da
402 5095 478 5179 ipso
494 5097 627 5180 pariete
643 5095 679 5160 in
696 5098 808 5182 subto;
826 5095 869 5163 de
886 5097 956 5163 alia
972 5097 1072 5182 parte
1088 5097 1158 5163 fine
1173 5095 1283 5181 ipsius
1299 5096 1456 5174 ecclesie,
1476 5099 1511 5163 et
1526 5095 1607 5163 inde
1622 5095 1727 5179 pedes
1742 5093 1889 5177 triginta
1905 5091 2056 5175 quinque
2070 5108 2078 5152 ε
2181 5180 2183 5184 Ι

220 5265 244 5313 a
277 5265 360 5332 pars
382 5247 528 5318 orientis
550 5248 712 5315 similiter
743 5249 812 5316 fine
835 5249 943 5332 ipsius
966 5250 1118 5328 ecclesie,
1137 5253 1172 5317 ct
1200 5250 1279 5317 inde
1309 5249 1415 5334 pedes
1437 5249 1598 5333 triginta,
1617 5249 1723 5314 totum
1747 5245 1791 5311 ad
1817 5245 1910 5311 iusta
1938 5260 2078 5309 manum

215 5401 356 5467 homini
384 5405 631 5470 mensuratum.
652 5405 716 5469 hec
743 5404 825 5471 bero
848 5407 944 5470 terra
967 5423 1030 5488 per
1045 5403 1243 5488 supradicte
1259 5403 1339 5470 finis
1354 5405 1390 5469 et
1405 5401 1579 5468 mensuris
1594 5403 1665 5467 tota
1681 5403 1715 5466 et
1731 5399 1854 5466 inclita
1868 5416 1945 5463 cum
1964 5396 2081 5462 omnia

215 5553 316 5620 intra
338 5571 376 5620 se
398 5553 581 5620 abentibus
604 5555 827 5638 omnibusque
852 5556 924 5622 suis
939 5555 1160 5639 pertinentiis
1175 5561 1301 5623 etcum
1318 5551 1450 5623 bicede
1466 5554 1523 5618 bia
1538 5570 1600 5619 sua
1622 5552 1710 5618 mihi
1732 5539 1964 5619 tradidit‘tali
1990 5549 2079 5616 tino·

218 5727 270 5786 re,
298 5684 337 5774 ut
361 5707 484 5774 amodo
508 5709 710 5793 potestatem
728 5710 891 5777 abeamus
906 5711 1033 5778 exinde
1049 5711 1245 5777 disturbare
1261 5725 1351 5785 casa,
1369 5724 1472 5791 quam
1489 5705 1617 5773 ibidem
1633 5705 1722 5784 abet,
1741 5707 1775 5771 et
1791 5721 1874 5788 pars
1896 5697 2011 5785 ipsius
2026 5715 2081 5765 ec·
2182 5746 2184 5755 .

218 5862 325 5930 clesie
349 5863 422 5928 tota
445 5861 522 5946 ipsa
545 5863 723 5946 lignamen
749 5863 828 5930 inde
851 5867 982 5962 tollere,
1009 5883 1110 5949 quam
1133 5865 1168 5930 et
1190 5862 1389 5946 potestatem
1413 5861 1553 5925 abemus
1576 5857 1657 5925 inde
1680 5857 1877 5925 disturbare
1894 5852 2074 5937 parietem,
