5252 7102
997 590 1370 664 orruouirrcus
1830 573 1834 578 ’
1994 607 2057 669 rsa

243 859 322 908 mus
336 839 373 908 in
390 839 468 908 iusu
483 837 519 905 in
538 838 613 924 ipso
628 837 741 905 locum
758 854 823 922 que
845 835 992 904 inferius
1014 835 1244 916 declaramus,
1263 835 1538 904 mensurabimus
1561 837 1606 902 ab
1629 835 1707 921 ipsa
1729 835 1809 922 ripa
1831 835 1875 904 de
1897 837 2044 906 scrofole
2066 838 2105 906 in

242 1012 326 1063 susu
342 991 563 1080 longitudine
577 1011 699 1077 passos
713 989 949 1076 quadraginta
964 993 1046 1069 tres,
1066 993 1100 1058 et
1117 990 1152 1058 in
1168 990 1236 1076 ipsi
1258 988 1487 1075 quadraginta
1508 989 1618 1058 tribus
1641 990 1801 1075 passibus
1824 991 2104 1060 mensurabimus

174 1123 179 1130 ¹
241 1146 287 1214 de
303 1143 486 1213 latitudine
500 1161 566 1229 per
588 1142 793 1253 trabersum,
812 1145 847 1211 et
869 1143 1024 1210 continet
1047 1141 1172 1212 ibidem
1195 1161 1216 1209 a
1237 1143 1307 1212 flne
1328 1160 1430 1210 causa
1454 1142 1564 1228 ipsius
1586 1141 1697 1210 sancti
1720 1141 1811 1226 petri
1834 1158 1942 1228 usque
1965 1141 2009 1210 ad
2032 1143 2103 1212 dne

241 1315 350 1366 causa
364 1295 475 1365 sancti
491 1293 604 1362 cesari
619 1308 741 1378 passos
756 1290 903 1377 triginta
917 1296 1008 1360 tres:
1027 1295 1100 1360 tota
1116 1290 1315 1377 supradicta
1329 1291 1506 1359 mensuris
1521 1290 1565 1359 de
1579 1291 1790 1376 supradictis
1806 1294 1909 1361 rebus
1924 1293 1991 1360 suit
2006 1312 2101 1362 men·
2117 1387 2122 1395 .

240 1451 362 1519 surata
375 1448 419 1516 ad
435 1448 527 1538 iusto
542 1465 682 1532 passum
698 1445 819 1525 omini,
833 1447 868 1513 et
882 1446 1024 1532 insuper
1040 1444 1253 1512 adiunsimus
1268 1444 1331 1512 tibi
1346 1443 1464 1511 domni
1479 1445 1592 1512 abbati
1609 1463 1675 1530 pro
1689 1462 1728 1528 ec
1744 1445 1876 1512 bicaria
1890 1446 2009 1513 decom
2024 1447 2103 1514 auri

238 1599 369 1669 solidos
384 1599 428 1667 de
444 1598 513 1666 tari
530 1616 600 1665 ana
616 1596 788 1683 quadtuor
804 1553 881 1663 auri
897 1597 967 1664 tari
983 1596 1063 1664 boni
1078 1615 1143 1683 per
1159 1596 1320 1665 solidum.
1338 1595 1502 1682 finitoque
1517 1613 1598 1662 vero
1612 1596 1734 1664 nostra
1748 1595 1984 1676 bicariatione,
2010 1597 2100 1664 sicut

241 1753 338 1820 inter
353 1769 417 1821 nos
428 1752 614 1832 combenit,
627 1771 669 1820 ea
681 1751 828 1830 ratione,
848 1753 1016 1836 perbona
1030 1750 1282 1820 combenientia
1296 1749 1413 1835 obligo
1429 1767 1485 1818 me
1501 1750 1559 1836 qui
1575 1767 1681 1834 supra
1695 1751 1852 1818 marinus
1868 1752 1902 1818 et
1917 1748 2004 1818 meis
2019 1747 2102 1817 filiis

238 1905 275 1973 et
291 1902 412 1972 eredes
428 1903 552 1970 amodo
567 1905 602 1970 et
616 1919 753 1986 semper
769 1900 1005 1971 antistandum
1022 1903 1057 1969 et
1073 1899 1322 1969 defensandum
1337 1900 1402 1966 tibi
1418 1901 1648 1985 suprascripti
1664 1899 1781 1967 domni
1798 1899 1911 1968 abbati
1927 1901 1961 1966 et
1977 1897 2021 1966 ad
2033 1898 2102 1968 tuis

238 2053 498 2125 successoribus
513 2056 551 2122 et
566 2056 603 2122 in
618 2055 695 2141 ipso
709 2055 825 2123 vestro
840 2055 1051 2122 monasterio
1074 2055 1147 2122 tota
1169 2056 1205 2122 et
1227 2052 1348 2122 inclita
1370 2053 1610 2140 suprascripta
1632 2055 1750 2122 nostra
1773 2053 2002 2122 bicariatione
2023 2070 2100 2120 cum

241 2207 319 2276 bice
333 2205 378 2276 de
393 2207 448 2276 bie
463 2224 525 2274 sue
539 2209 573 2276 et
588 2224 665 2274 cum
682 2207 759 2274 bice
775 2205 818 2276 de
833 2207 988 2284 fontana,
1007 2206 1066 2293 qui
1081 2209 1135 2274 est
1149 2207 1187 2273 in
1203 2208 1356 2274 sortione
1371 2205 1414 2273 de
1429 2205 1508 2291 ipsa
1523 2209 1626 2275 rebus
1649 2205 1796 2292 predicti
1819 2206 1912 2274 leoni
1935 2205 2098 2292 germani

240 2361 323 2438 mei,
342 2363 377 2429 ct
392 2378 470 2429 cum
484 2361 561 2428 bice
577 2360 620 2428 de
635 2361 694 2427 bia
709 2359 751 2427 ad
769 2360 847 2445 ipsa
862 2359 1015 2438 fontana,
1035 2359 1080 2426 ad
1103 2358 1230 2427 ibidem
1256 2359 1523 2445 ingrediendum
1541 2362 1575 2427 et
1591 2359 1859 2444 regrediendum
1882 2378 1961 2428 cum
1984 2362 2099 2429 vestre

236 2513 471 2597 congruitatis
487 2511 740 2582 rationabiliter
755 2515 790 2580 et
805 2530 897 2598 aqua
911 2509 1038 2580 exinde
1054 2512 1173 2580 aurire
1187 2515 1318 2598 quanta
1341 2512 1531 2591 bolueritis,
1550 2517 1586 2580 et
1602 2513 1743 2598 portare
1765 2511 1822 2579 ubi
1846 2511 2035 2592 bolueritis,
2053 2513 2098 2578 ab
2222 2559 2224 2564 .

236 2663 399 2730 omnibus
415 2663 587 2732 ominibus
609 2663 771 2750 omnique
794 2663 963 2748 partibus.
983 2667 1018 2732 et
1039 2665 1069 2732 si
1093 2665 1206 2732 taliter
1229 2663 1307 2732 illut
1328 2661 1425 2732 vobis
1447 2665 1482 2730 et
1504 2663 1542 2729 in
1563 2663 1719 2749 predicto
1741 2665 1861 2732 nostro
1884 2665 2094 2732 monasterio

234 2809 420 2880 defensare
436 2829 506 2879 non
519 2811 746 2896 potuerimus,
760 2809 850 2879 unde
865 2812 942 2880 ausi
958 2813 1126 2914 fuerimus
1138 2811 1234 2880 vobis
1248 2815 1284 2880 et
1299 2813 1341 2881 ad
1358 2813 1516 2899 partibus
1532 2811 1679 2897 predicti
1696 2811 1896 2879 monasterii
1912 2812 2040 2892 iurare,
2059 2813 2098 2879 ut

217 2967 484 3032 nostrumnon
501 2966 590 3033 esset
604 2965 803 3044 colludium,
830 2968 913 3032 tunc
936 2965 1055 3034 demus
1080 2967 1177 3035 vobis
1200 2967 1236 3034 in
1260 2966 1416 3052 predicto
1440 2968 1556 3034 vestro
1578 2967 1787 3034 monasterio
1809 2967 1913 3035 aliam
1937 2967 2039 3034 talem
2063 2967 2098 3036 et

234 3119 369 3186 tantam
386 3135 460 3186 rem
476 3136 554 3184 cum
572 3118 732 3186 omnibus
748 3115 821 3185 suis
835 3117 981 3187 edificiis
996 3118 1039 3187 de
1055 3120 1145 3199 illut,
1164 3121 1254 3206 quod
1269 3121 1307 3187 in
1322 3123 1416 3188 sorte
1429 3137 1691 3206 compreensum
1703 3122 1782 3189 abet
1797 3120 1871 3206 ipse
1887 3122 1942 3189 leo
1957 3139 2095 3205 germa-

236 3291 306 3341 nus
321 3291 421 3341 meus
436 3229 551 3359 ibique
566 3274 603 3340 in
620 3279 697 3359 ipso
712 3275 825 3342 locum
842 3273 931 3359 quod
948 3291 1041 3341 ame
1057 3275 1092 3340 et
1106 3275 1151 3340 ab
1166 3273 1246 3341 aliis
1262 3274 1422 3359 germani
1437 3273 1504 3342 mei
1520 3273 1552 3342 ei
1569 3275 1606 3341 in
1621 3273 1774 3342 sortione
1789 3273 1913 3354 ebenit,
1932 3275 1967 3341 et
1982 3272 2098 3342 desen·
2194 3249 2197 3254 ⁵

233 3441 350 3493 semus
365 3425 447 3493 illut
463 3441 526 3493 nos
542 3429 577 3494 et
593 3427 722 3494 nostris
737 3425 899 3495 eredibus
913 3426 956 3494 ad
973 3427 1131 3512 partibus
1146 3426 1294 3512 predicti
1312 3427 1511 3496 monasterii
1527 3444 1604 3494 cum
1619 3427 1695 3494 bice
1710 3425 1753 3495 de
1769 3427 1826 3494 bia
1840 3444 1904 3494 sua
1919 3425 1962 3493 da
1984 3425 2097 3494 omnis

230 3576 370 3644 omines
385 3555 547 3662 omnique
563 3577 732 3662 partibus.
751 3580 787 3646 et
802 3576 832 3646 si
854 3578 971 3646 taliter
995 3576 1038 3646 de
1061 3582 1226 3664 quantum
1250 3579 1331 3647 inde
1353 3577 1528 3665 perditum
1550 3581 1665 3660 suerit,
1684 3580 1782 3647 vobis
1806 3586 1841 3649 et
1866 3579 1908 3646 ad
1936 3577 2096 3664 partibus

234 3726 387 3812 predicti
403 3727 605 3796 monasterii
621 3744 691 3795 non
707 3728 1030 3810 restauraberimus,
1048 3732 1083 3800 et
1098 3731 1228 3810 taliter,
1248 3731 1339 3798 sicut
1363 3730 1595 3817 supradictum
1611 3734 1675 3812 est,
1693 3732 1789 3801 vobis
1814 3734 1849 3800 et
1874 3732 1912 3800 in
1939 3731 2096 3816 partibus

231 3875 384 3963 predicti
399 3878 599 3946 monasterii
615 3893 686 3946 nou
703 3876 1020 3964 adimpleberimus,
1037 3881 1097 3947 aut
1110 3879 1141 3948 si
1152 3880 1277 3966 aliquit
1287 3879 1330 3949 de
1342 3881 1512 3966 quomodo
1526 3882 1686 3967 superius
1702 3883 1844 3968 legitur,
1862 3883 2093 3970 quesierimus

230 4028 414 4098 remobere
432 4029 492 4095 aut
507 4029 681 4108 contrare,
699 4045 907 4114 componere
922 4028 1157 4115 obligabimus
1179 4048 1243 4098 nos
1265 4033 1300 4099 el
1323 4030 1450 4101 nostris
1464 4031 1624 4100 eredibus
1638 4031 1702 4098 tibi
1718 4031 1945 4118 suprascripti
1968 4031 2088 4100 domni

231 4175 352 4246 abbati
370 4181 424 4247 vel
441 4179 484 4246 ad
503 4183 579 4248 tuos
595 4197 813 4248 successores
828 4183 863 4247 et
878 4177 923 4246 ad
946 4179 1103 4265 partibus
1126 4179 1274 4266 predicti
1298 4183 1501 4252 monasterii
1524 4184 1663 4250 centum
1686 4183 1763 4250 auri
1785 4181 1913 4250 solidos
1937 4184 2095 4252 constan-

231 4323 339 4410 tinos‚
357 4333 394 4400 et
409 4332 556 4418 quesitio
571 4333 634 4401 illa
649 4351 716 4419 que
732 4333 813 4403 inde
827 4334 918 4403 lacta
932 4333 1051 4415 luerit,
1070 4335 1218 4404 manead
1235 4336 1343 4404 tacita
1357 4339 1392 4406 et
1407 4336 1535 4418 inanis,
1553 4341 1588 4406 et
1602 4339 1694 4406 hanc
1717 4338 1887 4405 cartulam
1902 4339 2090 4405 commuta·

235 4481 345 4551 tionis
361 4472 687 4570 flrmapermanead
703 4486 978 4572 inperpetuum.
998 4487 1135 4574 quando
1150 4491 1263 4557 autem
1279 4505 1340 4556 uos
1354 4491 1390 4557 et
1416 4489 1541 4560 vestris
1569 4488 1821 4559 successoribus
1847 4506 1908 4557 seu
1935 4488 2094 4574 partibus

229 4634 341 4702 vestri
355 4637 559 4704 monasterii
576 4639 753 4706 voluerint
768 4656 832 4724 per
846 4656 884 4706 se
899 4637 980 4706 inde
995 4642 1084 4708 esset
1101 4643 1258 4708 auctores
1272 4642 1307 4710 et
1322 4641 1528 4720 defensores,
1547 4644 1627 4708 tunc
1643 4641 1717 4709 bice
1732 4643 1852 4710 nostra
1866 4641 2043 4710 licentiam
2059 4645 2096 4711 et

231 4791 440 4872 potestatem
456 4791 587 4860 abeatis
603 4807 680 4858 cum
697 4793 766 4862 ista
781 4793 921 4861 cartula
935 4795 970 4862 et
985 4812 1063 4860 cum
1079 4795 1151 4862 alia
1167 4795 1343 4862 monimen
1358 4797 1393 4864 et
1408 4795 1591 4875 rationem,
1609 4794 1700 4882 quod
1718 4791 1844 4864 exinde
1859 4797 2038 4878 abueritis,
2058 4794 2095 4864 in

230 4937 396 5009 omnibus
412 4960 473 5028 per
490 4959 551 5010 ros
567 4943 653 5029 ipsis
667 4941 749 5011 inde
770 4947 860 5014 esset
883 4939 1056 5014 auctores
1065 4948 1100 5013 et
1121 4944 1330 5026 defensores,
1350 4946 1520 5032 quomodo
1544 4951 1603 5014 aut
1625 4947 1774 5034 qualiter
1796 4949 1996 5035 bolueritis3
2015 4965 2094 5016 nam

231 5093 375 5177 quando
391 5111 455 5163 nos
469 5095 667 5181 quesieritis
682 5095 763 5164 inde
777 5101 880 5166 abere
895 5102 1066 5180 auctores,
1086 5119 1149 5168 nos
1166 5103 1281 5169 autem
1298 5101 1495 5188 nostrisque
1516 5101 1599 5170 filiis
1622 5103 1657 5169 et
1679 5101 1798 5170 eredes
1822 5104 1897 5168 tota
1918 5103 1952 5169 et
1974 5101 2095 5167 inclita
2212 5119 2220 5128 ¹
2250 5171 2255 5180 ,

231 5249 478 5336 suprascripta
493 5252 614 5318 nostra
629 5250 856 5321 bicariatione
870 5251 968 5321 vobis
983 5254 1020 5320 in
1036 5253 1195 5340 partibus
1212 5253 1358 5340 predicti
1375 5255 1481 5324 vestri
1498 5257 1699 5323 monasterii
1720 5272 1858 5340 semper
1880 5253 2096 5324 defensemus

234 5403 274 5468 et
289 5402 407 5470 omnia
424 5403 687 5489 adimpleamus,
706 5406 796 5474 sicut
820 5408 980 5491 superius
1006 5409 1147 5493 legitur,
1177 5427 1241 5494 per
1267 5409 1469 5496 supradicta
1490 5410 1646 5496 obligata
1668 5425 1772 5494 pena.
1791 5409 2028 5476 verumtamen
2057 5425 2099 5475 oc

234 5551 353 5640 inquit
368 5552 538 5633 addimus,
556 5555 721 5641 quoniam
737 5560 813 5626 tota
828 5559 1067 5645 suprascripta
1082 5563 1199 5640 rebus,
1217 5561 1276 5648 qui
1304 5565 1356 5632 est
1381 5561 1418 5628 in
1444 5559 1600 5647 partibus
1626 5561 1772 5629 orientis
1797 5504 1866 5630 ista
1893 5562 1995 5647 parte
2020 5561 2098 5647 ipso

234 5699 343 5770 dubio
360 5701 404 5770 de
420 5705 562 5786 cetaria,
582 5708 656 5774 tota
672 5708 708 5776 et
722 5707 843 5776 inclita
858 5706 934 5795 ipsa
948 5711 1101 5778 sortione
1115 5729 1194 5780 mea
1215 5713 1250 5780 et
1271 5711 1417 5798 predicti
1442 5712 1603 5797 germani
1621 5713 1687 5780 mei
1705 5711 1770 5780 tibi
1785 5711 1955 5780 nominati
1977 5709 2100 5779 domni

230 5853 348 5922 abbati
364 5872 428 5940 per
442 5855 643 5941 supradicta
659 5859 794 5928 ratione
809 5877 872 5946 per
888 5861 966 5946 ipsa
982 5861 1115 5930 bicaris
1133 5863 1281 5950 tradidi3
1305 5865 1345 5930 ut
1368 5861 1486 5930 inclite
1502 5863 1576 5950 ipse
1591 5862 1802 5932 sortionibus
1824 5863 1954 5931 abeatis
1977 5881 2038 5930 vos
2060 5864 2095 5930 et
