5252 7102
636 599 698 661 mo
1308 583 1470 656 counit
1513 585 1746 658 CAVENSIS

594 827 664 896 tuis
686 828 845 898 eredibus
868 827 1025 913 predicta
1055 847 1132 896 moa
1154 826 1362 905 donatione,
1388 831 1426 895 nt
1448 829 1606 912 superius
1628 827 1780 913 legitur,
1805 831 1848 896 ab
1874 831 1986 898 omnis
2020 833 2177 901 homines
2210 835 2372 904 antistare
2406 843 2440 906 01

596 980 777 1048 defensare
793 980 1035 1065 promittimus.
1055 979 1143 1064 quod
1160 980 1188 1050 si
1205 979 1346 1047 minime
1362 976 1576 1064 potuerimus
1591 995 1648 1046 cos
1663 981 1758 1048 vohis
1772 980 1961 1060 defensare,
1980 984 2034 1050 vel
2050 983 2158 1052 sinos
2181 987 2266 1070 ipsis
2289 988 2440 1060 forsitans

596 1151 659 1218 per
676 1134 829 1218 quolivet
843 1133 1025 1218 ingenium
1042 1133 1262 1202 donationem
1280 1133 1381 1200 istam
1397 1152 1497 1218 quam
1515 1135 1722 1218 prelegitur,
1742 1151 1919 1203 removere
1934 1139 1995 1203 aut
2016 1139 2197 1206 retornare
2211 1139 2438 1224 quesierimus,

600 1271 683 1354 tunc
698 1289 778 1355 ante
794 1290 911 1356 omnia
926 1290 1058 1372 questio
1074 1293 1109 1376 01
1131 1288 1284 1356 causatio
1310 1290 1430 1354 nostra
1457 1289 1503 1356 sit
1526 1287 1651 1357 exindo
1678 1289 1784 1356 tacita
1810 1289 1845 1354 et
1871 1306 1981 1356 vacua
2007 1292 2042 1356 01
2067 1291 2192 1368 inanis,
2211 1293 2245 1356 01
2268 1293 2440 1359 secundum

595 1440 699 1508 edicti
715 1444 877 1529 capitum,
896 1445 1042 1528 qualiter
1058 1443 1100 1510 de
1116 1443 1298 1511 donatione
1313 1445 1492 1510 continent
1517 1443 1647 1527 pagine
1674 1440 1717 1508 de
1742 1441 1871 1508 donum
1896 1443 1932 1508 et
1958 1443 2135 1528 launegild
2163 1449 2367 1531 susceptum,
2384 1465 2439 1514 000

596 1592 693 1660 vobis
709 1591 951 1677 adinpleamus
966 1592 1115 1660 iustitia:
1134 1594 1274 1677 insuper
1293 1591 1335 1658 ad
1352 1591 1634 1677 compositionem
1652 1592 1781 1658 siamus
1805 1608 1868 1658 nos
1891 1593 1986 1658 001110
2009 1593 2156 1677 obligati
2178 1595 2220 1660 ad
2244 1613 2440 1680 componen-

599 1746 682 1814 dum
697 1765 760 1832 per
779 1747 856 1830 ipsa
881 1747 999 1814 eadem
1027 1747 1157 1832 guadia
1184 1748 1310 1832 viginti
1339 1747 1437 1814 aurei
1463 1744 1590 1814 solidos
1616 1746 1850 1814 constantinus
1859 1767 1869 1832 ;
1887 1746 1929 1814 de
1954 1746 2103 1814 colludio
2128 1751 2244 1816 autern
2270 1749 2440 1817 secundum

555 1965 558 1974 .
601 1904 715 1987 legem
732 1921 793 1971 nos
809 1905 902 1970 uobis
918 1904 1069 1970 iuremus
1084 1921 1148 1988 per
1164 1902 1218 1968 dei
1234 1903 1402 1988 misteria5
1415 1905 1450 1968 et
1464 1919 1527 1986 per
1544 1902 1621 1984 ipsa
1638 1901 1768 1986 guadia
1783 1901 1901 1968 demus
1917 1901 1979 1968 tibi
1996 1902 2155 1986 legitima
2173 1919 2284 1970 uxore
2299 1903 2440 1986 predicta

603 2056 691 2122 bona
707 2056 780 2122 iilia
795 2074 882 2122 mea.
901 2058 1025 2123 iterum
1043 2059 1077 2123 01
1099 2058 1129 2123 01
1152 2059 1188 2123 10
1213 2058 1271 2141 qui
1296 2075 1403 2140 supra
1425 2058 1592 2122 iohannes
1616 2056 1671 2122 uel
1694 2055 1762 2120 tuis
1785 2055 1966 2122 heredibus
1990 2057 2118 2140 absque
2141 2055 2286 2124 heredes
2307 2055 2441 2122 defuncti

598 2207 743 2286 fueritis
762 2225 825 2275 nos
847 2211 959 2276 autem
985 2213 1038 2277 vol
1064 2210 1192 2276 nostris
1219 2207 1403 2278 heredibus
1430 2209 1549 2276 demus
1576 2226 1640 2292 pro
1665 2211 1778 2275 vestre
1804 2207 1927 2274 salutis
1953 2207 2095 2273 hanimo
2122 2208 2260 2273 astante
2285 2207 2441 2274 hominem

569 2333 572 2340 ¹
600 2361 710 2438 illurn,
729 2363 784 2427 cui
801 2381 861 2446 per
876 2379 935 2427 vos
951 2363 1138 2432 iudicatum
1157 2367 1218 2431 ant
1236 2362 1458 2429 iniudicatum
1475 2364 1529 2430 vol
1548 2364 1583 2429 in
1602 2381 1740 2428 manum
1758 2361 1977 2426 commissum
1995 2357 2110 2436 suerit,
2128 2376 2190 2425 sex
2207 2358 2306 2424 aurei
2324 2356 2397 2434 tari,
2414 2359 2442 2424 et

604 2513 774 2580 sociamus
789 2530 854 2596 pro
870 2516 983 2581 vestre
1000 2515 1121 2581 salutis
1136 2516 1276 2580 hanimo
1291 2479 1440 2598 septima
1462 2515 1497 2580 et
1513 2515 1694 2591 trontuale,
1713 2519 1748 2579 et
1766 2510 1923 2598 predicta
1944 2512 2061 2576 nostra
2083 2508 2272 2574 donatione
2294 2505 2375 2592 quod
2397 2510 2443 2575 est

606 2665 822 2745 affiliatione,
842 2667 877 2731 in
894 2667 1067 2750 integrum
1085 2667 1230 2732 redeant
1248 2665 1290 2732 ad
1308 2669 1461 2732 nostram
1479 2663 1588 2732 uelde
1604 2663 1732 2731 nostris
1755 2661 1936 2730 heredibus
1952 2663 2167 2745 potestatem,
2187 2665 2222 2727 01
2244 2661 2274 2730 01
2297 2663 2376 2726 0010
2396 2660 2442 2726 101

604 2795 723 2888 eredes
740 2820 943 2898 habueritis,
962 2824 997 2887 et
1020 2839 1079 2887 ros
1102 2824 1137 2887 et
1159 2822 1282 2888 restris
1305 2820 1487 2887 heredibus
1511 2819 1588 2886 illos
1610 2817 1774 2885 securiter
1797 2818 1831 2882 01
1853 2815 1999 2882 firmiter
2023 2813 2164 2892 abeatis,
2191 2815 2281 2883 sicut
2302 2815 2444 2897 superins

604 2973 746 3057 legitur.
767 2989 868 3056 quam
884 2975 919 3038 te
936 2971 1118 3056 gaisonem
1136 2974 1309 3038 notarium
1326 2945 1628 3054 scribero‘rogavi.
1646 2971 1759 3036 actum
1776 2986 1863 3052 apus
1880 2967 2004 3032 monte.

658 3096 688 3208 †
703 3143 770 3210 ego
786 3125 948 3192 mirandu

657 3249 687 3363 †
703 3297 768 3362 ego
783 3277 885 3343 teosri

660 3401 689 3513 †
706 3447 772 3514 ego
787 3445 909 3512 00000.

1425 3929 1639 4008 occur
1714 4035 1716 4040 ,

1386 4177 1441 4251 A.
1479 4176 1529 4250 D.
1568 4171 1671 4250 988.

670 4443 710 4580 Τ
720 4499 758 4560 10
774 4496 914 4560 nomino
931 4489 1060 4558 domini
1078 4488 1198 4573 quinto
1214 4503 1307 4554 anno
1323 4484 1541 4570 principatus
1557 4483 1672 4548 domni
1691 4481 1800 4546 nostri
1818 4480 1960 4545 iohanni
1987 4479 2140 4562 glorioso
2163 4477 2334 4561 principe,
2352 4490 2449 4538 rueme

600 4649 796 4732 september
810 4643 961 4713 secunda
984 4643 1183 4708 indictione.
1200 4639 1279 4706 ideo
1301 4657 1368 4723 que
1394 4657 1460 4720 ego
1490 4655 1563 4713 nos,
1583 4635 1620 4701 hi
1649 4652 1766 4700 sumus
1795 4635 1913 4716 petrus
1940 4631 2031 4697 filius
2057 4629 2233 4714 quondam
2263 4619 2446 4709 adelprandi

604 4817 707 4884 quam
726 4798 761 4862 et
775 4813 841 4880 ego
859 4797 984 4863 mulier
1007 4795 1149 4860 nemine
1172 4790 1327 4858 maralda
1349 4787 1421 4857 filia
1449 4785 1591 4852 iohanni
1619 4783 1660 4850 de
1687 4785 1799 4849 locum
1826 4781 1969 4848 nuceria
1997 4783 2032 4846 01
2059 4798 2148 4847 uxor
2174 4797 2252 4844 sum
2280 4767 2448 4860 supradicti

608 4953 711 5040 petri,
731 4951 894 5036 quoniam
911 4947 1118 5013 declaratam
1137 4943 1216 5028 quia
1231 4943 1317 5007 mihi
1334 4957 1400 5025 quo
1415 4955 1522 5022 supra
1538 4933 1695 5002 maraldo
1711 4935 1762 5000 001
1778 4933 2008 5016 pertinentem
2025 4931 2126 4996 rebus
2149 4947 2212 5013 per
2238 4925 2379 5012 gradum
2399 4937 2451 5004 pa-

609 5113 746 5180 rentum
763 5123 916 5173 meorum
935 5105 1070 5186 aparte
1086 5097 1233 5183 predicti
1250 5095 1394 5163 iohanni
1410 5093 1561 5179 genitori
1579 5109 1666 5168 mec,
1687 5091 1721 5156 01
1736 5105 1927 5171 congruum
1944 5087 1996 5152 est
2009 5082 2095 5150 mihi
2111 5101 2178 5168 que
2204 5099 2311 5166 supra
2332 5072 2448 5144 mulieri

609 5266 688 5334 illos
705 5227 848 5330 vindere
864 5259 991 5327 sesami
1007 5259 1041 5324 01
1057 5255 1124 5324 11111
1141 5252 1299 5338 germani
1315 5251 1379 5317 filii
1397 5247 1566 5334 quondam
1591 5245 1661 5312 licti
1687 5245 1745 5328 qui
1772 5246 1850 5310 sunt
1866 5239 2063 5307 consobrini
2086 5237 2187 5304 fratri
2203 5237 2284 5304 mei.
2302 5239 2372 5317 Ego
2394 5243 2449 5313 que

610 5436 717 5500 supra
733 5415 897 5483 maralda
911 5414 974 5482 feei
993 5409 1120 5479 exinde
1135 5409 1295 5476 notitiam
1312 5405 1420 5490 ipsius
1436 5402 1525 5488 petri
1549 5401 1624 5466 viro
1647 5417 1742 5466 meus
1766 5400 1799 5462 et
1823 5395 1930 5464 letitie
1953 5393 2026 5460 filia
2048 5409 2125 5458 moa
2148 5393 2279 5467 nostra,
2304 5402 2395 5472 quem
2414 5379 2449 5446 do

612 5572 688 5655 ipso
705 5572 823 5655 petrus
838 5569 913 5633 viro
930 5585 1028 5634 uicus
1044 5565 1166 5652 genita
1181 5563 1215 5630 et
1230 5563 1360 5627 cretam
1379 5556 1470 5634 abui,
1488 5558 1522 5622 01
1539 5555 1628 5620 mari
1645 5553 1788 5619 fratrem
1807 5567 1920 5615 meum
1937 5548 1994 5632 qui
2019 5547 2100 5612 sunt
2121 5539 2317 5610 mundoaldi
2334 5531 2404 5610 mei,
2421 5531 2451 5596 in

609 5724 708 5789 cuius
725 5719 902 5787 mundium
919 5737 974 5785 me
990 5719 1169 5784 subiacere
1185 5713 1402 5799 palamsacio‚
1421 5705 1735 5792 010100001010011,
1754 5705 1793 5768 ut
1814 5701 1902 5767 mihi
1926 5697 2006 5766 inde
2028 5713 2102 5762 esse
2125 5691 2373 5760 consentientes
2393 5697 2449 5748 auc

605 5873 854 5961 adinplendum
872 5872 941 5938 ista
956 5888 1033 5936 mea
1057 5865 1258 5940 vinditiano,
1278 5869 1312 5932 et
1334 5881 1403 5929 una
1426 5861 1528 5929 simul
1553 5858 1685 5943 paritor
1709 5875 1786 5922 cum
1810 5855 1861 5919 eis
1884 5850 2102 5936 perreximus
2125 5862 2269 5930 quoram
2292 5835 2448 5924 presentia
