5216 7092
506 581 567 645 ror
976 553 980 562 '
1165 563 1328 637 coosx
1365 565 1598 638 onvsnsts
1676 668 1681 680 Ι

460 809 579 877 verint
596 809 719 877 amodo
737 813 771 878 et
787 827 895 895 usque
911 809 978 893 ipsi
996 808 1114 876 decem
1131 808 1216 876 anni
1239 810 1414 894 completi,
1433 808 1537 876 deant
1552 809 1679 878 exinde
1702 811 1904 878 terraticum
1928 811 2114 879 secundum
2137 817 2321 882 consuetu·

460 961 576 1030 dinem
594 962 704 1047 ipsius
720 961 804 1028 locis
820 961 858 1027 in
874 979 958 1046 pars
973 959 1014 1029 de
1030 961 1099 1028 iam
1115 959 1317 1046 supradicta
1332 959 1516 1047 hecclesia3
1534 963 1568 1028 et
1583 959 1629 1028 da
1646 961 1714 1044 ipsi
1730 960 1848 1028 decem
1866 961 1948 1029 anni
1964 963 2125 1048 completi
2148 963 2314 1044 inantea,

462 1112 543 1179 dum
570 1112 648 1182 illos
670 1112 833 1190 tenuerit,
851 1130 986 1180 omnem
1010 1130 1140 1180 annum
1164 1113 1284 1179 vinum
1308 1115 1342 1181 et
1365 1113 1580 1192 terraticum,
1599 1133 1699 1199 quem
1723 1114 1850 1183 exinde
1872 1114 2010 1193 exierit,
2029 1133 2164 1182 omnem
2186 1133 2317 1185 annum

461 1263 540 1331 illos
556 1263 712 1331 dividant
729 1264 765 1330 in
781 1263 918 1332 tertiam
936 1265 1081 1349 partem:
1100 1264 1166 1331 sibi
1185 1262 1313 1332 exinde
1336 1264 1463 1331 tollant
1484 1264 1545 1331 ille
1568 1267 1603 1330 et
1624 1282 1705 1332 suos
1728 1265 1870 1333 heredes
1893 1264 2022 1335 duabus
2045 1267 2265 1345 corbonibus,
2284 1274 2318 1337 et

455 1413 500 1480 ad
516 1431 600 1499 pars
616 1413 658 1482 de
673 1413 841 1482 iamdicta
855 1413 1027 1482 hecclesia
1049 1413 1156 1481 deant
1178 1412 1318 1480 tertiam
1334 1415 1482 1500 partem3
1499 1416 1533 1480 et
1556 1413 1633 1497 ipsa
1654 1413 1842 1482 sortionem
1859 1391 1959 1501 quem
1983 1416 2027 1484 ad
2051 1435 2133 1502 pars
2155 1418 2317 1488 iamdicte

456 1567 627 1635 hecclesie
643 1569 835 1646 hevenerit,
855 1569 914 1635 ille
930 1537 1053 1636 eteius
1068 1570 1214 1636 heredes
1228 1567 1271 1634 de
1287 1568 1364 1651 ipso
1380 1569 1496 1634 vinum
1514 1585 1616 1635 omne
1632 1586 1763 1636 annum
1781 1587 1858 1636 cum
1874 1586 1994 1637 carros
2009 1571 2044 1637 et
2057 1573 2161 1638 robes
2183 1589 2258 1640 suos
2281 1577 2316 1642 et

462 1739 617 1806 organea
633 1739 698 1788 sua
713 1738 772 1790 eos
790 1725 931 1807 portent
947 1741 1055 1808 usque
1071 1722 1113 1790 ad
1131 1723 1199 1807 ipsi
1215 1720 1363 1807 predicti
1387 1721 1494 1808 pariti
1510 1721 1553 1789 de
1568 1723 1723 1802 nuceria,
1743 1723 1798 1789 ubi
1825 1722 2024 1791 abuerimus
2047 1739 2200 1808 organea
2221 1745 2320 1812 repo-

460 1877 527 1944 sita
551 1876 689 1961 adipso
713 1871 833 1943 vinum
858 1873 1108 1959 recipiendum,
1134 1875 1170 1941 el
1192 1873 1262 1942 illis
1285 1875 1443 1943 concient
1466 1893 1567 1943 omne
1590 1893 1719 1944 annum
1748 1875 1863 1961 ipsum
1891 1894 2082 1962 organeum
2107 1879 2261 1944 nostrum
2276 1881 2319 1947 ad

458 2045 598 2094 omnem
616 2045 717 2094 suum
735 2026 890 2124 ordinem
914 2029 949 2094 et
972 2027 1194 2111 expendium,
1220 2027 1278 2094 ubi
1301 2030 1473 2112 reponant
1496 2029 1574 2112 ipsa
1596 2028 1750 2096 sortione
1772 2031 1894 2096 nostra
1917 2027 1960 2096 de
1983 2029 2059 2113 ipso
2082 2030 2199 2096 vinum
2223 2049 2319 2115 quern

462 2181 562 2245 nobis
580 2179 725 2259 inserte
750 2179 880 2246 abillis
903 2180 1103 2266 evenerint3
1121 2181 1156 2245 et
1179 2179 1291 2264 ipsum
1317 2180 1504 2256 hominem,
1523 2197 1625 2264 quem
1648 2179 1694 2246 ihi
1718 2178 1949 2249 direxerimus
1971 2177 2012 2246 ad
2037 2180 2112 2264 ipsa
2135 2179 2314 2260 vindemia,

464 2332 533 2399 illis
556 2350 634 2398 eum
651 2333 813 2399 nutriant
827 2331 870 2398 de
886 2349 948 2398 sua
963 2331 1123 2410 vivenda,
1142 2331 1223 2397 dum
1241 2331 1367 2399 ibidem
1385 2332 1546 2399 steterint
1562 2329 1605 2398 ad
1626 2331 1702 2432 ipso
1723 2333 1840 2399 vinum
1866 2330 2111 2416 recipiendum.
2138 2335 2174 2398 et
2196 2332 2225 2399 si
2248 2333 2319 2417 ipse

464 2487 598 2553 cicerus
621 2487 683 2554 aut
698 2487 773 2554 eius
789 2485 935 2553 heredes
951 2486 993 2556 de
1009 2487 1243 2571 principatum
1261 2480 1474 2553 salernitano
1498 2487 1628 2554 exierit
1649 2485 1691 2554 ad
1718 2485 1933 2564 abbandum,
1952 2488 2025 2552 tota
2047 2487 2081 2553 et
2103 2485 2222 2552 inclita
2244 2487 2320 2570 ipsa

465 2641 568 2708 rebus
583 2639 738 2706 rebertas
755 2637 796 2704 ad
814 2641 1018 2722 potestatem
1036 2638 1079 2706 de
1096 2639 1259 2706 iamdicta
1283 2639 1464 2726 hecclesia3
1482 2641 1517 2706 et
1538 2639 1596 2706 ubi
1620 2598 1712 2706 infra
1735 2637 1903 2724 quadtuor
1927 2640 2008 2708 anni
2033 2639 2108 2724 ipse
2130 2639 2264 2707 cicerus
2285 2645 2319 2708 et

465 2790 540 2856 eius
556 2788 698 2860 heredes
712 2808 873 2857 reversus
889 2790 994 2857 suerit
1009 2789 1052 2857 ad
1069 2791 1308 2869 habitandum,
1328 2791 1400 2856 tota
1417 2793 1452 2856 et
1467 2791 1589 2858 inclita
1606 2791 1681 2875 ipsa
1696 2792 1798 2858 rebus
1814 2791 1954 2858 redeant
1970 2789 2011 2856 ad
2030 2808 2149 2857 eorum
2173 2761 2319 2874 potesta-

456 2943 525 3008 tem
544 2942 578 3006 in
597 2940 756 3026 predicta
771 2942 922 3019 ratione,
940 2942 1028 3011 sicut
1044 2943 1202 3027 superius
1220 2943 1361 3026 legitur.
1381 2943 1469 3027 quod
1490 2943 1520 3009 si
1544 2944 1608 3012 hec
1631 2943 1747 3010 omnia
1770 2943 2009 3027 suprascripta
2034 2942 2107 3026 ipse
2131 2943 2190 3026 qui
2213 2961 2317 3027 supra

457 3093 588 3160 cicerus
603 3097 637 3160 et
652 3095 724 3161 eius
741 3094 887 3161 heredes
905 3095 1005 3163 nobis
1019 3099 1052 3162 et
1068 3094 1110 3161 ad
1134 3114 1218 3180 pars
1234 3094 1435 3180 supradicte
1448 3095 1616 3163 hecclesie
1626 3093 1802 3162 noluerint
1814 3093 1995 3178 adinplere
2007 3097 2041 3160 et
2053 3093 2181 3178 aliquid
2193 3093 2316 3161 exinde

344 3301 349 3306 .
462 3247 752 3326 contradixerint,
770 3251 853 3314 tunc
869 3248 1066 3333 hobligavit
1085 3268 1123 3318 se
1141 3250 1217 3334 ipse
1239 3250 1373 3317 cicerus
1397 3252 1432 3317 et
1455 3250 1595 3334 suisque
1617 3249 1761 3319 heredes
1784 3269 1845 3334 per
1869 3250 1946 3333 ipsa
1973 3248 2092 3317 eadem
2119 3247 2248 3333 guadia
2269 3247 2312 3315 ad

458 3404 734 3488 componendum
751 3404 851 3471 nobis
867 3406 921 3470 vel
938 3403 980 3471 ad
997 3421 1079 3490 pars
1097 3402 1257 3472 iamdicte
1281 3403 1448 3474 hecclesie
1463 3404 1715 3490 quinquaginta
1731 3423 1854 3472 aureos
1870 3403 1997 3472 solidos
2013 3403 2257 3472 constantinus.

511 3526 541 3637 †
564 3571 631 3638 ego
647 3553 749 3637 guiso
765 3557 921 3622 notarius
937 3555 1077 3624 interfui
1095 3557 1130 3622 et
1143 3557 1235 3621 hunc
1253 3557 1392 3623 brebem
1410 3555 1533 3640 scripsi

513 3677 542 3789 †
566 3724 633 3791 ego
656 3707 775 3791 petrus

512 3832 541 3942 †
564 3877 631 3944 ego
653 3861 864 3944 quisenollus

513 3984 542 4096 †
565 4028 632 4094 ego
655 4011 840 4080 romoaldo.

1263 4452 1536 4532 CCCLIX.

1254 4666 1309 4740 A.
1347 4665 1398 4740 D.
1436 4663 1539 4742 983.

522 4874 610 5010 †ln
626 4922 767 4991 nomine
782 4922 913 4991 domini
930 4923 1080 4991 secundo
1096 4903 1187 4992 anno
1203 4923 1420 5008 principatus
1436 4923 1554 4990 domni
1571 4924 1681 4990 nostri
1705 4924 1862 4990 mansoni
1878 4924 1912 4991 et
1935 4921 2054 4990 domni
2078 4922 2221 4989 iohanni
2245 4921 2319 4988 lilio

459 5078 533 5145 cius
549 5077 695 5163 gloriosi
712 5077 938 5161 principibus,
959 5095 1076 5146 mense
1091 5079 1195 5147 iulius
1210 5077 1393 5146 undecima
1408 5077 1609 5146 indictione.
1628 5077 1911 5144 memoratorium
1928 5077 2055 5142 sactum
2073 5093 2095 5142 a
2110 5075 2209 5142 nobis
2224 5075 2318 5141 selli-

459 5233 513 5296 cto
531 5233 625 5300 illius
641 5231 815 5317 quondam
832 5233 956 5300 summi
973 5233 1031 5318 qui
1047 5232 1111 5300 fuit
1126 5249 1314 5320 capuanus
1334 5235 1368 5300 et
1383 5232 1475 5298 maio
1492 5231 1584 5300 filius
1602 5230 1774 5316 quondam
1792 5229 1954 5296 madelmi
1972 5227 2015 5295 de
2031 5230 2143 5296 locum
2162 5227 2314 5306 nuceria,

459 5403 500 5453 eo
516 5385 605 5470 quod
621 5387 704 5453 ante
717 5385 902 5470 subscripti
926 5385 1029 5454 testes
1052 5383 1222 5454 dederunt
1245 5387 1280 5452 et
1302 5383 1521 5453 tradiderunt
1542 5381 1640 5450 nobis
1663 5381 1707 5449 ad
1731 5379 1956 5448 lavorandum
1980 5382 2015 5448 et
2038 5380 2260 5465 irugiaudurn
2283 5379 2319 5446 et

463 5537 679 5624 aliquantum
695 5539 821 5606 exinde
835 5539 1005 5608 dederunt
1019 5541 1119 5608 nobis
1135 5539 1179 5606 ad
1197 5537 1449 5623 pastenandum
1466 5535 1613 5603 domnus
1636 5535 1805 5603 martinus
1828 5533 1997 5619 presbiter
2020 5536 2054 5601 et
2077 5535 2184 5600 abbas
2205 5535 2319 5602 rector

461 5692 630 5762 hecclesie
644 5693 751 5762 sancti
769 5693 913 5760 maximi
925 5692 968 5760 de
981 5693 1074 5761 intus
1091 5693 1185 5760 cibes
1200 5690 1423 5769 salernitana,
1439 5693 1474 5758 et
1488 5707 1562 5757 una
1577 5707 1654 5756 cum
1670 5707 1748 5756 eum
1764 5689 1880 5756 essent
1895 5685 2090 5754 romoaldus
2105 5686 2199 5754 filius
2209 5685 2317 5754 allani

461 5845 607 5914 castaldi
623 5847 679 5931 qui
697 5848 748 5915 est
764 5865 869 5914 unum
885 5847 927 5916 de
941 5846 1104 5914 dominiis
1127 5847 1237 5933 ipsius
1261 5845 1441 5924 hecclesic‚
1460 5861 1531 5911 una
1552 5842 1703 5912 clusuria
1724 5841 1767 5912 de
1789 5845 1882 5909 terra
1904 5840 2015 5908 sancti
2040 5840 2198 5918 maximi,
2215 5857 2316 5925 quem
