5378 7098
925 653 927 660 ’
1014 653 1387 742 etuueuerieus

330 872 438 983 †ego
453 897 513 981 qui
530 914 636 981 supra
651 895 845 980 guaiferius

331 1022 439 1134 †ego
455 1049 513 1134 qui
530 1067 638 1133 supra
652 1051 771 1134 petrus
787 1047 904 1118 iudea.

1080 1551 1314 1630 CCXXI·

1061 1778 1116 1853 A.
1153 1779 1203 1854 D.
1242 1775 1345 1856 963.

331 2041 720 2177 †1nn0mineeomini
737 2096 914 2164 tricesimo
929 2114 1020 2163 anne
1036 2093 1252 2181 principatus
1268 2089 1386 2157 domni
1411 2090 1517 2157 nostri
1529 2090 1661 2172 Gysulll
1676 2091 1832 2182 Glorioso
1857 2091 2015 2176 principe
2039 2109 2158 2190 mens

278 2245 438 2312 ianuario
453 2246 575 2331 quinta
585 2245 612 2334 ⁴)
632 2247 831 2316 indictione.
847 2252 922 2333 Ege
937 2246 1044 2333 guido
1058 2245 1152 2313 filius
1167 2243 1342 2330 quendam
1358 2259 1449 2320 urse,
1464 2243 1523 2326 qui
1539 2242 1588 2309 fui
1601 2243 1720 2308 natibo
1731 2242 1774 2308 de
1787 2243 1960 2310 lauriiana
1971 2239 1999 2330 ²)
2015 2246 2049 2312 et
2065 2243 2136 2309 me-

278 2394 322 2461 de
337 2414 413 2462 sum
428 2396 578 2463 abitator
593 2397 632 2465 in
647 2399 759 2465 locum
772 2397 981 2476 ancilla-dei,
992 2393 1018 2484 ³)
1031 2415 1093 2482 per
1109 2395 1397 2462 cembenientiam
1413 2411 1530 2460 ceram
1547 2395 1715 2460 bonerum
1733 2395 1910 2460 hominum
1927 2396 2138 2481 supscripte-

180 2607 199 2626 ,
281 2565 358 2614 rum
373 2548 512 2616 testium
528 2549 563 2616 et
578 2567 640 2633 per
657 2567 723 2616 ane
745 2553 881 2618 cartula
901 2555 936 2620 et
959 2569 1021 2636 per
1044 2547 1317 2642 manus'domne
1333 2549 1452 2632 petrus
1468 2547 1573 2613 abbas
1596 2547 1707 2613 sancti
1733 2546 1948 2631 archangeli,
1976 2549 2036 2630 qui
2059 2565 2140 2612 cen-

280 2703 449 2768 structum
464 2701 516 2768 est
531 2700 568 2766 in
582 2718 681 2769 mens
696 2703 840 2787 capacii,
855 2703 964 2788 optuli
977 2703 1098 2770 inclita
1111 2718 1187 2768 mea
1202 2702 1303 2768 rebus
1319 2700 1354 2767 in
1369 2698 1530 2765 iamdicto
1542 2700 1748 2766 monasterie
1760 2700 1888 2766 cultum
1901 2701 1954 2767 vel
1972 2700 2139 2765 incultum

281 2852 487 2924 cumomnia
497 2853 596 2942 intra
611 2854 688 2938 ipsa
702 2857 804 2922 rebus
820 2857 962 2924 abentes
978 2854 1126 2939 indeque
1143 2853 1357 2939 pertinentes
1373 2871 1451 2919 oum
1467 2853 1577 2937 aquis
1591 2851 1671 2920 finis
1686 2855 1720 2919 et
1736 2853 1811 2920 vice
1827 2853 1870 2920 de
1894 2854 1969 2932 biis,
1985 2852 2142 2920 ubicum-

282 3019 346 3085 que
361 3003 414 3068 vel
430 3001 743 3088 quomodocumque
758 3023 820 3088 per
838 3005 1094 3090 qualiscumque
1110 3004 1211 3071 rebus
1225 3002 1332 3068 michi
1348 3005 1400 3071 est
1416 2975 1611 3086 pertinente
1627 3020 1687 3086 per
1710 3005 1786 3069 teta
1800 3002 1870 3068 fine
1885 3002 1928 3068 de
1944 3003 2083 3088 cilent03
2103 2989 2141 3068 in

281 3153 346 3220 tali
362 3169 444 3220 vere
460 3153 617 3233 hordine,
632 3153 677 3220 ud
693 3155 771 3238 ipsa
787 3154 1026 3239 suprascripta
1037 3153 1137 3221 rebus
1154 3153 1214 3219 fiat
1230 3152 1267 3219 in
1282 3169 1357 3220 mea
1371 3151 1507 3236 meique
1529 3149 1688 3218 aradibus
1706 3153 1882 3235 potestatis
1904 3171 2004 3220 usum
2027 3154 2141 3221 fruen-

283 3303 319 3370 di
334 3307 413 3378 nate
428 3303 604 3372 nesciente
619 3309 655 3372 et
671 3304 714 3372 de
730 3305 843 3372 frudie
860 3306 1028 3373 faciamus
1043 3305 1133 3390 quod
1146 3304 1368 3382 beluerimus‚
1379 3306 1414 3370 et
1428 3302 1596 3370 faciamus
1610 3303 1789 3369 sorbitium
1801 3305 1994 3369 annualiter
2007 3303 2044 3368 in
2057 3304 2142 3368 iam-

171 3539 177 3549 ,
283 3452 375 3520 dicte
389 3455 607 3535 monasterie,
625 3457 712 3524 sicut
727 3457 805 3524 aliis
821 3457 1029 3536 hominibus,
1044 3459 1103 3542 qui
1121 3458 1229 3524 abunt
1252 3458 1374 3525 offerta
1389 3459 1491 3523 rebus
1515 3458 1551 3521 in
1575 3454 1729 3540 predicte
1745 3457 1966 3531 monasterie,
1991 3457 2026 3521 et
2049 3457 2143 3520 omui

283 3605 439 3689 tempere
455 3605 632 3674 retdamus
648 3609 819 3674 rationem
836 3609 872 3674 in
889 3612 987 3692 parte
1010 3608 1175 3675 iamdicta
1196 3609 1350 3676 ecelesia.
1369 3610 1413 3675 ut
1435 3608 1463 3676 si
1480 3609 1568 3674 sicut
1592 3607 1720 3691 scripta
1743 3609 1797 3672 vel
1821 3626 1864 3674 ex
1887 3609 1937 3676 eis
1959 3611 2142 3692 quicquam

285 3761 461 3826 remobere
477 3761 531 3826 vel
547 3761 719 3838 contrane,
736 3764 797 3828 aut
811 3764 964 3830 retroare
975 3764 1002 3848 ⁸)
1018 3761 1242 3847 quesierimus
1266 3780 1327 3847 per
1343 3763 1601 3846 qualiscumque
1616 3761 1795 3846 ingenium
1812 3761 1865 3830 vel
1881 3760 2060 3840 rationem,
2080 3779 2144 3845 per

285 3910 570 3977 cembenientiam
587 3912 705 3996 eblige
721 3931 776 3981 me
801 3932 868 3998 ege
893 3914 1000 3999 guido
1026 3916 1061 3981 et
1080 3915 1171 4010 ¹meis
1197 3914 1356 3982 eredibus
1383 3914 1426 3981 ad
1447 3912 1719 3998 componendum
1746 3913 1809 3980 tibi
1835 3913 2011 3998 predictus
2037 3915 2143 3980 abbas

283 4063 426 4146 tuosque
442 4062 651 4147 posteriores
665 4067 699 4130 et
714 4066 751 4130 in
773 4068 874 4149 parte
888 4064 1044 4133 iamdicti
1059 4066 1270 4142 monasterii,
1291 4068 1343 4135 vel
1359 4065 1412 4132 cui
1427 4063 1594 4149 scriptum
1611 4064 1714 4131 istum
1732 4083 1795 4148 pre
1818 4065 1892 4132 vice
1914 4065 1956 4131 de
1978 4063 2145 4133 iamdicta

288 4212 434 4280 ecclesia
448 4214 485 4279 in
500 4232 606 4281 manu
620 4219 785 4308 paruerit,
805 4218 955 4302 triginta
971 4217 1072 4285 solidi
1089 4219 1167 4285 auri
1183 4218 1382 4296 costantini,
1403 4220 1437 4283 et
1453 4216 1541 4302 qued
1564 4235 1672 4301 supra
1687 4217 1817 4300 legitur
1832 4217 1872 4282 in
1886 4215 2040 4300 predicte
2064 4219 2145 4281 hor-

286 4365 368 4432 dine
382 4365 482 4433 firme
496 4369 530 4432 et
552 4367 674 4435 stabile
691 4372 906 4453 permaneat.
925 4372 967 4438 nt
992 4372 1127 4448 iterum,
1146 4369 1176 4437 si
1200 4386 1262 4438 nos
1284 4371 1339 4436 vel
1362 4369 1491 4436 nestris
1514 4369 1578 4436 fllii
1600 4373 1635 4436 et
1656 4365 1776 4435 eredes
1800 4367 1876 4435 sine
1899 4367 1970 4434 filie
1994 4369 2048 4434 uel
2070 4367 2144 4434 fllia

289 4516 435 4587 desuetis
450 4519 629 4598 fuerimus,
647 4524 702 4589 vel
717 4523 746 4591 si
762 4521 805 4590 de
820 4541 887 4590 ane
902 4527 998 4610 terra
1012 4523 1218 4602 exierimus
1236 4522 1473 4609 suprascripta
1488 4523 1590 4589 rebus
1606 4522 1722 4589 beniat
1745 4523 1779 4588 in
1805 4521 1973 4605 potestate
1995 4519 2037 4586 de
2060 4520 2147 4586 iam-

290 4668 382 4735 dicta
397 4670 543 4739 ecclesia
558 4688 679 4737 secure
695 4673 846 4741 nomine.
866 4675 953 4742 Etsi
970 4675 1007 4740 ie
1022 4691 1087 4741 ane
1104 4675 1199 4741 terra
1222 4673 1352 4742 rebersi
1377 4672 1544 4739 fuerimus
1567 4689 1674 4756 usque
1699 4673 1735 4738 in
1759 4671 1871 4739 tribus
1894 4671 2008 4748 annis,
2026 4689 2148 4756 supra-

291 4822 423 4905 scripta
439 4824 540 4890 rebus
556 4823 655 4891 nobis
678 4824 874 4909 nostrisque
897 4824 1057 4892 eredibus
1081 4824 1200 4892 redeat
1224 4825 1416 4909 potestate,
1434 4823 1579 4909 qualiter
1603 4821 1719 4890 indie
1742 4823 1803 4888 illa
1826 4823 2080 4898 inbenerimus,
2113 4827 2148 4888 et

290 4989 355 5038 nos
370 4972 554 5041 reddamus
572 4976 743 5042 rationem
760 4979 795 5042 et
810 4977 1004 5044 serbiamus
1019 4976 1056 5043 in
1073 4976 1237 5044 iamdicto
1253 4977 1464 5044 monasterio
1480 4975 1743 5059 omnitempore
1759 4991 1821 5040 nos
1836 4975 1871 5041 et
1882 4973 2011 5041 nostris
2034 4973 2149 5040 eredi-

294 5125 357 5190 bus
374 5124 411 5191 in
427 5124 583 5209 predicte
599 5126 757 5194 hordine.
776 5131 819 5195 Et
835 5127 951 5196 taliter
968 5127 1120 5195 scribere
1138 5127 1262 5212 rogabi
1278 5130 1312 5195 te
1328 5144 1521 5194 sammarus
1538 5125 1707 5208 presbiter
1724 5128 1758 5191 et
1775 5126 1942 5193 notarius.

352 5247 381 5358 †
396 5294 463 5360 ego
477 5277 605 5343 achinu
621 5278 802 5361 presbiter.

293 5413 371 5422 .-.—-

350 5483 373 5554 ⁴)
397 5481 510 5548 Qrcinto,
533 5482 598 5554 lege
617 5490 702 5538 secto.

350 5591 372 5659 ²)
393 5591 556 5659 Martiana,
579 5590 661 5646 vicus
682 5590 712 5646 in
735 5590 860 5647 Cilcnte.

349 5697 371 5764 ³)
392 5697 501 5752 Ancilla
520 5697 573 5766 dei,
596 5713 690 5770 pagus
711 5697 741 5752 in
757 5697 880 5768 Cilento,
895 5715 977 5756 nunc
991 5701 1161 5773 flrzcclluru¹¹

351 5802 374 5874 ⁸)
389 5805 527 5869 detrecre,
548 5802 625 5858 idem
648 5819 681 5860 ac
701 5811 855 5874 retroagcre
872 5835 904 5848 -
919 5807 1070 5880 abrogare.
