5252 7102
986 612 1356 688 ulplollallobs

1015 1071 1331 1154 usnemu.
1389 1165 1391 1172 y

1035 1324 1090 1398 A.
1127 1320 1178 1398 D.
1215 1317 1319 1399 992.

302 1578 337 1714 †
361 1633 400 1698 ln
417 1630 555 1698 nomine
570 1629 701 1698 domini
719 1629 852 1699 decimo
868 1648 959 1698 anno
974 1631 1191 1717 principatus
1206 1630 1325 1699 domni
1348 1632 1459 1700 nostri
1483 1631 1637 1712 iohanni,
1656 1635 1691 1702 et
1706 1639 1827 1722 quarto
1851 1655 1943 1707 anno
1966 1640 2097 1724 princi-

241 1785 345 1866 patus
362 1781 480 1849 domni
504 1782 694 1867 guaimarii
718 1782 791 1850 eius
813 1782 886 1850 filio
910 1783 1055 1868 gloriosi
1080 1781 1307 1867 principibus,
1326 1801 1444 1852 mense
1466 1782 1647 1852 december
1671 1789 1769 1854 sexta
1791 1786 1990 1858 indictione.
2022 1808 2094 1859 me·

240 1935 469 2004 moratorinm
494 1935 586 2003 sactu
610 1955 632 2004 a
655 1955 710 2004 me
733 1954 919 2004 cernamus
941 1937 1112 2022 presbiter
1136 1939 1171 2004 et
1194 1938 1300 2005 abbas
1325 1937 1470 2007 ecclesie
1493 1939 1605 2006 sancti
1629 1939 1797 2018 maximi,
1832 1958 1872 2008 eo
1896 1940 1984 2028 qnod
2008 1949 2090 2011 ante

238 2089 431 2174 subscripti
449 2091 552 2158 testes
567 2107 631 2174 per
649 2091 739 2158 bona
755 2089 1009 2158 combenientia
1025 2109 1092 2158 una
1108 2110 1240 2160 mecum
1257 2090 1392 2162 adesset
1415 2093 1607 2178 guaiferius
1631 2093 1813 2174 castaldus,
1832 2094 1890 2181 qui
1914 2097 1967 2164 est
1989 2097 2091 2165 adbo-

239 2244 340 2308 cator
365 2243 399 2310 et
422 2259 531 2310 unum
556 2241 599 2309 de
622 2240 768 2310 dominii
792 2242 901 2328 ipsius
924 2245 1080 2321 ecclesie,
1100 2242 1307 2312 tradidimus
1330 2247 1421 2330 petri
1445 2247 1628 2330 presbiteri
1651 2246 1724 2314 filio
1747 2246 1974 2332 stephanide
2000 2251 2095 2316 terra

242 2397 352 2462 bacua
368 2395 479 2480 ipsius
494 2394 638 2464 ecclesie
653 2396 867 2479 pertinentes
883 2396 920 2461 in
936 2397 1012 2480 ipso
1028 2397 1133 2480 plain,
1154 2397 1212 2464 ubi
1228 2396 1271 2463 ad
1289 2398 1366 2482 ipsa
1381 2398 1474 2465 oliba
1489 2397 1617 2467 dicitnr
1641 2398 1684 2467 de
1707 2398 1800 2468 intus
1823 2418 1888 2466 ano
1911 2403 2095 2469 salernita-

241 2566 326 2617 nam
345 2549 522 2618 cibitatem
539 2567 602 2634 per
618 2567 656 2618 ec
672 2551 753 2618 finis
768 2552 1007 2620 et-mensuria:
1027 2550 1070 2618 de
1087 2552 1239 2618 exomni
1256 2554 1355 2637 parte
1372 2554 1439 2621 line
1452 2553 1562 2638 ipsius
1575 2553 1727 2632 ecclesie,
1742 2557 1793 2623 est
1808 2555 1902 2622 onim
1913 2555 2094 2640 longitudo

238 2703 284 2772 de
300 2703 433 2774 duabus
448 2693 605 2790 partibus
620 2723 686 2772 ana
711 2704 816 2790 pedes
841 2705 968 2791 biginti
992 2708 1027 2772 et
1049 2723 1113 2791 per
1136 2705 1283 2774 latitudo
1307 2707 1469 2774 similiter
1491 2707 1533 2776 de
1556 2707 1687 2775 duabus
1713 2708 1869 2792 partibus
1894 2727 1965 2776 ana
1991 2709 2096 2794 pedes

246 2858 365 2927 decem
381 2860 414 2927 et
431 2862 507 2925 octo
524 2859 567 2926 ad
585 2861 689 2928 talem
708 2860 841 2945 pedem,
861 2864 1028 2946 quantum
1044 2864 1180 2929 cartula
1204 2862 1272 2929 ista
1295 2864 1332 2930 in
1356 2863 1469 2948 capite
1493 2866 1544 2930 est
1567 2859 1688 2949 lata⁴).
1708 2881 1771 2947 per
1796 2863 1992 2948 supradicte
2015 2863 2096 2929 finis

238 3013 280 3079 'et
297 3012 471 3079 mensnria
488 3029 565 3080 cum
582 3011 657 3078 bice
673 3011 715 3079 de
732 3011 791 3079 bia
804 3015 837 3078 et
852 3029 930 3080 cum
947 2978 1148 3080 sericidie'a
1164 3013 1263 3081 soriis
1278 3014 1357 3098 ipsa
1373 3014 1552 3081 mensuris
1568 3014 1727 3082 inclitum
1743 3014 1774 3082 ei
1798 3013 2006 3082 tradidimus
2029 3017 2092 3082 tali

243 3164 373 3242 tinore,
392 3167 430 3230 nt
445 3162 570 3231 amodo
585 3167 620 3230 et
636 3181 744 3248 usqne
760 3163 887 3250 biginti
904 3165 989 3232 anni
1014 3165 1177 3250 completi
1203 3164 1246 3232 ad
1270 3182 1367 3232 snam
1392 3165 1491 3233 etde
1514 3165 1585 3234 suis
1610 3164 1770 3233 eredibns
1796 3165 1866 3231 sint
1893 3169 2093 3249 potestatem

243 3319 435 3387 tenendum
452 3321 487 3386 et
509 3317 770 3398 dominandum,
789 3321 824 3386 et
847 3319 943 3386 iobee
965 3321 999 3386 et
1023 3318 1135 3386 omnis
1158 3335 1219 3385 sue
1243 3318 1405 3385 utilitatis
1428 3317 1555 3385 ibidem
1579 3317 1787 3396 faciendum,
1806 3320 1840 3386 et
1864 3337 1946 3388 casa
1968 3319 2096 3386 ibidem

242 3471 419 3553 edificare,
439 3475 474 3540 et
489 3473 619 3542 ibidem
635 3473 788 3541 residere
805 3475 839 3541 et
853 3473 988 3540 abitare
1004 3491 1107 3558 nsque
1124 3472 1191 3557 ipsi
1209 3472 1336 3557 biginti
1354 3473 1436 3539 anni
1454 3473 1629 3558 completi.
1649 3475 1683 3540 et
1699 3483 1760 3556 per
1777 3473 1866 3538 bona
1881 3473 2097 3540 combenien-

241 3624 293 3692 tia
310 3625 439 3710 guadia
455 3623 557 3694 nobis
573 3623 668 3694 dedit
685 3631 719 3693 ct
733 3625 957 3694 mediatorem
973 3624 1072 3692 nobis
1089 3624 1202 3710 posuit
1218 3627 1338 3709 petrus
1354 3626 1523 3709 presbiter
1540 3625 1632 3692 filins
1648 3623 1819 3710 quondum
1835 3625 1958 3711 nandi;
1983 3629 2017 3690 et
2034 3642 2096 3710 per

247 3775 326 3869 ipsa
343 3780 475 3866 guadia
489 3779 660 3865 obligabit
675 3797 713 3847 se
729 3797 877 3864 suosque
894 3779 1013 3846 eredes
1028 3777 1178 3845 dandum
1196 3779 1234 3844 in
1252 3796 1334 3862 pars
1350 3778 1459 3863 ipsius
1477 3778 1621 3846 ecclesie
1645 3779 1844 3847 annualiter
1867 3795 1932 3862 pro
1956 3796 2096 3846 censum

242 3937 357 4004 oleum
374 3953 445 4002 nna
461 3933 611 4002 kandela
634 3935 792 4018 parbula,
819 3933 898 4001 dum
922 3933 979 4000 ille
1003 3933 1040 3998 in
1064 3932 1140 4016 ipsa
1162 3931 1306 3998 ecclesia
1321 3929 1363 3997 ad
1380 3893 1596 3998 officiandum
1620 3929 1745 4015 ierint;
1771 3933 1806 3996 et
1829 3947 1849 3995 a
1872 3947 1940 4014 quo
1963 3928 1999 3994 in
2023 3931 2098 4014 ipsa

245 4091 394 4158 ccclesia
411 4089 454 4158 ad
472 4088 693 4158 officiandum
711 4106 782 4156 non
798 4087 916 4166 ierint,
936 4086 1043 4154 deant
1058 4085 1184 4154 exinde
1200 4085 1397 4154 annualiter
1415 4085 1456 4152 ad
1474 4103 1558 4169 pars
1583 4084 1692 4168 ipsius
1714 4080 1858 4152 ecclesie
1882 4081 1939 4149 ille
1963 4085 1997 4149 et
2021 4099 2098 4149 snos

243 4242 366 4310 eredes
384 4261 491 4328 usqne
507 4243 583 4327 ipso
600 4242 825 4309 constitutum
850 4259 992 4309 aureum
1017 4241 1083 4306 tari
1104 4259 1226 4308 unum.
1246 4243 1280 4308 et
1304 4257 1366 4324 per
1391 4242 1479 4306 bona
1503 4237 1755 4306 combenientia
1779 4254 1841 4321 per
1864 4235 1943 4320 ipsa
1965 4233 2096 4319 guadia

243 4396 414 4480 obligabit
428 4414 465 4463 se
481 4413 628 4482 suosque
646 4395 777 4474 eredes
798 4399 836 4461 ut
852 4395 881 4461 si
908 4395 1043 4480 aliquit,
1063 4394 1104 4461 dc
1127 4394 1297 4480 quomodo
1321 4394 1480 4478 superins
1504 4394 1645 4478 legitur,
1662 4389 1826 4476 quesierit
1841 4393 2015 4458 remobere
2039 4391 2099 4454 aut

244 4547 419 4628 contrar'e,
438 4551 473 4617 et
489 4549 576 4616 talia
590 4548 627 4614 in
642 4565 725 4634 pars
741 4548 851 4634 ipsius
867 4547 1012 4615 ecclesie
1034 4565 1105 4614 non
1129 4545 1359 4632 adinpleberit
1382 4549 1417 4612 et
1440 4544 1566 4629 aliquit
1588 4543 1712 4611 exinde
1735 4541 1997 4619 contradixerit,
2016 4543 2098 4606 tunc

252 4719 314 4786 per
332 4700 411 4786 ipsa
427 4699 557 4786 gnadia
572 4701 740 4786 obligabit
759 4718 795 4767 se
811 4717 958 4785 suosque
974 4698 1095 4767 eredes
1111 4699 1154 4766 ad
1178 4697 1456 4784 componendum
1472 4695 1558 4763 milri
1577 4696 1630 4762 rel
1654 4693 1697 4761 ad
1721 4693 1807 4762 meis
1830 4691 2095 4769 successoribus

251 4871 314 4921 seu
332 4853 368 4919 in
385 4872 466 4939 pars
482 4854 590 4940 ipsius
606 4853 748 4922 ecclesie
765 4853 914 4940 triginta
930 4853 1006 4920 anri
1024 4851 1151 4920 solidos
1175 4851 1425 4920 constantines.
1446 4853 1481 4916 et
1504 4851 1597 4918 hunc
1622 4849 1760 4926 brebem
1784 4849 1909 4934 scripsi
1934 4865 1999 4932 ego
2022 4845 2100 4913 ade-

248 5009 337 5077 mari
354 5011 512 5078 nolarius
527 5009 585 5096 qui
602 5008 755 5077 interlui.
807 5063 810 5068 .

261 5225 270 5229 -
282 5219 703 5229 -——--—-——-.

299 5356 325 5428 ⁴)
341 5359 477 5417 Mensura
489 5360 578 5417 huius
592 5359 709 5416 chartae
724 5367 816 5415 metro
832 5357 1019 5430 aequiparata
1034 5365 1147 5413 constet
1161 5356 1279 5429 triginta
1294 5365 1323 5412 et
1337 5356 1467 5428 quinque
1481 5351 1660 5412 centimetris
1674 5359 1703 5407 et
1717 5366 1768 5406 sex
1782 5348 1969 5406 millimetris.
