5378 7098
1130 619 1360 692 MONlTllM
2062 647 2122 698 xur

317 871 479 983 aliquid
515 869 664 954 exinde
701 867 840 953 tollere
877 879 949 950 cut
985 864 1227 949 contrahere
1258 866 1368 952 nobis
1407 868 1723 978 quaesierimus
1749 869 1879 982 obligo
1906 899 1970 955 rue
1999 887 2036 956 et
2062 900 2172 960 moos

317 1051 485 1136 heredes
527 1051 582 1136 od
622 1047 946 1162 componendum
985 1044 1095 1130 uobis
1133 1057 1210 1130 eto.
1242 1113 1250 1128 .
1281 1113 1289 1130 .
1320 1113 1329 1129 .
1358 1045 1721 1160 Compositionum
1759 1053 2062 1151 tantummode,
2095 1081 2170 1139 seu

315 1234 544 1318 multarum
579 1230 785 1340 rationem
827 1228 1003 1313 innuere
1040 1226 1177 1325 libuit,
1213 1239 1259 1312 ut
1301 1253 1347 1310 ex
1384 1255 1530 1313 earum
1569 1229 2073 1328 incremento‚.coniicere
2109 1236 2173 1321 sas

314 1413 401 1509 sit,
436 1409 652 1523 quodnam
683 1434 907 1524 progressu
939 1405 1137 1518 temporis
1170 1405 1371 1517 pecuniae
1409 1407 1588 1519 pretium
1621 1388 1858 1509 invaluerit,
1893 1425 1933 1495 et
1969 1415 2170 1524 quemad-

315 1591 489 1676 modum
522 1589 859 1677 contrahentium
895 1585 998 1672 fides
1035 1586 1093 1671 ita
1124 1587 1340 1672 conventis
1377 1587 1597 1701 paullatim
1635 1588 1828 1686 defuerit,
1860 1591 1920 1676 uti
1957 1594 2171 1706 graviores

315 1773 471 1859 multae
513 1771 719 1886 promissa
760 1770 922 1857 solvere
963 1769 1239 1855 renuentibus
1282 1769 1582 1857 indicerentur.

410 1954 518 2040 Sunt
560 1981 658 2039 vero
701 1951 854 2066 quibus
897 1957 932 2037 is
973 1951 1194 2051 nominum
1237 1953 1596 2065 agnominumque
1639 1953 1865 2066 syllabicus
1915 1955 2071 2055 index,
2113 1957 2173 2040 in-

318 2147 434 2248 grato
477 2136 647 2249 quidem
688 2135 831 2222 labore
873 2136 1098 2248 perlectus,
1130 2161 1216 2219 non
1258 2135 1488 2219 admodum
1531 2135 1715 2220 arridere
1760 2137 1939 2222 videtur.
1967 2138 2072 2223 Cuia
2111 2166 2174 2222 re-

318 2315 471 2413 tulerit,
504 2316 637 2415 aiunt,
667 2328 726 2400 tot
767 2316 958 2412 nomina,
991 2327 1032 2400 et
1073 2315 1282 2427 quaedam
1324 2314 1478 2400 centies
1509 2315 1685 2429 repetita
1717 2316 1880 2430 legisse.
1911 2319 1969 2403 At
2001 2345 2086 2402 non
2110 2319 2177 2402 ita

318 2497 445 2583 sensit
475 2497 856 2609 praestantissimus
890 2497 955 2580 vir
977 2495 1218 2600 BluhmiuS,
1255 2495 1373 2580 cuius
1406 2496 1578 2608 quidem
1608 2497 1764 2582 iudicio
1796 2498 2174 2609 adquiescendum,

321 2681 478 2794 quique
503 2679 554 2762 ad
576 2706 665 2764 rem
687 2680 790 2763 haee
817 2679 971 2764 habet:
1003 2677 1165 2763 «Uoter
1187 2679 1265 2762 dea
1287 2680 1457 2790 eipeneo
1478 2677 1676 2791 Zupolren
1696 2680 1769 2764 der
1789 2677 2080 2793 Heronspeber
2103 2682 2176 2766 lto-

319 2860 395 2942 too
415 2861 493 2944 coir
514 2861 619 2944 eine:
642 2860 707 2944 die
728 2862 824 2945 sehr
844 2859 1166 2971 vollstaendipcn
1189 2858 1521 2970 olpbnbattscben
1537 2857 1754 2943 Persoucn
1770 2910 1827 2922 --
1843 2861 1932 2943 und
1967 2860 2175 2974 Ortsrepc'·

319 3053 416 3138 ster,
440 3039 630 3124 doulcdor
659 3068 714 3124 zu
745 3039 963 3140 cucumere,
984 3039 1096 3124 uiolet
1117 3041 1219 3124 dloss
1242 3040 1332 3123 weil
1352 3041 1409 3124 sie
1432 3068 1510 3166 zor
1530 3040 1705 3125 rosobeu
1731 3039 2007 3152 Orientironp
2029 3043 2074 3124 io
2097 3041 2176 3125 den

188 3267 190 3270 ·
322 3220 482 3308 Detoils
505 3223 578 3307 dor
621 3220 873 3336 Sdmmlnap
915 3221 1092 3324 oielsncb
1131 3220 1375 3326 dobneltlc'eh
1413 3225 1518 3320 sind,
1551 3223 1729 3307 condere
1752 3222 1857 3307 octob
1895 3223 1987 3306 weil
2023 3225 2079 3307 sie
2113 3226 2180 3307 eiu

323 3405 479 3490 reicbes
500 3404 698 3492 Moterinl
728 3435 807 3491 zar
831 3405 1117 3517 Ergoeuaunq
1139 3404 1207 3488 des
1239 3402 1685 3489 Focrstemoon’scleen
1707 3403 1999 3489 Nomenbaclts
2021 3405 2179 3488 euthol-

324 3585 452 3690 teol).
480 3582 602 3680 Quod
625 3585 736 3668 enim
760 3597 922 3668 tantum
961 3583 1097 3666 virum
1135 3583 1306 3668 minime
1344 3583 1478 3696 latuit,
1512 3583 1545 3666 si
1578 3611 1723 3667 omnes
1757 3583 1809 3668 ad
1847 3611 1979 3668 unum
2012 3583 2177 3681 eruditi,

324 3763 396 3875 qui
430 3763 499 3847 illa
537 3765 740 3850 obiiciunt
772 3765 1283 3880 parumperperpendere
1316 3765 1462 3863 velint,
1490 3793 1563 3878 pro
1602 3777 1713 3850 certo
1746 3763 1963 3861 habemus
1990 3763 2180 3875 syllabici
2301 3760 2309 3770 “

327 3943 476 4030 indicis
518 3975 615 4031 eum
657 3949 708 4032 ad
746 3949 1112 4062 ethnographicas‚
1145 3963 1235 4032 tum
1269 3948 1321 4033 ad
1353 3937 1942 4060 genealogicae‘quaestiones
1974 3944 2175 4032 definien-

326 4124 400 4209 das
441 4126 738 4238 praestantiam
781 4141 1016 4214 testaturos.
1048 4131 1242 4241 Namque
1286 4155 1337 4210 ex
1379 4141 1438 4212 tot
1481 4127 1739 4240 alienigenae
1783 4140 1823 4211 et
1858 4127 2011 4211 latinae
2044 4127 2184 4239 stirpis

324 4306 565 4392 nominibus
599 4309 653 4394 ibi
706 4271 965 4424 conscriptis,
1019 4310 1330 4422 quodammodo
1384 4308 1656 4406 adfirmatur,
1699 4308 1770 4419 qui
1798 4306 1921 4392 luerit
1970 4306 2179 4391 societatis

327 4501 457 4574 status
499 4489 541 4570 in
584 4488 731 4575 italicis
772 4487 996 4602 provinciis
1038 4490 1110 4574 ad‘
1136 4489 1405 4574 undecimum
1443 4488 1657 4574 saeculum
1700 4484 2073 4600 Langobardorum
2122 4484 2180 4567 di-

328 4666 429 4750 tioni
471 4667 697 4767 subiectis,
739 4697 847 4781 quae
889 4668 1143 4755 familiarum
1187 4670 1488 4755 nonnullarum
1531 4669 1647 4781 origo
1696 4669 1956 4754 saeculorum
2000 4670 2183 4754 tenebris

328 4845 492 4943 obruta.
529 4876 636 4960 quae
660 4849 829 4934 taudem
861 4851 1124 4963 proprietatis
1158 4851 1264 4950 iura,
1300 4855 1504 4937 victorum
1547 4879 1786 4947 consensu,
1820 4877 1992 4935 romano
2037 4849 2183 4932 colono

330 5029 626 5140 superfuerint.
1470 4989 1471 4992 .

422 5209 531 5296 Sunt
572 5223 611 5294 et
648 5211 733 5310 alii,
761 5215 833 5325 qui
872 5213 1118 5297 onomastici
1151 5213 1299 5327 indicis
1329 5216 1624 5327 praestantiam
1660 5212 1905 5324 neutiquam
1934 5211 2181 5306 abnuentes

332 5384 464 5470 alium
506 5385 756 5499 syllabicum
799 5416 865 5474 res
907 5402 947 5473 et
988 5388 1117 5476 verba
1160 5391 1507 5506 complectentem
1552 5390 1729 5505 singulis
1778 5389 2065 5475 voluminibus
2115 5389 2185 5471 ad-

417 5805 441 5884 l)
462 5803 570 5883 Sybel
595 5805 797 5868 Historische
821 5807 1010 5869 Zeitsohrilt
1031 5807 1113 5871 1873
1136 5830 1166 5888 p.
1191 5809 1262 5870 397.
