5252 7102
1064 544 1439 620 DlPLOMATICUS

375 763 561 876 †signom
577 807 702 856 marius
722 787 902 856 credendei
917 769 978 872 ¹qui
995 789 1062 853 hac
1079 787 1213 854 cartula
1233 788 1384 856 scribere
1398 794 1538 876 rogabit
1553 797 1588 863 et
1603 795 1742 881 signum
1759 799 1871 867 crucis
1887 801 1980 868 fecit.

373 915 561 1030 †signum
586 959 710 1008 manus
733 939 848 1007 ioboni
872 939 1014 1023 rogatus
1046 955 1068 1004 a
1091 940 1349 1026 superescripto
1372 944 1474 1012 testes
1497 963 1574 1012 sum
1598 949 1633 1012 et
1655 945 1793 1032 signum
1817 950 1931 1019 crucis
1954 953 2046 1020 fecit.

373 1067 403 1179 †
421 1095 564 1180 signum
581 1113 707 1162 manus
721 1091 794 1160 ursi
811 1093 954 1175 rogatus
969 1107 991 1157 a
1007 1091 1263 1176 superescripto
1279 1094 1385 1160 testes
1400 1113 1473 1162 sum
1489 1100 1524 1164 et
1540 1097 1681 1183 signum
1698 1100 1809 1168 crucis
1827 1101 1918 1170 tecit.

372 1219 496 1333 †p0st
519 1247 649 1316 tradita
671 1251 706 1315 et
728 1248 809 1316 data
832 1267 854 1315 a
876 1245 1018 1316 testibus
1040 1245 1205 1312 roborata
1227 1265 1294 1331 ego
1319 1250 1373 1316 leo
1397 1249 1512 1316 iudice
1537 1255 1573 1319 et
1594 1255 1732 1320 notario
1763 1255 1950 1340 complebit
1984 1259 2019 1322 et
2052 1255 2181 1323 finibit.

1093 1755 1442 1837 CGCCXXII.

1119 2007 1175 2081 A.
1215 2005 1264 2081 D.
1303 2001 1407 2082 990.

382 2268 469 2402 †ln
486 2319 625 2383 nomine
641 2315 774 2382 domini
790 2316 938 2401 septimo
954 2333 1046 2382 anno
1069 2315 1285 2399 principatus
1300 2313 1418 2380 domni
1442 2315 1554 2381 nostri
1570 2317 1732 2395 iohanni,
1751 2319 1786 2383 et
1808 2317 1922 2400 primo
1945 2335 2037 2384 anno
2060 2320 2182 2387 domni

319 2470 498 2553 guaimari
522 2469 595 2536 eius
618 2449 691 2534 duo
715 2464 861 2553 gloriosi
885 2468 1113 2553 principibus,
1140 2485 1256 2536 mense
1280 2467 1471 2534 februarius
1491 2469 1599 2535 tertia
1622 2468 1820 2537 indictione.
1847 2489 1925 2536 cum
1949 2490 2092 2539 erremus
2115 2487 2179 2541 nos

320 2621 490 2690 iohannes
514 2625 547 2691 et
569 2624 689 2706 petrus
711 2621 891 2701 iudicibus,
917 2624 951 2690 et
973 2641 1044 2690 una
1067 2621 1247 2688 nobiscum
1271 2627 1387 2688 essent
1408 2620 1594 2707 subscripti
1617 2623 1750 2691 idoneis
1774 2623 1982 2711 hominibus,
2003 2625 2039 2690 in
2062 2627 2183 2694 urbem

320 2775 569 2841 salernitanam
592 2773 634 2840 ad
659 2775 879 2859 singulorum
903 2777 1100 2842 causatores
1123 2791 1247 2841 causas
1270 2772 1456 2840 audiendas
1479 2773 1514 2840 et
1536 2773 1754 2855 difiniendas,
1774 2774 1892 2860 ibique
1915 2777 1997 2843 ante
2019 2793 2083 2844 nos
2106 2779 2185 2844 sunt

285 3018 288 3024 Ι
328 2925 483 2992 coniunti
516 2926 712 2994 domnellus
734 2927 908 3012 presbiter
932 2928 966 2994 et
996 2925 1103 2992 abbas
1137 2925 1279 2994 ecclesie
1314 2927 1433 2992 sancte
1467 2923 1522 2991 dei
1558 2927 1740 3010 genitricis
1774 2929 1909 3006 marie,
1935 2928 2024 3012 quod
2059 2929 2187 2996 domna

325 3078 511 3162 sikelgaita
534 3077 746 3163 principissa
769 3096 858 3146 uxor
880 3077 1070 3164 supradicti
1094 3075 1211 3144 domni
1242 3075 1385 3143 iohanni
1421 3076 1565 3161 gloriosi
1603 3078 1773 3162 principis
1807 3097 1829 3146 a
1861 3081 1952 3146 nobo
1987 3081 2186 3147 construxit

262 3313 264 3316 .
323 3229 526 3297 fundamine
549 3231 642 3297 intus
666 3249 705 3296 ec
728 3231 870 3296 cibitate
892 3231 1031 3299 salerno
1055 3228 1145 3297 inter
1169 3245 1269 3295 muro
1294 3229 1328 3296 et
1343 3229 1514 3295 muricino
1531 3229 1568 3293 in
1585 3232 1681 3296 terra
1697 3247 1826 3314 suaque
1841 3230 1967 3298 domne
1983 3231 2181 3316 sikelgaite,

324 3397 392 3464 que
415 3379 481 3446 tuit
503 3381 600 3444 terra
623 3379 701 3463 ipsa
724 3378 940 3462 pertinentes
963 3378 1177 3463 monasterio
1200 3380 1319 3445 sancte
1343 3377 1454 3443 marie
1477 3379 1512 3444 et
1534 3379 1647 3445 sancti
1664 3379 1833 3446 benedicti
1851 3380 1937 3448 situs
1953 3381 2046 3456 intus
2063 3399 2186 3466 supra-

325 3531 421 3598 dicta
444 3531 585 3598 cibitate
609 3533 759 3610 salerno,
784 3535 820 3598 et
843 3531 990 3598 domnus
1015 3531 1199 3598 radoaldus
1223 3532 1330 3598 abbas
1354 3529 1545 3616 supradicti
1569 3531 1785 3622 monasterii,
1814 3552 1883 3600 una
1904 3552 1981 3601 cum
2016 3551 2057 3601 eo
2091 3538 2182 3602 esset

323 3688 394 3751 toto
420 3685 656 3752 advocatorem
681 3685 770 3752 eius
796 3691 831 3752 et
855 3703 932 3751 cum
955 3685 1087 3764 taliter,
1113 3687 1151 3776 nt
1173 3685 1338 3763 diximus,
1366 3685 1433 3768 ipsi
1458 3687 1600 3752 abbates
1624 3685 1764 3754 luerunt
1793 3685 1959 3765 coniunti,
1986 3687 2187 3772 quesierunt

325 3836 574 3906 diffinitionem
599 3839 753 3906 facerent
776 3837 866 3905 inter
889 3857 926 3906 se
948 3839 991 3906 de
1016 3841 1138 3924 quibus
1162 3840 1236 3924 ipse
1258 3839 1451 3907 dumnellus
1487 3840 1593 3905 abbas
1628 3839 1786 3906 cassabit
1820 3858 1898 3906 cum
1935 3839 2010 3924 ipso
2040 3840 2187 3907 domnus

325 3990 513 4058 radoaldus
546 3991 653 4058 abbas
686 3993 821 4056 etcum
846 3991 1000 4075 predicto
1024 3993 1098 4059 eius
1131 3991 1397 4070 aduocatorem,
1424 3993 1464 4056 ut
1494 3991 1569 4075 ipse
1604 3991 1711 4056 abbas
1745 3992 1779 4057 et
1811 3989 2010 4056 hominibus
2036 3990 2185 4074 predicti

322 4101 527 4209 monasterii
551 4143 731 4211 contraxet
753 4141 785 4209 ei
808 4144 842 4210 et
866 4143 912 4209 ad·
935 4142 1079 4210 clericos
1103 4141 1259 4226 predicte
1281 4141 1424 4208 ecclesie
1450 4143 1567 4208 sancte
1596 4141 1704 4208 marie
1738 4142 1832 4208 terra
1866 4139 1963 4224 ipsa,
1989 4141 2026 4206 in
2061 4141 2185 4224 quibus

323 4296 399 4381 ipsa
432 4295 578 4362 ecclesia
601 4295 761 4364 edificata
784 4298 836 4364 est
858 4300 892 4366 et
915 4315 981 4383 que
1014 4297 1061 4363 ibi
1097 4297 1261 4365 coniuuta
1295 4295 1404 4362 adexe
1439 4294 1613 4362 bidentur.
1641 4296 1676 4362 et
1709 4296 1784 4380 ipse
1817 4293 1963 4361 domnus
1998 4291 2184 4360 radoaldus

322 4449 444 4516 taliter
467 4467 544 4516 curn
569 4447 643 4534 ipso
666 4448 910 4516 adbocatorem
934 4449 1127 4526 audientes,
1147 4448 1310 4516 dixerunt
1327 4450 1458 4515 benitas
1481 4451 1605 4526 essent,
1632 4451 1670 4514 ut
1686 4447 1756 4515 illis
1771 4450 1806 4514 et
1820 4446 2020 4514 hominibus
2035 4445 2182 4531 predicti

321 4601 530 4666 monasterii
556 4600 637 4666 talia
660 4598 815 4686 secisset3
841 4603 904 4678 set,
932 4600 1021 4667 sicut
1044 4603 1119 4685 ipse
1142 4599 1337 4666 dumnellus
1360 4600 1466 4666 abbas
1489 4597 1591 4676 dixit,
1610 4615 1675 4682 pro
1692 4599 1814 4682 quihus
1830 4599 1924 4694 terra
1939 4597 2016 4680 ipsa
2038 4594 2184 4680 predicti

322 4752 526 4820 monasterii
542 4751 606 4819 tuit
622 4755 657 4820 et
671 4753 805 4838 legibus
821 4753 933 4820 eidem
950 4753 1158 4822 monasterio
1174 4756 1254 4820 exet
1270 4752 1494 4836 pertinentes,
1509 4752 1544 4816 et
1555 4751 1665 4834 ipsius
1680 4750 1848 4818 dumnelli
1865 4751 1997 4817 nullam
2012 4750 2185 4816 rationem

323 4900 451 4970 exinde
474 4901 612 4972 deberet
634 4903 781 4981 retdere,
800 4907 943 4989 propter
966 4905 1056 4990 quod
1081 4905 1191 4989 ipsius
1206 4902 1372 4970 dumnelli
1396 4902 1527 4967 nullam
1552 4900 1633 4968 inde
1655 4903 1735 4968 exet
1758 4891 1983 4986 pertinentes,
2001 4903 2035 4967 et
2058 4917 2123 4984 pro
2145 4917 2185 4964 oc

329 5057 407 5142 ipse
424 5055 618 5125 dumnellus
641 5057 748 5122 abbas
772 5053 895 5123 ostedit
921 5073 1027 5122 unam
1055 5055 1277 5139 scriptionem
1306 5055 1544 5121 continentes:
1573 5053 1677 5120 tertio
1703 5068 1795 5118 anno
1825 5052 2043 5135 principatus
2066 5049 2184 5116 domni

332 5208 476 5276 iohanni
505 5210 540 5275 et
563 5208 684 5275 domni
709 5207 852 5293 guidoni
881 5209 1025 5294 gloriosi
1053 5209 1245 5294 principis,
1272 5226 1389 5276 mense
1415 5209 1560 5274 martius
1587 5205 1848 5292 quartadecima
1874 5203 2082 5270 indictione:
2109 5179 2197 5287 ipse

324 5362 472 5428 domnus
488 5362 596 5428 abbas
612 5360 759 5446 predicti
777 5362 978 5430 monasterii
994 5365 1114 5430 sancte
1128 5363 1237 5429 marie
1253 5365 1287 5430 et
1301 5363 1410 5429 sancti
1428 5361 1599 5428 benedicti
1616 5359 1817 5434 declarabit,
1836 5357 1873 5421 in
1890 5353 2045 5440 predicto
2068 5371 2186 5421 mona-

324 5511 433 5579 sterio
448 5512 681 5596 pertinentem
697 5514 777 5579 exet
793 5516 888 5581 terra
907 5517 1018 5582 bacca
1036 5516 1129 5581 intus
1144 5516 1236 5581 hanc
1260 5515 1495 5598 supradictam
1520 5513 1694 5579 cibitatem
1719 5511 1810 5575 inter
1834 5523 1935 5573 muro
1958 5509 1993 5572 et
2015 5507 2187 5572 muricino

324 5679 394 5746 que
409 5663 538 5745 absque
553 5662 659 5729 ullum
673 5663 831 5730 affectum
849 5664 1054 5748 possideret,
1072 5669 1106 5732 et
1122 5667 1265 5750 propter
1285 5664 1474 5740 exercitum
1499 5662 1783 5744 francorumque
1806 5658 1948 5726 luerunt
1971 5659 2007 5725 in
2030 5677 2069 5724 ac
2091 5661 2185 5725 terra

324 5813 553 5893 salernitana,
578 5814 747 5882 derebus
771 5815 924 5882 iamdicti
949 5816 1149 5884 monasterii
1173 5816 1281 5882 multa
1305 5813 1433 5880 inculta
1456 5813 1682 5896 permaneres
1699 5813 1734 5878 et
1750 5808 1830 5875 dum
1856 5808 1966 5876 voluit
1989 5808 2184 5891 supradicta

538 5939 644 5983 ronti.
2023 5932 2067 5992 ar¹
