5252 7102
1320 604 1483 678 CODEX
1527 607 1760 681 CAVENSIS

1335 1059 1712 1142 CCCCXXXI.

1374 1309 1430 1386 A.
1470 1311 1522 1387 D.
1560 1307 1667 1389 990.

604 1582 606 1586 Ι
653 1569 752 1707 †In
778 1619 920 1686 nomine
942 1617 1073 1686 domini
1097 1620 1242 1686 sebtimo
1265 1636 1357 1686 anno
1390 1619 1609 1703 principatus
1643 1620 1761 1688 domni
1786 1623 1896 1689 nostri
1931 1625 2076 1690 iohanni
2111 1627 2145 1691 et
2177 1625 2328 1692 secundo
2356 1593 2429 1692 anno

589 1774 807 1859 principatus
830 1771 948 1839 domni
972 1772 1084 1839 nostri
1108 1772 1293 1856 guaimarii
1316 1772 1389 1841 eius
1412 1771 1484 1838 filio
1500 1773 1645 1858 gloriosi
1663 1772 1890 1858 principibus,
1909 1793 2026 1842 mensa
2042 1777 2183 1842 octuber
2199 1779 2324 1861 quartu
2338 1776 2429 1844 indie·

589 1930 695 1998 lione.
726 1928 1009 1998 Memoratorium
1033 1929 1123 1994 sactu
1149 1946 1171 1994 a
1194 1945 1257 1994 nos
1280 1929 1398 2011 petrus
1421 1929 1456 1994 at
1477 1927 1697 2010 trutpoaldus
1721 1929 1879 2013 germani
1893 1928 1967 2016 ,filii
1996 1927 2167 2014 quondam
2183 1931 2377 2008 ermelandi,
2401 1937 2428 1998 et

588 2082 806 2166 grimoaldus
834 2084 868 2150 et
891 2081 1113 2150 landonolfus
1136 2080 1297 2166 garmani
1327 2082 1362 2147 et
1394 2079 1459 2146 filii
1496 2078 1667 2163 quondam
1702 2081 1855 2160 carauni,
1893 2077 1993 2169 doo¹)
2028 2083 2118 2168 quod
2154 2087 2235 2150 ante
2270 2051 2429 2150 subscribti

591 2237 696 2304 testes
717 2253 780 2320 per
799 2237 890 2302 bona
915 2233 1158 2301 conbenientia
1181 2229 1314 2316 guadia
1336 2231 1437 2298 nobis
1452 2230 1549 2301 dedit
1565 2229 1780 2297 sikhenolfus
1804 2231 1895 2298 illius
1912 2232 2016 2298 ciceri
2034 2251 2097 2317 par
2114 2232 2329 2300 absolutione
2342 2232 2430 2316 ipsius

587 2386 693 2454 ciceri
718 2387 868 2471 genitori
893 2403 955 2453 suo
978 2389 1012 2453 at
1035 2387 1148 2469 ipsum
1171 2385 1338 2462 astantes
1369 2385 1403 2451 et
1432 2381 1657 2450 mediatorem
1690 2383 1788 2450 nobis
1823 2383 1939 2468 posuit
1975 2383 2126 2452 bifanius
2160 2384 2252 2451 filius
2276 2383 2429 2469 quondam

587 2541 697 2627 petri;
723 2541 757 2606 et
780 2558 843 2624 per
867 2537 945 2624 ipsa
969 2535 1102 2621 guadia
1126 2534 1297 2620 obligabit
1319 2554 1354 2602 sa
1377 2552 1504 2618 suoque
1527 2533 1629 2602 erede
1652 2533 1713 2601 tali
1737 2532 1870 2613 ordine,
1896 2537 1935 2599 ut
1957 2534 2080 2600 amodo
2102 2537 2136 2602 et
2164 2554 2272 2620 usque
2299 2535 2429 2618 conpleti

586 2695 754 2777 quantuor
778 2691 861 2758 anni
887 2693 1005 2758 tenere
1028 2687 1070 2757 ad
1094 2687 1322 2756 laborandum
1346 2691 1381 2755 et
1403 2687 1641 2756 seminandum
1666 2690 1764 2754 huna
1786 2686 1884 2772 pecia
1905 2687 1948 2754 da
1972 2690 2067 2756 terra
2089 2691 2210 2755 nostra
2234 2691 2340 2756 uacua
2354 2685 2428 2772 quod

586 2847 727 2912 abemus
750 2845 788 2910 in
811 2843 999 2920 stricturie‚
1025 2844 1136 2909 locum
1161 2841 1243 2907 hubi
1269 2839 1454 2924 derropate
1476 2839 1617 2919 dicitur,
1644 2857 1707 2924 par
1730 2857 1769 2906 eu
1792 2839 1929 2907 finis:a
1952 2859 2033 2924 pars
2058 2842 2201 2910 orientis
2219 2843 2289 2908 lina
2306 2839 2425 2908 nostra:

585 2999 633 3064 ha
656 3015 740 3082 pars
765 2996 1105 3066 sattemtriunis·fine
1129 2995 1184 3060 bia
1207 2995 1348 3065 hantica
1371 3013 1435 3079 que
1456 2993 1574 3082 pergit
1605 2993 1641 3060 in
1675 3011 1807 3078 gauro:
1826 2994 1873 3060 ha
1907 3011 1990 3078 pars
2025 2993 2212 3062 occidentis
2240 2995 2308 3062 line
2339 2990 2429 3056 dubio

584 3149 828 3240 pecentino:a
850 3169 934 3235 pars
959 3149 1105 3216 meridie
1127 3148 1196 3216 fine
1219 3147 1332 3214 medio
1356 3149 1504 3214 ballone.
1536 3147 1631 3214 inira
1655 3149 1719 3214 has
1741 3150 1855 3216 autam
1890 3149 1971 3215 finis
2005 3165 2063 3218 eos
2098 3136 2294 3218 annualiter
2326 3151 2431 3231 tenpo-

581 3304 680 3371 ribus
702 3301 773 3371 suis
797 3304 956 3368 lavorare
979 3303 1039 3369 het
1062 3299 1236 3367 seminare
1259 3299 1301 3368 da
1323 3302 1425 3385 qualo
1447 3302 1597 3369 semente
1621 3299 1746 3369 ividem
1770 3302 1950 3380 meruerit,
1969 3303 2004 3368 at
2025 3300 2068 3369 de
2091 3301 2180 3386 quud
2198 3301 2322 3371 ividem
2340 3298 2431 3368 sami·

579 3456 727 3535 naberit,
752 3454 857 3523 deant
877 3455 975 3521 nobis
997 3452 1126 3521 exinde
1149 3455 1351 3520 terraticum
1374 3453 1561 3523 secundum
1586 3455 1833 3522 consuetudine
1855 3455 1898 3522 da
1922 3455 1997 3540 ipso
2020 3457 2155 3533 locum,
2180 3459 2215 3522 at
2239 3473 2300 3522 nos
2323 3452 2427 3520 deleu-

582 3628 697 3678 semus
721 3609 828 3718 ipsius
852 3609 928 3692 ipsa
950 3613 1048 3675 terra
1070 3608 1215 3676 hamodu
1237 3613 1272 3676 et
1294 3627 1400 3693 usque
1416 3610 1492 3693 ipso
1507 3609 1733 3676 constitutum
1750 3608 1795 3675 da
1811 3589 1922 3675 omnis
1945 3608 2079 3674 omines
2096 3609 2258 3692 omniqua
2272 3605 2423 3692 partibus,

580 3765 615 3831 et
638 3778 708 3829 non
732 3777 915 3846 queramus
938 3761 1016 3828 illut
1035 3761 1141 3846 ipsius
1172 3759 1328 3838 silanolll
1360 3763 1480 3830 tollara
1503 3766 1564 3829 aut
1586 3764 1745 3829 contrare
1780 3781 1885 3848 usque
1920 3763 1996 3846 ipso
2030 3759 2267 3828 constitutum.
2293 3753 2374 3842 quod
2399 3751 2423 3817 si

578 3914 695 3981 taliter
711 3915 909 3998 omniaque
926 3931 1033 3997 supra
1050 3914 1134 3998 legi,
1153 3913 1228 3998 ipsa
1244 3912 1432 3981 sikenolfus
1449 3915 1502 3982 vel
1518 3913 1590 3982 suis
1607 3912 1766 3980 aradibus
1789 3913 1890 3980 nobis
1914 3914 1968 3980 vel
1986 3931 2007 3979 a
2033 3913 2161 3980 nostris
2188 3912 2341 3982 aradibus
2364 3920 2424 3974 non

582 4066 831 4152 adinplavarit‚
850 4067 905 4134 vel
928 4066 1052 4151 aliquit
1073 4065 1201 4132 exinde
1225 4063 1323 4132 nobis
1346 4063 1699 4143 contradixeri,·tunc
1724 4083 1785 4150 per
1808 4064 1887 4150 ipsa
1910 4063 2039 4150 guadia
2062 4063 2232 4150 obligabit
2255 4085 2291 4134 se
2310 4072 2423 4141 suoque

581 4219 684 4289 erede
700 4219 744 4287 ad
762 4217 1038 4304 componendum
1053 4220 1153 4286 nobis
1169 4221 1222 4286 vel
1239 4219 1406 4286 anostris
1421 4219 1581 4287 aradibus
1603 4219 1721 4285 decem
1738 4217 1814 4286 auri
1831 4217 1958 4287 solidos
1981 4218 2221 4286 constantines
2245 4221 2280 4286 et
2301 4231 2358 4303 per
2376 4209 2422 4274 iu·

581 4373 663 4440 vitis
688 4374 736 4439 ita
750 4371 941 4459 adinplere.
961 4376 994 4440 et
1018 4391 1086 4439 uno
1109 4375 1251 4442 brebem
1268 4373 1392 4442 scribsi
1416 4393 1482 4459 ego
1505 4347 1622 4460 petrus
1646 4374 1793 4442 clericus
1817 4379 1851 4441 et
1876 4375 2043 4452 notarius,
2063 4373 2119 4459 qui
2143 4372 2315 4442 interluit.
2332 4363 2426 4434 actum

523 4537 528 4548 ·
575 4525 775 4592 stricturiis.

636 4649 666 4763 †
682 4694 748 4761 ego
762 4681 849 4747 Urso
865 4678 1010 4746 clericus
1025 4681 1059 4747 et
1074 4677 1241 4746 diaeonus

639 4801 669 4916 †
684 4847 751 4914 ago
767 4830 908 4898 ioannes

635 4956 665 5069 †
680 4999 747 5068 ego
763 4983 945 5052 atenolfus.

631 5313 655 5382 ⁴)
677 5313 737 5382 deo,
760 5327 812 5384 pro
833 5314 866 5368 da
884 5329 923 5366 ao.
