5252 7102
994 594 1363 667 bllJLOlllTlcUs

968 1049 1398 1131 CCCCXXXIV.

985 1317 988 1326 ’
1042 1299 1096 1374 Α.
1136 1299 1187 1374 D.
1225 1295 1329 1376 990.

307 1557 341 1694 †
366 1609 559 1677 innomine
576 1605 709 1674 domini
725 1607 852 1674 domno
871 1605 972 1674 basili
987 1604 1109 1674 divina
1124 1605 1241 1691 gratia
1257 1607 1446 1692 imperator
1471 1610 1620 1692 augusto
1642 1605 1706 1674 deo
1728 1607 1900 1693 propitius
1916 1613 2104 1681 Tricesimo

243 1763 366 1847 quarto
382 1780 475 1828 anno
491 1759 629 1847 imperii
645 1760 731 1835 eius,
747 1762 782 1828 et
799 1759 986 1827 vicaesimo
1003 1776 1094 1825 nouo
1123 1777 1216 1827 anno
1241 1778 1318 1827 cum
1336 1778 1377 1829 eo
1400 1763 1573 1846 regnante
1594 1760 1721 1829 domno
1745 1763 1966 1830 constantino
1989 1765 2100 1834 frater

247 1913 321 1982 eins
337 1913 569 1980 sanctissimis
592 1911 864 1998 imperatoribus
886 1877 1029 1990 nostris,
1048 1931 1165 1980 mense
1188 1911 1369 1981 december
1393 1915 1516 2000 quarta
1539 1914 1738 1984 indictione.
1759 1914 1837 1986 Ideo
1860 1934 1927 2002 que
1949 1935 2012 1985 nos
2035 1919 2102 1984 viri

244 2066 387 2134 nomine
402 2067 555 2133 iohanne
571 2067 736 2135 clericum
750 2069 784 2134 et
799 2066 946 2133 iudicem
961 2069 996 2134 et
1010 2067 1220 2152 truppualdo
1235 2068 1329 2136 filins
1344 2067 1513 2154 quoddam
1529 2069 1619 2154 petri
1636 2068 1796 2149 iudicem,
1811 2071 1870 2157 qni
1883 2089 2000 2138 snmus
2011 2088 2102 2137 com-

186 2235 189 2241 ·
243 2227 424 2288 morantes
441 2219 534 2288 intus
550 2219 725 2287 cibitatem
741 2219 881 2299 incerte,
901 2220 1141 2288 claresacimus
1157 2221 1250 2288 enim
1266 2223 1347 2288 ante
1362 2221 1538 2306 presentia
1552 2223 1684 2306 pulcari
1702 2205 1850 2292 iudicem
1866 2227 1901 2292 et
1915 2224 2103 2292 nobiliores

156 2419 160 2424 -
240 2369 426 2465 bominum
444 2372 502 2456 qui
517 2372 575 2438 hic
592 2359 713 2438 subtus
729 2370 920 2456 conscripti
944 2374 1036 2452 sunt,
1054 2373 1137 2456 quia
1153 2373 1320 2442 habemus
1337 2371 1380 2439 ad
1396 2375 1625 2442 communiter
1647 2393 1718 2442 una
1739 2376 1837 2460 pecia
1859 2375 1901 2444 de
1922 2379 2018 2444 terra
2041 2377 2102 2444 illa
2215 2431 2219 2440 .

240 2541 328 2610 pars
343 2523 450 2590 dubio
465 2525 631 2590 salsulam
650 2526 726 2591 esta
738 2481 819 2609 pars
836 2523 940 2591 dubio
955 2525 1125 2611 perticata
1140 2545 1184 2593 ex
1197 2524 1388 2610 predictum
1406 2526 1600 2611 genitorem
1616 2529 1771 2595 nostrum
1788 2528 1883 2594 illam
1900 2527 2098 2606 retinemus,

239 2697 343 2766 quem
359 2679 438 2763 ipsa
452 2679 545 2746 terra
560 2696 668 2745 vacua
683 2695 877 2764 congruum
894 2677 994 2746 nobis
1010 2681 1062 2746 est
1079 2679 1222 2747 bindere
1238 2681 1336 2748 vobis
1352 2680 1454 2760 mari,
1473 2679 1635 2765 poterissi
1651 2684 1684 2749 ct
1708 2680 1765 2748 adi
1788 2682 1862 2748 veri
1886 2682 2045 2767 germani
2068 2685 2102 2752 et

240 2832 307 2900 filii
324 2830 495 2918 quoddam
513 2831 710 2916 garempoti
727 2833 819 2901 bona
835 2834 964 2900 etenim
988 2835 1110 2900 nostra
1134 2836 1394 2919 volumptatem.
1413 2821 1521 2914 Quam
1544 2837 1578 2904 et
1601 2852 1668 2920 ego
1691 2797 1817 2903 mulier
1839 2835 1980 2903 nomine
2002 2834 2100 2903 auria

240 2982 314 3050 filia
334 2983 505 3069 quoddam
522 2983 631 3049 azzari
648 2980 770 3050 relicta
785 3001 853 3067 que
868 2982 935 3049 fuit
949 2983 1040 3068 petri
1058 2981 1205 3051 iudicem
1223 2984 1423 3052 matriniam
1441 2985 1571 3054 scilicet
1587 2985 1730 3051 iohanni
1753 2989 1789 3052 et
1812 2985 2013 3070 truppualdi
2031 3003 2101 3052 una

244 3155 325 3204 curn
343 3136 531 3222 optabiano
548 3154 649 3204 verus
666 3153 856 3220 germanus
878 3153 975 3202 meus
999 3135 1212 3204 unanimiter
1236 3137 1465 3216 declaramus,
1483 3137 1565 3221 quia
1587 3138 1697 3204 habeo
1719 3137 1768 3203 ibi
1784 3141 1942 3222 quartam
1966 3139 2099 3222 partem

238 3289 472 3375 pertinentem
491 3289 526 3355 in
544 3289 623 3374 ipsa
634 3286 790 3373 predicta
804 3289 901 3355 terra
917 3287 1079 3354 emissum
1094 3288 1284 3374 apredicto
1299 3293 1397 3374 petro
1412 3287 1734 3356 iudicemvirmeus
1747 3307 1920 3373 persuum
1933 3289 2102 3374 scriptum

240 3444 480 3528 murgincahp
497 3442 540 3509 ab
557 3443 618 3510 illo
633 3441 741 3508 michi
758 3442 949 3509 firmatum.
970 3447 1068 3511 Nunc
1085 3459 1168 3510 vero
1185 3460 1377 3527 congruum
1396 3442 1502 3510 michi
1519 3447 1571 3510 est
1593 3461 1662 3510 una
1684 3461 1762 3511 cum
1784 3443 1970 3528 optabiano
1994 3443 2102 3512 fratre

237 3615 316 3666 meo
332 3615 397 3665 nec
413 3615 484 3664 non
500 3599 628 3664 etcum
646 3597 797 3666 iohanne
813 3595 989 3664 clericoet
1011 3596 1224 3681 truppualdo
1245 3597 1382 3665 filiastri
1409 3597 1477 3666 mei
1501 3595 1646 3664 biudere
1668 3594 1711 3662 ad
1735 3595 1963 3662 communiter
1987 3597 2101 3680 ipsam
2131 3653 2139 3658 .

238 3755 336 3820 terra
352 3753 441 3818 bona
459 3750 587 3818 etenim
604 3767 716 3818 meam
731 3749 993 3834 volumptatem.
1014 3727 1241 3834 incipientem
1257 3749 1372 3834 primo
1387 3747 1501 3834 primo
1517 3767 1581 3833 per
1597 3750 1684 3815 haec
1699 3748 1799 3835 fines3
1825 3747 1868 3816 de
1888 3747 2004 3832 prima
2019 3767 2103 3833 pars

240 3904 332 3991 quod
351 3909 404 3972 est
420 3906 464 3972 ab
480 3905 558 3990 ipsa
572 3904 631 3972 via
647 3903 798 3989 publica,
817 3901 899 3970 inde
915 3905 995 3969 sunt
1011 3901 1053 3968 ad
1070 3921 1210 3987 passum
1235 3902 1363 3970 iustum
1386 3904 1621 3970 mensuratum
1644 3900 1795 3970 hominis
1818 3901 2001 3972 mediocris
2023 3921 2103 3987 per-

241 4075 329 4127 sona
345 4057 442 4143 passi
459 4056 692 4142 quadraginta
707 4059 743 4124 ct
757 4057 842 4124 tres:
860 4054 903 4124 de
917 4054 1071 4124 secunda
1087 4073 1171 4140 pars
1186 4054 1276 4140 quod
1299 4057 1350 4125 est
1373 4074 1395 4123 a
1418 4055 1488 4122 fine
1511 4055 1653 4121 martini
1677 4055 1802 4140 nepote
1824 4053 1935 4139 gentil
1958 4057 1992 4123 et
2013 4055 2102 4124 ursi·

237 4212 341 4289 mele,
361 4210 442 4277 inde
458 4211 539 4277 sunt
555 4227 617 4294 per
633 4208 815 4294 longitudo
831 4209 925 4293 passi
942 4209 1138 4294 nonaginta
1154 4207 1318 4293 quinque:
1337 4207 1380 4274 de
1395 4207 1501 4275 tertia
1516 4225 1598 4274 vero
1621 4225 1704 4292 pars
1727 4205 1818 4292 quod
1841 4207 1892 4272 est
1907 4223 1930 4272 a
1945 4204 2100 4290 predicto

237 4362 344 4432 dubio
361 4365 548 4449 perticata,
564 4363 645 4431 inde
657 4365 739 4432 suut
750 4363 843 4450 passi
857 4381 935 4442 cum
953 4363 1027 4450 ipse
1043 4366 1172 4434 reuolte
1187 4382 1246 4432 sne
1263 4367 1402 4432 centum
1418 4382 1491 4432 sex:
1507 4364 1537 4430 A
1552 4362 1663 4432 medio
1679 4361 1787 4431 limite
1803 4363 1838 4429 et
1852 4360 1923 4429 fine
1938 4362 2016 4447 ipsa
2032 4364 2102 4430 ter·
2118 4377 2120 4384 ’

236 4533 279 4582 ra
294 4516 387 4584 leoni
406 4516 566 4595 iudicem,
583 4516 663 4584 inde
679 4519 761 4583 sunt
775 4517 868 4602 passi
884 4516 1031 4600 triginta
1047 4519 1139 4601 opto:
1154 4517 1184 4582 A
1200 4517 1312 4584 medio
1328 4515 1437 4584 limite
1453 4517 1488 4584 et
1502 4516 1570 4584 fine
1585 4516 1663 4601 ipsa
1678 4515 1813 4582 vineam
1830 4514 1949 4584 ursilei
1965 4521 2000 4582 et
2015 4532 2102 4583 nan·

241 4667 340 4734 dnini
356 4668 419 4735 filii
436 4647 580 4736 iohanni
600 4675 678 4735 cum
695 4670 770 4754 ipse
786 4671 918 4737 revoltc
933 4688 994 4737 sue
1010 4687 1118 4754 usque
1135 4670 1181 4736 im
1198 4671 1336 4755 priores
1350 4669 1435 4737 lines
1450 4668 1545 4754 passi
1561 4668 1817 4753 quinquaginta
1832 4668 1996 4754 quinque.
2011 4669 2103 4735 Inter

238 4819 306 4887 iste
321 4838 470 4905 namque
493 4819 574 4887 finis
596 4823 630 4888 et
652 4838 813 4888 mensure
840 4839 907 4906 que
930 4817 1131 4904 prelegitur,
1150 4838 1217 4904 que
1238 4837 1302 4887 nos
1325 4819 1493 4886 nominati
1516 4819 1669 4887 iohanne
1691 4819 1816 4886 clerico
1838 4820 1872 4888 et
1893 4817 2104 4905 truppualdo

239 4971 431 5054 optabiano
448 4973 582 5039 scilicet
597 4975 633 5039 et
648 4971 749 5039 auria
765 4971 809 5040 ad
826 4972 1054 5039 communiter
1076 4971 1348 5040 benundedimus
1364 4971 1460 5039 robis
1475 4971 1577 5050 mari,
1596 4970 1757 5056 poterissi
1774 4975 1810 5039 el
1833 4970 1889 5038 adi
1914 4930 2103 5039 emtoribus

243 5122 372 5194 nostris
388 5127 423 5192 et
438 5143 498 5191 vos
513 5143 534 5190 a
550 5141 611 5192 nos
627 5123 802 5207 integram
820 5121 1050 5206 comparasti3
1076 5121 1126 5188 sic
1148 5119 1367 5190 decernimus
1382 5137 1457 5198 nos,
1476 5122 1514 5186 ut
1528 5138 1640 5206 neque
1655 5120 1763 5198 nobis,
1777 5137 1886 5204 neque
1909 5119 1954 5186 ad
1970 5119 2102 5187 nostris

249 5276 447 5355 heredibus,
465 5293 577 5361 neque
600 5279 759 5360 quartam
783 5277 921 5360 partem
946 5287 1094 5342 uxorum
1117 5277 1328 5354 nostrornm,
1353 5273 1529 5359 nequead
1553 5273 1685 5339 nullum
1710 5271 1904 5356 quempiam
1928 5269 2103 5340 hominem

245 5431 354 5499 nichil
372 5429 500 5498 exinde
522 5429 778 5497 reserbavimus
801 5447 865 5496 nec
891 5427 1038 5496 dicimus
1054 5446 1232 5497 remanere
1254 5429 1405 5514 aliquam
1422 5426 1626 5513 portionem.
1646 5425 1703 5493 Set
1723 5441 1793 5490 nna
1814 5441 1893 5490 cum
1917 5423 2040 5491 mediis
2064 5425 2106 5492 li-

245 5583 388 5652 mitibus
412 5587 446 5652 et
468 5602 545 5650 curn
569 5584 629 5651 via
650 5585 685 5652 et
700 5582 819 5651 andita
833 5601 905 5662 sna,
925 5601 1004 5650 cum
1020 5582 1144 5650 trasita
1159 5585 1194 5650 et
1209 5583 1302 5652 exila
1317 5601 1392 5662 sua,
1411 5585 1538 5650 etcum
1556 5577 1701 5646 inferius
1723 5579 1757 5644 et
1778 5577 2004 5686 superiusque
2027 5578 2112 5646 suis.

248 5735 423 5823 integram
441 5738 553 5822 ipsam
569 5741 698 5806 terram
715 5737 988 5806 benundedimus
1000 5737 1097 5804 uobis
1114 5735 1314 5805 cuiusdictis
1328 5736 1429 5813 mari,
1445 5733 1608 5820 poterissi
1624 5735 1657 5800 et
1674 5731 1732 5800 adi
1747 5733 1964 5818 emptoribus
1976 5733 2105 5800 nostris

248 5888 506 5974 possidendum.
525 5892 572 5958 De
586 5907 653 5975 quo
669 5907 733 5975 pro
748 5888 1089 5958 constabiliscendam
1115 5891 1206 5956 hanc
1229 5891 1349 5956 nostra
1365 5885 1598 5956 benditionem
1623 5887 1820 5971 recepimus
1847 5903 1945 5961 avos
1968 5881 2026 5969 qui
2051 5900 2109 5949 su·
