5378 7098
989 723 1189 853 PIUS
1256 725 1385 848 ΡΡ.
1446 725 1568 848 ΙΧ.’

433 1585 593 1670 Dileete
630 1583 710 1668 Fili
740 1582 952 1694 Religiose
979 1581 1058 1664 Vir
1095 1580 1271 1666 salutem
1302 1592 1341 1664 et
1368 1581 1653 1694 Apostolioam
1676 1581 2038 1668 Benedictionem.

432 1763 689 1876 Excepimus
712 1764 908 1848 volumen
936 1759 1096 1848 Codicis
1118 1763 1372 1874 diplomutr'ot'
1399 1759 1595 1848 (lonensis
1616 1790 1730 1847 nuno
1764 1763 1948 1877 primum
1985 1764 2066 1850 tuis
2098 1765 2194 1850 alio·

342 1975 522 2059 rumque
545 1947 664 2032 istius
685 1921 924 2061 Religiosae
953 1945 1151 2030 Familiae
1184 1945 1390 2031 sodalium
1420 1944 1530 2029 euris
1567 1945 1609 2029 in
1640 1946 1778 2028 lueem
1807 1944 2063 2060 elegantibus
2096 1946 2201 2060 typis

343 2130 533 2228 editum,
575 2129 807 2240 eodemque
853 2141 1042 2240 tempore
1091 2149 1183 2212 eas·
1210 2156 1315 2240 quas
1357 2127 1409 2211 ad
1448 2127 1535 2212 Nos
1572 2125 1698 2211 huius
1741 2126 1802 2210 rei
1845 2129 1977 2239 gratia
2018 2127 2196 2224 dedisti,

342 2310 496 2418 litteras
538 2308 940 2393 observantissimas.
967 2299 1178 2406 Vidimus,
1213 2309 1372 2394 Dileete
1416 2308 1514 2404 Fili,
1548 2335 1717 2392 omnem
1760 2337 1836 2394 vos
1881 2335 2023 2394 euram
2069 2319 2108 2392 et
2139 2309 2200 2390 in-

340 2489 545 2573 dustriam
588 2487 845 2586 adhibuisse,
878 2501 924 2571 ut
965 2488 1153 2603 diligenti
1197 2503 1236 2572 et
1279 2501 1473 2572 accurata
1516 2487 1592 2570 bae
1638 2458 1945 2574 ecclesiasticae
1984 2503 2024 2573 et
2066 2491 2201 2574 eivilis

342 2667 539 2754 historiae
581 2668 929 2754 documentorum
975 2669 1156 2755 editione
1200 2669 1458 2781 antiquitatis
1501 2669 1640 2754 studio
1681 2669 1880 2782 prodesse
1916 2669 2120 2782 possetis,
2161 2683 2201 2755 et

344 2851 595 2966 agnovimus
637 2879 684 2936 ex
726 2851 876 2936 vestris
905 2852 1068 2950 litteris,
1100 2853 1323 2965 praecipue
1358 2879 1434 2937 vos
1467 2852 1508 2934 in
1540 2852 1647 2936 votis
1683 2852 1968 2948 habuissent
1999 2851 2077 2937 hoe
2109 2879 2201 2938 mu-

341 3060 439 3118 nere
483 3033 535 3118 ad
578 3035 666 3119 Nos
709 3033 910 3118 mittendo
948 3034 1160 3119 sincerum
1204 3048 1501 3146 argumentum
1544 3045 1708 3118 vestrae
1752 3062 1850 3147 erga
1885 3037 1974 3120 Nos
2015 3049 2055 3117 et
2087 3035 2196 3118 hane

339 3191 537 3323 Apliram
580 3209 733 3294 Sedem
777 3208 1013 3293 devotionis
1055 3225 1097 3291 et
1139 3209 1329 3321 obsequii
1369 3209 1637 3322 praeberetis.
1673 3211 1793 3294 Haec
1838 3210 2072 3294 testimonia
2108 3209 2195 3292 ani-

342 3417 508 3474 morum
553 3404 786 3475 vestrorum
829 3403 1001 3502 paterno
1043 3419 1213 3503 prorsus
1256 3420 1352 3475 curn
1398 3391 1548 3475 alleetu
1592 3391 1925 3503 cornpleetimur,
1957 3417 2005 3473 ae
2041 3390 2199 3474 debitas

340 3574 460 3656 vobis
505 3600 577 3684 pro
620 3587 784 3657 vestrae
826 3574 1050 3658 oblationis
1093 3571 1232 3659 officio
1272 3574 1425 3683 gratias
1468 3585 1507 3656 et
1554 3572 1718 3686 agimus
1766 3584 1807 3655 et
1849 3572 2070 3657 habemus.
2112 3574 2195 3658 Ro-

343 3719 488 3865 gantes
529 3765 669 3835 autem
711 3751 1061 3865 benignissimum
1105 3754 1265 3850 Deum,
1302 3765 1347 3838 ut
1389 3764 1450 3850 te,
1482 3752 1643 3837 Dilecto
1684 3752 1797 3848 Fili,
1830 3716 2009 3865 tuosbue
2052 3782 2201 3839 omnes

341 3933 557 4046 religiosos
599 3934 764 4018 sodales
807 3933 1008 4018 uberibus
1051 3940 1222 4018 suarum
1266 3935 1493 4049 gratiarum
1535 3934 1781 4018 muneribus
1823 3934 1937 4032 ditet,
1969 3963 2053 4046 quo
2094 3936 2200 4044 Ejus

341 4117 523 4201 nominis
566 4116 733 4229 gloriae·
761 4129 846 4199 tam
883 4117 1118 4200 necessario
1161 4130 1347 4228 tempore
1391 4129 1570 4200 strenue
1602 4116 1805 4200 inservire
1847 4116 2044 4212 valeatis,
2084 4119 2195 4229 Apo·

340 4275 532 4382 stolidam
574 4297 924 4382 Bertediotionem
968 4299 1009 4382 in
1053 4297 1204 4410 pignus
1247 4314 1446 4411 pateruae
1496 4297 1679 4382 caritatis
1727 4298 1900 4381 Nostrae
1952 4297 2024 4381 tibi
2073 4311 2197 4408 atque

345 4475 445 4589 ipsis
483 4490 748 4590 peramanter
790 4479 831 4562 in
874 4479 1055 4565 Domino
1099 4478 1376 4591 impertimus.

522 4758 643 4821 Datum
668 4755 798 4820 Romae
821 4754 912 4839 apud
938 4755 972 4822 S.
990 4758 1128 4822 Petrum
1152 4753 1209 4820 dio
1231 4754 1275 4820 28
1298 4753 1390 4820 Junii
1422 4753 1520 4820 Anno
1554 4755 1651 4819 1873.

677 4885 682 4893 ’
745 4906 967 4990 Pontitleatus
1000 4908 1115 4976 Nostri
1149 4907 1426 4974 Vicesimoetavo

1685 5147 1687 5153 ,
1793 5057 1929 5135 Pius
1961 5058 2046 5136 re.
2073 5060 2147 5136 rx.

429 5253 554 5314 Dilecto
578 5252 659 5312 Filio
683 5252 846 5330 Religioso
869 5251 943 5311 Viro

424 5365 576 5430 tlichaeti
598 5365 753 5429 beroaldi
778 5385 816 5427 ex
839 5365 960 5426 Ordine
985 5367 1017 5426 S.
1043 5367 1079 5426 B.

426 5481 529 5541 Priori
554 5487 587 5540 et
610 5480 775 5540 Praefecto
799 5479 964 5540 'l'ebularii
988 5480 1143 5540 Curensis

1253 5679 1294 5738 In
1318 5678 1512 5739 Coenobt'urn
1541 5677 1599 5739 SS.
1629 5677 1800 5740 Trinitatis

1291 5791 1423 5852 cavat:
1444 5789 1759 5852 Tl'llRHENORUll
