5286 7098
1263 519 1424 592 33333
1464 521 1697 619 criassus

1355 975 1629 1104 CCCVrlI.

1284 1237 1289 1247 ·
1345 1221 1401 1298 Α.
1437 1221 1489 1298 D.
1528 1219 1633 1298 978.

625 1527 732 1600 Qum
745 1528 948 1598 3333333333
963 1529 1062 1596 huius
1078 1529 1288 1598 ennicariis
1303 1529 1706 1608 13133131313333313311,
1723 1529 1953 1600 333331331331
1967 1529 2136 1598 debiturus.

622 1632 866 1766 †,Trigesimo
889 1685 987 1750 sexto
1010 1699 1102 1749 anno
1124 1680 1340 1766 principatus
1355 1679 1473 1746 domni
1498 1678 1645 1746 Paldolii
1667 1682 1703 1748 et
1724 1680 1838 1765 primo
1861 1699 1954 1748 3333
1975 1681 2189 1767 principatus
2211 1683 2288 1750 eius
2310 1684 2415 1752 Saler-

562 1830 1797 1919 3131331313333333133133133(133331Ρ31313111111113133333333
1845 1881 1852 1897 .
1906 1883 1913 1898 .
1966 1883 1973 1896 .
2026 1835 2203 1920 ,33311333
2217 1834 2411 1904 indictione.

621 1989 783 2072 Lupenus
799 1987 1061 2093 Amalpbitanus
1082 1988 1175 2055 filius
1189 1987 1363 2055 Mauronis
1386 1987 1522 2054 comitis
1545 1986 1669 2054 dividit
1691 2005 1769 2054 cum
1786 1991 1937 2056 Iohanne
1959 1990 2164 2074 presbytero
2187 1988 2260 2056 filio
2283 1989 2413 2057 Mastaii

563 2141 768 2220 amalfitani,
785 2142 842 2226 qui
867 2141 1034 2208 Roibulus
1057 2141 1254 2220 vocabatur,
1273 2141 1388 2207 terras
1405 2139 1443 2206 in
1460 2141 1535 2206 loco
1549 2139 1670 2208 Fontis
1686 2139 1786 2207 iuxta
1808 2141 1991 2210 ecclesiam
2007 2142 2118 2210 saneti
2133 2141 2272 2209 Felicis.

624 2290 782 2361 Pretium
804 2293 983 2376 emptionis
995 2294 1092 2360 ’31331
1113 2291 1526 2376 13133131331133.113313
1544 2308 1608 2378 pro
1625 2291 1898 2360 confirmandam
1913 2295 1948 2363 et
1963 2292 2242 2362 stabilisoendam
2255 2295 2414 2361 1133333-

564 2448 675 2513 stram
689 2444 938 2513 uindictionem
952 2444 1134 2529 apresenti
1151 2445 1269 2529 recepi
1284 2445 1352 2513 ate
1365 2442 1586 2529 supradictus
1601 2445 1750 2528 lupenus
1763 2446 1931 2512 statutum
1949 2442 2110 2529 pretium,
2129 2444 2166 2510 hi
2179 2447 2259 2512 sunt
2275 2444 2352 2511 auri
2366 2463 2415 2512 33

565 2595 653 2664 lidos
666 2594 710 2663 de
722 2597 792 2664 tari
807 2613 990 2663 nnmerum
1006 2594 1239 2681 quadraginta
1254 2613 1320 2663 333
1334 2593 1505 2682 quadtuor
1520 2595 1588 2662 tari
1605 2594 1843 2679 personatum,
1868 2595 1959 2663 siout
1974 2594 2064 2663 inter
2079 2613 2143 2662 nos
2166 2594 2340 2662 comuenit
2352 2597 2411 2663 etc:

627 2743 817 2830 8333133133
830 2745 965 2834 fiuntcc.
1080 2821 1083 2830 ,
2268 2709 2276 2722 ¹

622 2870 652 2983 †
667 2915 734 2983 ego
750 2897 907 2980 ademari
923 2917 979 2968 me
994 2867 1182 2984 subscripsi

621 3021 652 3134 †
666 3066 734 3134 ego
748 3049 966 3136 theodericus
981 3052 1136 3120 notarius
1152 3070 1207 3120 me
1223 3050 1414 3137 subscripsi

621 3173 733 3288 †ego
749 3203 868 3298 petrus
882 3201 1040 3270 notarius
1056 3221 1110 3270 me
1126 3201 1316 3286 subscripsi

619 3328 649 3443 †
665 3371 732 3440 ego
748 3356 870 3439 petrus
889 3355 1038 3422 clericus

622 3477 734 3594 †eg0
752 3504 978 3589 grimoaldus.

1374 4011 1598 4090 CCCIX.

1359 4259 1415 4331 A.
1453 4255 1504 4332 D.
1540 4252 1645 4332 979.

624 4519 714 4650 †In
742 4564 882 4632 nomine
906 4563 1040 4631 domini
1063 4581 1156 4633 3333
1179 4563 1356 4632 tricesimo
1379 4567 1478 4632 sexto
1501 4565 1719 4652 principatus
1741 4563 1859 4633 domni
1889 4564 2031 4651 paldolfi
2045 4564 2224 4651 ,principis
2246 4567 2283 4632 et
2313 4563 2421 4649 primo

566 4733 658 4783 3333
680 4715 755 4784 eius
780 4715 994 4801 principatus
1017 4716 1161 4794 salerni,
1190 4717 1225 4784 et
1247 4715 1367 4801 quinto
1386 4732 1478 4782 3333
1500 4715 1721 4800 principatus
1736 4714 1853 4784 domni
1869 4715 2010 4801 paldolfl
2031 4717 2107 4783 eius
2129 4714 2214 4794 11113,
2240 4713 2418 4783 33333313-

569 4868 729 4936 bruarius
756 4867 902 4953 septima
923 4869 1125 4937 indictione.
1144 4869 1221 4938 ideo
1236 4887 1305 4954 que
1325 4887 1393 4956 ego
1408 4871 1531 4937 mulier
1548 4871 1687 4938 nomine
1708 4871 1828 4937 313333
1849 4868 1922 4936 fllia
1944 4869 2119 4955 quondam
2146 4827 2282 4936 danseri
2303 4865 2422 4935 relicta

567 5025 724 5092 monoole
739 5022 846 5091 iudici
860 5022 1044 5091 claresacio
1060 5023 1148 5090 mihi
1159 5022 1387 5109 pertinentem
1405 5028 1457 5093 est
1473 5040 1536 5108 per
1552 4984 1773 5091 subcessione
1790 5024 1890 5090 rebus
1902 5040 1965 5108 per
1980 5021 2108 5090 finibus
2123 5020 2277 5100 nucerie,
2293 5023 2330 5089 et
2345 5034 2421 5086 con·

566 5196 692 5261 gruum
717 5179 771 5246 est
785 5177 873 5246 mihi
888 5176 1014 5247 exinde
1036 5179 1176 5246 offerire
1193 5141 1232 5246 in
1254 5177 1402 5246 ecclesia
1416 5178 1529 5246 saneti
1545 5177 1688 5274 maximi
1712 5195 1776 5262 pro
1791 5194 1910 5245 amore
1924 5174 1980 5244 dei
1994 5179 2029 5244 et
2045 5173 2157 5243 saneti
2172 5168 2419 5252 bartholomei3

565 5332 599 5396 et
621 5328 698 5398 ideo
720 5347 788 5416 ego
810 5329 977 5398 iamdicta
1000 5331 1120 5398 aloara
1146 5326 2023 5406 3333333333333113313333313331111333313313
2045 5325 2141 5393 cuius
2163 5322 2307 5392 mundio
2332 5339 2417 5395 sum,

477 5567 480 5576 .
566 5497 628 5550 uos
652 5485 764 5550 mater
786 5483 822 5550 et
845 5481 919 5550 filio
941 5482 1155 5551 unanimiter
1178 5481 1323 5567 parique
1345 5498 1549 5550 consensum
1572 5500 1639 5566 ego
1661 5479 1806 5549 adelferi
1831 5498 1893 5566 per
1916 5477 2131 5546 absolutione
2152 5473 2270 5542 domni
2304 5471 2423 5540 nicho-

522 5625 524 5630 ’
565 5634 658 5703 demi
675 5635 883 5704 venerabilis
898 5637 1033 5706 abbatis
1048 5635 1251 5705 monasterii
1273 5635 1385 5704 sancti
1409 5636 1587 5714 laurentii,
1606 5635 1668 5703 sub
1684 5635 1782 5703 ouius
1798 5635 1923 5719 regula
1938 5648 2139 5718 permaneo,
2157 5646 2219 5716 per
2240 5630 2333 5696 hanc
2348 5641 2423 5691 car·

564 5791 674 5858 tulam
699 5789 883 5860 obtulimus
906 5790 970 5859 deo
994 5790 1086 5858 etin
1111 5790 1189 5875 ipsa
1210 5786 1489 5859 ecclesia'sancti
1513 5787 1659 5856 maximi
1682 5805 1747 5873 333
1769 5799 1888 5854 amore
1909 5784 2021 5856 sancti
2044 5780 2283 5859 bartholomei,
2304 5780 2344 5846 in
2366 5793 2423 5844 cu·
