5286 7098
969 633 1343 711 lllPLOMthCUS
1993 675 2032 729 ub

220 876 352 941 nictum
375 873 456 939 hubi
482 874 676 957 appellatur
700 876 864 942 trebunzu
884 895 893 959 ;
917 875 986 941 alio
1007 875 1235 944 castanietum
1258 869 1350 946 hubi'
1365 884 1559 966 appellatur
1582 891 1732 975 pacclu;
1757 892 1825 959 alio
1850 899 2078 968 castanietunr

221 1027 262 1092 ad
286 1026 436 1092 cesinola
457 1028 492 1091 et
517 1025 586 1091 alio
607 1023 652 1091 ad
674 1025 877 1108 castaniola3
902 1024 971 1090 alia
993 1025 1089 1092 terra
1111 1043 1189 1092 cum
1212 1024 1385 1100 arvustum
1408 1035 1442 1098 et
1465 1033 1639 1104 insitelum
1663 1041 1698 1105 et
1721 1059 1879 1124 vacuum,
1905 1049 1963 1131 qui
1988 1048 2078 1116 dici-

220 1181 278 1243 tur
300 1175 347 1243 da
368 1177 519 1260 pintulu.
547 1179 610 1244 hec
633 1194 716 1244 uero
740 1179 812 1244 tota
835 1179 938 1244 rebus
962 1196 1039 1245 cum
1064 1178 1183 1246 omnia
1206 1163 1300 1248 intro
1335 1201 1370 1252 se
1398 1185 1604 1255 habentibus
1628 1150 1849 1281 omnibusque
1870 1199 1941 1266 suis
1975 1202 2081 1284 perti-

218 1328 347 1397 nentiis
370 1333 404 1395 et
428 1345 505 1394 cum
530 1327 618 1412 ripis
640 1328 677 1396 in
700 1327 818 1397 eodem
843 1331 1050 1399 monasterio
1076 1331 1276 1400 offeruimus
1291 1332 1333 1398 ad
1351 1335 1518 1403 securiter
1534 1339 1569 1406 et
1583 1339 1731 1408 tirmiter
1746 1345 1870 1412 amodo
1891 1351 1926 1414 et
1941 1367 2077 1435 semper

219 1499 303 1566 pars
327 1479 437 1564 ipsius
461 1479 662 1548 monasterii
687 1480 817 1547 eteius
841 1481 994 1548 rectores
1019 1481 1104 1548 illud
1129 1483 1345 1563 habendum,
1371 1485 1645 1569 dominandum,
1671 1493 1935 1575 possidendum,
1962 1503 2078 1568 omnia

219 1631 301 1698 inde
325 1629 531 1708 laciendum,
557 1648 623 1714 que
647 1648 730 1714 pars
755 1630 864 1715 ipsius
887 1632 1091 1698 monasterii
1114 1633 1294 1716 placuerit,
1322 1633 1448 1720 absque
1471 1638 1565 1704 omni
1589 1641 1836 1711 contrarietate
1858 1649 1910 1715 uel
1934 1650 2076 1734 requisi-

217 1785 313 1851 tione
337 1787 455 1851 nostra
477 1783 575 1852 etde
597 1784 724 1852 nostris
746 1783 931 1852 heredibus
954 1785 1013 1850 aut
1036 1783 1162 1869 cuiqua
1185 1787 1393 1854 hominibus.
1421 1788 1464 1856 de
1486 1809 1554 1876 qua
1578 1793 1777 1878 obligamus
1797 1814 1860 1864 nos
1883 1818 2003 1868 omnes
2020 1819 2076 1868 su·

218 1936 408 2020 prescripti
432 1935 656 2020 guaiferium,
682 1934 883 2020 alpherada
910 1937 1039 2012 alcara‚
1062 1939 1181 2020 petrus
1203 1941 1237 2005 et
1260 1941 1387 2008 nostris
1411 1942 1595 2013 heredibus
1618 1945 1741 2014 amodo
1764 1952 1799 2016 et
1825 1967 1960 2034 semper
1984 1953 2075 2017 anti-

219 2089 382 2157 standum
408 2091 443 2156 et
464 2048 709 2158 defensandum
734 2087 775 2156 ad
802 2107 884 2174 pars
908 2088 1054 2172 predicti
1077 2092 1281 2183 monasterii
1303 2093 1401 2160 etad
1425 2078 1576 2164 rectores
1598 2099 1673 2166 eius
1695 2099 1818 2169 inclita
1842 2103 1999 2188 predicta
2022 2121 2076 2172 re·

218 2245 280 2310 hus
304 2261 380 2308 cum
406 2243 566 2308 omnihus
589 2242 660 2308 suis
684 2214 907 2326 pertinentiis
933 2240 979 2308 da
1002 2243 1113 2310 omnis
1136 2244 1292 2312 homines
1315 2247 1476 2332 omnique
1499 2251 1667 2333 partibus.
1693 2253 1721 2321 si
1744 2255 1880 2330 autem,
1908 2255 1997 2320 sicut
2024 2253 2076 2320 di-

216 2397 311 2460 ctum
334 2397 398 2464 est.
424 2394 541 2460 taliter
564 2391 649 2460 illud
675 2358 710 2458 in
739 2393 813 2476 ipso
839 2393 1052 2458 monasterio
1075 2409 1145 2460 non
1169 2393 1476 2476 defensaberimus
1491 2401 1552 2465 aut
1574 2399 1604 2466 si
1627 2417 1690 2467 nos
1712 2405 1914 2490 nostrosque
1937 2404 2025 2472 filios
2040 2407 2074 2470 et

217 2546 364 2614 heredes
389 2544 703 2630 quomodocumque
727 2563 789 2628 per
812 2547 1057 2630 qualecumque
1080 2547 1216 2614 ratione
1237 2547 1321 2615 illud
1346 2549 1401 2616 vel
1423 2550 1551 2617 exinde
1574 2550 1617 2618 de
1640 2555 1810 2636 potestate
1833 2553 1979 2638 predicti
2003 2572 2075 2620 mo-

217 2697 367 2765 nasterii
392 2698 515 2763 tollere
537 2699 597 2762 aut
619 2697 782 2762 contrare
806 2695 1043 2780 quesierimus,
1069 2700 1130 2763 aut
1153 2698 1181 2764 si
1207 2697 1442 2785 quodcumque
1458 2703 1673 2771 causationes
1688 2704 1769 2772 inde
1784 2706 2072 2791 proposuerimus,

215 2850 297 2913 ante
320 2848 437 2912 omnia
459 2847 592 2930 questio
616 2849 649 2913 et
674 2847 828 2914 causatio
852 2847 973 2913 nostra
995 2846 1106 2913 modis
1130 2849 1287 2916 omnibus
1311 2849 1355 2916 sit
1378 2849 1459 2917 inde
1480 2853 1586 2918 tacita
1609 2855 1643 2920 et
1667 2870 1784 2932 vacua,
1813 2859 1848 2921 et
1870 2872 2075 2939 componere

215 2971 413 3081 obligamus
436 3014 499 3062 nos
522 3015 638 3066 omnes
661 2999 890 3082 suprascripti
921 3001 955 3065 et
977 3000 1105 3067 nostris
1129 2999 1311 3068 heredibus
1333 3000 1377 3068 ad
1403 3020 1487 3086 pars
1509 3001 1619 3070 eidem
1636 3005 1839 3072 monasterii
1854 3009 1889 3072 et
1903 3003 1946 3071 ad
1962 3008 2074 3073 recto-

214 3169 268 3216 res
291 3152 364 3218 eius
386 3152 639 3237 quinquaginta
661 3153 788 3222 solidos
811 3153 1035 3230 contamines,
1061 3155 1097 3220 et
1119 3171 1182 3238 per
1206 3154 1325 3220 invitis
1349 3154 1431 3222 illud
1459 3156 1495 3220 in
1517 3155 1636 3222 eodem
1667 3157 1877 3225 monasterio
1910 3156 2068 3225 defense-

215 3320 302 3377 mus,
321 3303 412 3369 sicut
434 3303 595 3387 superius
619 3303 760 3387 legitur.
779 3307 813 3370 et
837 3302 953 3372 taliter
977 3303 1129 3369 scribere
1153 3305 1354 3388 rogavimus
1370 3309 1403 3372 le
1420 3304 1577 3372 radechis
1599 3307 1767 3373 notarius.
1790 3309 1902 3374 actum
1923 3309 2072 3376 salerno.

271 3427 391 3540 †eg0
414 3458 474 3539 qui
497 3475 602 3542 supra
624 3457 800 3524 waiferius
1118 3413 1121 3430 ι

271 3579 391 3690 †ego
415 3606 610 3675 romoaldus
635 3627 689 3676 me
714 3608 902 3692 subscripsi

270 3729 392 3842 †ego
415 3757 535 3824 roffrid
594 3822 599 3830 ,

271 3882 302 3993 †
325 3927 393 3994 ego
416 3909 523 3990 potio.

998 4434 1300 4514 CCLXVII.

1001 4685 1056 4760 A.
1092 4684 1143 4760 D.
1182 4681 1286 4760 972.

271 4940 307 5077 †
331 4991 534 5057 ln‘nomine
558 4989 691 5056 domini
715 4989 984 5074 quadragesimo
1007 5005 1099 5055 anno
1124 4987 1338 5072 principatus
1361 4987 1481 5055 domni
1504 4987 1614 5055 nostri
1637 4987 1754 5072 gisolfi
1777 4987 1925 5072 gloriosi
1949 4985 2082 5069 princi-

211 5141 279 5222 pis,
309 5159 429 5209 mense
452 5143 642 5224 september
665 5140 781 5224 prima
804 5139 1005 5207 indictione.
1033 5141 1110 5208 ideo
1133 5157 1199 5225 que
1222 5156 1286 5206 nos
1309 5139 1477 5207 iohannes
1494 5143 1528 5206 et
1551 5139 1605 5206 leo
1628 5137 1789 5222 germani
1812 5136 1876 5202 filii
1904 5133 2077 5219 quondam

211 5294 306 5375 gutti
329 5293 546 5360 atrianenses
574 5291 787 5360 declaramus
811 5293 940 5360 habere
963 5293 1064 5360 rebus
1088 5290 1123 5356 in
1147 5292 1259 5357 locum
1282 5290 1391 5358 veteri
1414 5289 1450 5355 in
1471 5303 1596 5372 campo
1619 5289 1690 5366 illo,
1709 5287 1769 5371 qui
1791 5290 1843 5354 est
1864 5303 1962 5354 secus
1979 5303 2076 5354 mare

211 5446 306 5512 ulter
330 5443 436 5510 dubio
460 5443 592 5520 boneia,
619 5443 654 5508 in
678 5461 744 5526 quo
766 5444 910 5511 ecclesia
931 5443 1043 5511 sancti
1067 5442 1212 5510 iohanni
1234 5440 1394 5509 dedicata
1416 5441 1479 5518 est,
1497 5443 1530 5508 et
1552 5439 1717 5506 inlocum
1742 5437 1798 5504 uhi
1821 5437 1947 5504 dicitur
1963 5438 2078 5506 sabate

152 5559 160 5568 Ι
212 5603 247 5664 et
270 5599 402 5664 troccle
424 5601 458 5670 et
480 5597 597 5680 ragitu
622 5615 727 5682 usque
749 5596 864 5674 dubio,
889 5597 948 5681 qui
971 5595 1100 5663 dicitur
1124 5596 1236 5664 alhole
1260 5593 1490 5680 pertinentem
1514 5593 1613 5659 nobis
1636 5611 1699 5676 per
1721 5591 1868 5676 gradum
1891 5590 2082 5659 successio-

212 5749 268 5814 nis
293 5749 501 5831 parentuum
529 5749 562 5813 et
584 5765 648 5830 per
671 5747 800 5815 nostris
823 5747 1040 5832 rationibus;
1065 5749 1100 5814 et
1122 5764 1316 5830 congruum
1346 5749 1398 5813 est
1420 5743 1520 5811 nobis
1543 5741 1621 5811 illut
1645 5741 1776 5812 donare
1797 5742 1946 5810 arechisi
1969 5746 2005 5810 et
2029 5741 2082 5808 ia-

214 5900 327 5981 qninti
358 5896 522 5965 castaldei
546 5897 706 5980 germani
730 5898 794 5965 lilii
816 5897 987 5982 quondam
1011 5897 1183 5975 iohannis,
1208 5900 1242 5965 et
1266 5899 1304 5962 ut
1327 5895 1474 5962 firmiter
1498 5896 1576 5964 illut
1599 5895 1762 5980 perticere
1787 5895 1974 5969 baleamus,
1994 5892 2075 5958 ante
