5252 7102
1042 624 1413 700 ulrlollnllubs
2045 653 2107 714 255

283 863 489 932 cursoribus
520 865 555 933 et
580 863 621 931 ad
657 882 738 949 pars
765 865 876 950 ipsius
909 859 1117 935 monasterii¹
1146 873 1279 936 centum
1314 871 1389 938 auri
1424 871 1550 941 solidos
1581 875 1801 945 costantinus.
1827 879 1863 944 et
1891 880 1984 946 huuc
2013 877 2152 949 brebem

282 1013 418 1098 scripsi
443 1031 510 1098 ego
538 1013 713 1098 iaquintus
736 1016 890 1086 notarius
911 1015 970 1100 qui
995 1017 1135 1085 interlui
1160 1021 1195 1084 et
1217 1019 1375 1103 superius
1396 1020 1591 1090 declaratus
1613 1041 1700 1091 sum.

348 1139 378 1252 †
400 1184 466 1251 ego
489 1168 676 1236 imetancus

347 1293 377 1404 †
400 1337 467 1404 ego
490 1319 688 1389 romoaldus

347 1444 466 1559 †ego
489 1474 619 1556 petrus.

1120 1979 1311 2060 CCCC.

1069 2231 1124 2304 A.
1162 2229 1212 2306 D.
1251 2228 1355 2306 988.

350 2481 445 2618 Π]
470 2532 609 2601 nominc
639 2532 770 2600 domini
793 2533 913 2619 quinto
936 2551 1027 2601 anno
1058 2533 1274 2620 principatus
1307 2534 1426 2603 domni
1458 2533 1567 2604 nostri
1602 2536 1745 2604 iohanni
1778 2539 1930 2623 glorioso
1964 2537 2145 2624 principe,

284 2703 410 2754 mense
433 2684 535 2754 iulius
559 2685 673 2771 prima
696 2685 895 2754 indictione.
914 2687 991 2754 ideo
1012 2705 1079 2773 que
1100 2706 1167 2772 ego
1191 2689 1326 2755 saraccu
1349 2689 1440 2757 filius
1462 2690 1634 2774 quondam
1659 2689 1785 2758 stefani
1807 2691 1850 2758 de
1873 2694 1982 2760 locum
1999 2695 2146 2778 paternu

284 2842 408 2909 actum
431 2859 518 2925 apus
541 2844 656 2908 monte
679 2841 720 2910 de
743 2839 833 2908 sicut
854 2841 938 2908 mihi
963 2843 1160 2926 congruum
1186 2842 1406 2910 estafflliavit
1422 2843 1507 2910 mihi
1525 2845 1694 2913 iohannes
1709 2845 1802 2914 filius
1824 2845 1911 2914 sassi
1935 2847 2148 2931 magelchise

255 3020 259 3024 ·
286 2995 330 3060 in
354 2993 513 3062 omnibus
537 2997 639 3063 rebus
661 2994 863 3064 substantiis
885 2994 971 3063 meis
992 2995 1125 3066 stavilis
1147 2999 1182 3062 et
1210 2997 1360 3076 movilis,
1385 2997 1472 3066 sicut
1493 2996 1603 3066 fllium
1627 3017 1740 3068 meum
1764 2996 1958 3083 legitimum
1990 2998 2148 3066 masculi·

286 3165 376 3214 num
390 3167 401 3233 3
426 3149 460 3214 et
482 3145 559 3214 ideo
583 3165 649 3231 ogo
673 3148 833 3233 superius
855 3149 1031 3228 faicosus,
1057 3150 1148 3215 bona
1174 3167 1249 3218 mea
1280 3149 1514 3233 bolumptale,
1540 3151 1620 3218 ante
1646 3150 1831 3236 subscripti
1859 3152 1962 3218 testes
1995 3169 2057 3235 per
2083 3169 2148 3218 anc

282 3303 423 3368 cartula
438 3301 581 3368 donauit
595 3303 630 3371 et
645 3301 790 3368 tradidit
806 3300 869 3368 tibi
892 3300 1048 3402 predicto
1071 3299 1215 3368 iohanni
1238 3303 1340 3369 talem
1363 3301 1550 3388 sortionem
1573 3299 1616 3367 de
1640 3302 1797 3369 omuibus
1819 3302 1921 3369 rebus
1946 3303 2147 3370 substantiis

287 3455 378 3522 meis
394 3453 526 3522 stavilis
541 3457 575 3522 ct
589 3455 737 3534 movilis,
756 3457 855 3538 quale
870 3455 905 3521 et
920 3435 1026 3520 unu'm
1043 3451 1085 3522 de
1101 3452 1184 3520 filiis
1200 3451 1285 3520 meis
1306 3451 1454 3537 legitimi
1478 3421 1661 3520 masculini
1685 3451 1726 3520 de
1749 3454 1852 3520 rebus
1874 3470 1951 3519 mea
1972 3454 2092 3522 tollere
2114 3457 2149 3520 et

288 3606 422 3672 habere
438 3604 607 3685 debuerit,
626 3606 715 3674 idest
729 3604 772 3672 de
787 3605 876 3672 casis
892 3623 995 3690 quam
1011 3608 1046 3672 et
1061 3604 1270 3672 intrinsecus
1292 3603 1397 3684 casis,
1414 3605 1602 3684 territorie,
1622 3604 1740 3684 curtis,
1767 3604 1900 3684 ortalis,
1925 3606 2077 3684 arbusta,
2094 3623 2149 3671 ca-

283 3760 453 3839 stanieta,
480 3759 638 3838 inseteta,
664 3761 847 3845 quertieta,
873 3761 1006 3844 campis
1028 3761 1062 3826 et
1083 3757 1199 3836 silvis,
1225 3759 1361 3844 pratiS‚
1387 3759 1524 3844 pascuis
1547 3761 1582 3824 et
1604 3757 1715 3842 aquis
1742 3758 1778 3824 in
1795 3757 1967 3824 montibus
1990 3776 2091 3842 quam
2115 3759 2150 3824 et

286 3908 328 3976 in
345 3910 467 3994 planis,
487 3929 563 3978 oum
580 3912 661 3979 finis
677 3915 711 3979 et
727 3913 801 3979 rice
816 3911 858 3979 de
873 3911 939 3979 viis
955 3909 1027 3980 suis
1050 3915 1177 3979 etcum
1203 3911 1317 3976 omnia
1340 3911 1433 3976 inira
1450 3929 1486 3978 se
1502 3910 1708 3977 habentibus
1730 3908 1851 3975 inclita
1873 3908 2061 3976 sortionem
2085 3906 2148 3973 tibi

281 4060 348 4144 qui
366 4079 473 4146 supra
488 4061 633 4128 iohanni
648 4061 791 4130 donavit
814 4067 850 4131 et
872 4063 1010 4130 tradidi.
1037 4066 1072 4131 ot
1094 4081 1157 4147 pro
1180 4061 1450 4129 confirmandam
1474 4063 1510 4129 et
1532 4057 1807 4130 stavilisoendam
1832 4059 1923 4124 lianc
1946 4075 2023 4124 mea
2043 4056 2150 4123 dona-

282 4213 383 4284 tione
398 4235 489 4283 nunc
503 4235 524 4281 a
538 4219 710 4302 presentis
725 4217 841 4302 recepi
858 4236 881 4284 a
896 4221 930 4285 te
953 4217 1013 4303 qui
1039 4236 1144 4302 supra
1170 4215 1338 4283 iohannes
1366 4217 1459 4282 iusta
1484 4214 1597 4299 legem
1625 4211 1799 4297 launegild
1825 4209 1954 4278 camiso
1971 4229 2089 4289 unum,
2115 4212 2149 4277 et

283 4369 462 4453 inputavit
475 4370 562 4436 mihi
578 4370 691 4454 ipsum
708 4373 804 4436 tuum
823 4371 948 4439 bonum
965 4371 1158 4448 serbitium‚
1173 4388 1272 4454 quem
1291 4367 1376 4434 milri
1394 4369 1508 4436 lacere
1523 4365 1714 4451 promisisti
1731 4369 1768 4434 tu
1785 4367 1820 4432 et
1842 4383 1931 4430 uxor
1947 4366 2008 4430 tua
2023 4361 2148 4428 cumtis

281 4521 447 4590 omnibus
459 4521 579 4591 diebus
591 4524 660 4590 vite
672 4545 757 4601 mee,
772 4527 958 4609 sequenter
974 4543 1084 4592 meum
1102 4523 1278 4590 continent
1290 4524 1437 4601 brebem,
1453 4524 1487 4588 et
1502 4523 1538 4587 in
1554 4539 1659 4588 uuum
1677 4519 1900 4596 resideamus,
1918 4520 1953 4583 et
1965 4515 2146 4594 abitemuS,

280 4677 323 4744 et
339 4677 543 4754 lavoremus,
562 4679 597 4744 et
610 4676 652 4742 ad
670 4695 740 4744 una
755 4695 876 4744 mensa
890 4677 1059 4754 vivamus
1079 4677 1167 4744 sicut
1182 4678 1290 4743 bonus
1306 4675 1395 4743 filius
1411 4692 1487 4739 cum
1505 4677 1605 4758 patre
1621 4691 1697 4759 suo;
1714 4675 1749 4739 et
1766 4671 1881 4739 omnia
1896 4688 1997 4756 quem
2013 4687 2150 4738 neccsse

281 4828 392 4896 suerit
405 4829 480 4896 sibe
495 4826 538 4897 de
553 4847 634 4896 casa
648 4829 721 4896 sibe
737 4830 780 4896 de
802 4847 940 4915 campu,
965 4830 1009 4899 de
1031 4829 1258 4896 communiter
1285 4829 1363 4897 illos
1389 4825 1568 4905 iaciamus,
1594 4825 1683 4894 sicut
1708 4825 1800 4892 inter
1822 4821 1922 4891 nobis
1938 4821 2099 4893 convenit
2114 4821 2150 4888 in

280 4999 421 5050 omnem
439 4981 733 5050 deliverationem.
752 4982 920 5068 finitaque
936 5002 1016 5054 vero
1032 5002 1110 5052 mea
1125 4983 1308 5051 donatione
1331 5001 1393 5067 per
1416 4980 1613 5066 susceptum
1638 4975 1816 5063 launegild
1840 4995 1881 5044 ea
1902 4977 2048 5052 ratione,
2067 4976 2106 5040 ut
2129 4990 2150 5040 a

283 5151 379 5198 nunc
395 5132 451 5201 die
469 5136 623 5219 presenti
639 5140 673 5205 et
687 5138 866 5222 perpetuis
881 5136 1093 5221 temporibus
1108 5141 1144 5204 tu
1161 5137 1219 5221 qui
1235 5155 1343 5220 supra
1358 5134 1527 5202 iohannes
1542 5151 1641 5220 quam
1660 5135 1693 5200 et
1709 5132 1777 5198 tuis
1792 5129 1974 5198 heredibus
1997 5123 2151 5210 predicta

282 5301 366 5350 mea
388 5283 581 5364 donatione,
609 5289 647 5353 ut
673 5285 832 5372 superius
854 5287 996 5372 legitur,
1022 5286 1059 5353 in
1083 5287 1242 5355 omnibus
1265 5285 1432 5355 securiter
1455 5288 1490 5354 et
1512 5286 1661 5353 firmiter
1684 5300 1743 5350 eos
1765 5283 1891 5350 habere
1915 5281 1950 5346 et
1973 5275 2148 5362 possidere

280 5437 443 5510 valeatis,
466 5441 502 5505 et
522 5445 600 5523 post
621 5458 735 5506 meum
760 5441 889 5506 obitum
914 5439 1050 5506 faciatis
1064 5439 1193 5507 exinde
1208 5441 1325 5507 omnia
1340 5438 1430 5524 quod
1447 5437 1638 5506 volueritis.
1657 5453 1701 5503 ex
1716 5451 1785 5519 qua
1801 5429 1944 5516 promisi
1967 5432 2002 5497 et
2017 5428 2149 5514 guadia

282 5584 351 5653 tibi
366 5585 424 5672 qui
441 5605 547 5674 supra
570 5589 712 5656 iohanni
736 5589 832 5656 dedit
853 5592 888 5656 et
911 5589 1135 5657 mediatorem
1160 5588 1223 5656 tibi
1246 5588 1359 5676 posuit
1381 5592 1499 5674 petrus
1522 5588 1683 5673 nepotem
1707 5601 1819 5651 meum
1844 5582 1937 5649 filius
1959 5581 2063 5648 ciceri
2086 5581 2149 5648 tali

281 5737 435 5815 ratione,
456 5743 494 5805 ut
516 5739 636 5806 demus
662 5739 725 5806 tibi
748 5739 943 5825 legitimam
968 5760 1077 5809 uxore
1102 5743 1221 5824 puella
1243 5738 1317 5808 filia
1338 5758 1415 5808 moa
1436 5741 1576 5806 nomine
1599 5740 1709 5824 bona;
1734 5739 1769 5804 et
1789 5754 1853 5822 per
1875 5735 1995 5803 eadem
2019 5732 2150 5818 guadia

282 5891 406 5975 obligo
430 5909 486 5960 me
509 5892 566 5976 qui
593 5912 699 5978 supra
723 5895 863 5961 saraccu
887 5897 922 5962 et
944 5892 1031 5962 meis
1053 5894 1136 5962 filiis
1165 5897 1201 5961 et
1225 5893 1369 5961 heredes
1402 5893 1464 5959 tibi
1499 5893 1559 5977 qui
1587 5909 1695 5976 supra
1721 5888 1862 5957 iohanni
1899 5905 2003 5972 quam
2037 5887 2072 5953 et
2106 5883 2146 5950 ad
