5216 7092
614 551 673 612 ,130
1274 525 1434 628 101111
1472 527 1703 599 obtunsis

568 779 681 847 omnis
705 797 767 845 sua
789 793 894 843 causa
917 777 951 841 et
973 772 1094 840 inclita
1117 773 1218 839 robus
1242 770 1325 854 ipsa.
1342 771 1521 848 larorata,
1548 770 1660 854 qualis
1677 769 1753 836 -illis
1776 769 1896 837 diebus
1919 772 2094 850 meruerit,
2112 775 2260 844 rebertas
2282 780 2316 846 in
2336 783 2400 868 ipsa

570 934 749 1002 1100010010.
777 935 811 998 01
826 931 855 1000 01
879 928 922 996 de
947 946 987 996 ac
1010 887 1107 996 terra
1129 926 1347 994 salernitana
1369 923 1522 992 exierint
1545 923 1652 990 aliubi
1676 922 1889 1002 abbandum,
1915 923 2077 991 similiter
2101 927 2201 994 rebus
2216 927 2289 1012 ipsa
2302 937 2401 1002 reter-

568 1093 620 1155 las
644 1089 680 1152 iu
704 1086 781 1170 ipsa
805 1083 1001 1168 hecclesia3
1025 1079 1111 1148 etsi
1134 1081 1227 1147 inira
1249 1082 1319 1148 tres
1341 1079 1426 1144 anni
1449 1077 1579 1146 rebersi
1603 1077 1733 1146 suerint
1755 1077 1797 1144 ad
1821 1077 2024 1145 abitandum
2048 1079 2081 1144 ic
2111 1081 2146 1146 et
2179 1081 2337 1152 boluerint
2356 1107 2401 1158 re

568 1244 629 1306 bus
653 1241 731 1324 ipsa
754 1241 872 1305 tenere
895 1235 931 1302 in
955 1233 1154 1318 supradicto
1177 1231 1321 1308 ordine,
1348 1233 1448 1298 rebus
1472 1229 1550 1312 ipsa
1573 1230 1729 1298 rebertas
1753 1228 1797 1296 ad
1821 1231 1993 1314 potestate
2015 1230 2087 1298 eius
2110 1233 2145 1297 et
2167 1229 2208 1299 de
2229 1233 2296 1301 eius
2316 1238 2400 1306 here

563 1391 633 1470 1100,
653 1391 824 1459 abendum
842 1391 934 1458 omni
959 1391 1114 1472 tempore
1139 1387 1175 1455 in
1198 1385 1435 1470 suprascripta
1459 1383 1619 1470 ratione3
1644 1386 1679 1451 et
1700 1383 1730 1450 si
1754 1383 1916 1451 fortasset
1942 1385 2000 1451 ille
2028 1385 2156 1470 absque
2172 1384 2242 1452 11110
2267 1390 2315 1454 101
2339 1390 2401 1458 tilia

564 1551 720 1615 mortuus
744 1547 873 1623 luerit,
899 1545 1059 1612 similiter
1084 1545 1184 1612 rebus
1208 1543 1287 1626 ipsa
1308 1542 1346 1607 in
1374 1541 1451 1625 ipsa
1474 1541 1644 1610 liecclesia
1668 1540 1824 1608 robertes
1848 1539 1993 1607 inclita:
2019 1542 2152 1606 tantum
2175 1543 2284 1608 rector
2305 1544 2398 1628 ipsius

565 1699 738 1768 liecclesie
753 1698 848 1764 omni
866 1701 1021 1781 tempore
1045 1715 1122 1761 cum
1139 1693 1449 1777 congregationem
1465 1692 1575 1776 ipsius
1591 1692 1759 1760 hecclesie
1774 1692 1901 1759 abeant
1915 1691 2196 1758 memorationem
2213 1693 2300 1760 etad
2315 1694 2398 1764 deun

565 1870 629 1938 pro
653 1852 773 1918 anima
795 1851 870 1918 01110
895 1849 1014 1916 fundat
1037 1847 1161 1915 exinde
1184 1847 1369 1912 orationes.
1396 1844 1482 1945 etsi
1505 1844 1621 1912 taliter
1644 1846 1708 1911 otc.
1730 1843 1897 1909 Fornnulc
1911 1845 2082 1910 consucta.
2105 1840 2331 1926 Compensatio
2350 1847 2399 1912 dc-

560 2005 657 2083 p'm‘lo
677 2004 745 2085 suit
766 2021 833 2084 per
857 2004 1006 2086 1111111110
1028 2018 1149 2070 amcos
1172 1967 1296 2066 solidos
1318 2000 1619 2066 constantin-iones
1639 2000 1674 2068 ot
1696 1999 1788 2063 hunc
1804 1999 1942 2064 brebem
1960 1995 2084 2064 scribsi
2100 2013 2168 2081 ego
2194 1998 2333 2066 arechisi
2349 2019 2400 2064 no-

563 2159 672 2226 tarius
697 2160 731 2226 et
750 2157 903 2223 interlui.

618 2283 646 2396 †
662 2329 727 2394 ego
744 2307 1035 2394 petrus'uotarius
1051 2327 1106 2376 me
1121 2306 1308 2390 subscripsi

616 2437 646 2548 †
662 2483 727 2548 ego
743 2463 911 2532 madelmo

613 2591 723 2703 †ego
747 2621 874 2704 petrus.

1361 3126 1639 3206 CCCXIV.

1347 3371 1402 3449 A.
1439 3371 1489 3448 D.
1528 3370 1632 3449 979.

615 3631 703 3764 †ln
719 3679 859 3746 nomine
882 3677 1014 3744 domini
1037 3679 1213 3746 tricesimo
1236 3681 1334 3746 sento
1357 3695 1449 3745 anno
1472 3679 1688 3763 principatus
1710 3680 1827 3746 domni
1852 3681 1963 3748 nostri
1987 3681 2128 3764 paldolli
2147 3683 2301 3767 glorioso
2316 3683 2398 3766 prin·

550 3835 627 3918 cipe
649 3835 683 3899 et
707 3831 822 3917 primo
846 3849 939 3898 anno
962 3831 1180 3917 principatus
1203 3831 1278 3899 eius
1308 3831 1460 3910 salerni,
1486 3833 1521 3899 et
1543 3832 1661 3917 quinto
1684 3851 1776 3900 anno
1799 3833 2013 3917 principatus
2036 3833 2153 3901 domni
2177 3833 2312 3920 paldolli
2337 3835 2398 3901 eius

548 3987 633 4064 filie,
649 4005 765 4054 mense
788 3985 918 4070 aprelis
942 3986 1089 4070 septima
1112 3984 1311 4053 indictione.
1340 3986 1478 4052 brebem
1501 3986 1630 4051 iactum
1656 4004 1677 4052 a
1700 3981 1754 4054 me
1776 3987 1945 4056 martinus
1960 3986 2132 4071 presbiter
2156 3991 2192 4056 et
2207 3990 2308 4058 abbas
2330 3988 2398 4053 hec·

437 4155 440 4162 ’
547 4139 653 4206 010010
675 4139 788 4205 sancti
813 4139 968 4214 maximi,
995 4156 1035 4204 eo
1059 4136 1148 4221 quod
1176 4137 1255 4203 ante
1282 4136 1472 4220 subscripti·
1493 4138 1595 4204 testes
1619 4153 1688 4202 una
1710 4155 1843 4206 meeum
1873 4139 1963 4204 esset
1985 4137 2216 4223 truppoaldus
2238 4136 2396 4208 castaldus

546 4289 790 4359 advocatorem
817 4309 926 4368 meus,
953 4291 1012 4375 qui
1036 4293 1089 4356 est
1115 4309 1223 4357 unum
1245 4288 1289 4355 do
1311 4287 1444 4354 domini
1469 4289 1577 4373 ipsius
1601 4289 1780 4368 hecclesie,
1807 4306 1870 4373 per
1893 4294 1980 4355 vona
2003 4291 2258 4358 combenientia
2283 4287 2398 4374 guadia

545 4443 643 4508 nobis
667 4441 837 4509 dederunt
859 4439 966 4508 nandi
990 4441 1083 4508 iilius
1106 4438 1279 4525 quondam
1305 4437 1389 4516 ursi,
1415 4437 1475 4523 qui
1498 4441 1615 4506 maino
1644 4441 1812 4517 locabat,
1838 4441 1873 4506 et
1893 4441 2023 4524 petrus,
2054 4442 2110 4525 qui
2135 4443 2226 4510 lotus
2252 4445 2394 4516 vocatur,

547 4594 640 4661 filius
664 4595 780 4672 leoni,
806 4595 841 4662 et
863 4594 1031 4662 iohannes
1055 4595 1208 4661 bellense
1232 4593 1325 4660 filius
1348 4593 1465 4670 ciceri,
1492 4595 1527 4660 et
1550 4610 1587 4660 se
1610 4592 1695 4678 ipsis
1718 4594 1907 4678 posuerunt
1928 4591 2123 4681 mediatori3
2147 4597 2184 4662 et
2205 4613 2268 4680 per
2288 4591 2396 4661 eadem

545 4747 677 4834 guadia
693 4749 961 4834 hobligaverunt
992 4767 1030 4817 se
1054 4749 1193 4835 suisque
1220 4747 1404 4818 heredibus
1423 4747 1548 4815 amodo
1571 4751 1605 4816 et
1631 4766 1739 4833 usque
1761 4745 1938 4816 duodecim
1960 4747 2041 4815 anni
2065 4749 2228 4834 completi
2250 4747 2399 4818 tenerent

545 4901 590 4968 ad
612 4919 710 4976 suam
735 4903 941 4986 potestatem
966 4903 1008 4970 de
1033 4904 1134 4970 rebus
1159 4903 1265 4987 ipsius
1289 4903 1469 4981 hecclesie,
1496 4901 1586 4987 quod
1610 4902 1646 4969 111
1670 4901 1789 4970 eadem
1812 4901 1982 4970 hecclesia
1996 4902 2157 4970 offertum
2174 4903 2241 4969 fuit
2261 4920 2322 4987 per
2337 4907 2397 4968 rot·

542 5055 740 5122 telmannus
755 5053 849 5120 iilius
867 5052 1073 5138 ildeprandi,
1090 5053 1150 5138 qui
1167 5055 1220 5120 est
1242 5055 1345 5122 rebus
1367 5055 1445 5138 ipsa
1467 5055 1504 5121 in
1528 5055 1641 5121 locum
1664 5053 1724 5138 qui
1748 5053 1876 5120 dicitur
1897 5055 2015 5120 sancto
2041 5052 2176 5138 quirico
2201 5052 2260 5119 ubi
2284 5049 2396 5136 propio

542 5205 662 5270 areola
674 5199 700 5288 Ι1
717 5205 869 5281 vocatur,
889 5203 981 5270 infra
993 5205 1057 5271 hec
1069 5201 1149 5272 finis
1173 5205 1208 5270 et
1223 5203 1397 5272 mensurie
1412 5203 1482 5272 illis
1498 5202 1579 5271 inde
1593 5205 1762 5272 tenerent.
1777 5201 1820 5271 de
1833 5221 1904 5270 una
1919 5203 2019 5287 parte
2034 5202 2103 5273 fine
2119 5203 2186 5278 bia,
2198 5222 2264 5290 que
2279 5201 2396 5269 discor-

541 5353 595 5420 nit
610 5353 704 5420 inter
720 5356 783 5422 hec
798 5355 900 5424 rebus
916 5358 950 5423 et
965 5353 1068 5422 rebus
1085 5354 1252 5439 episcopii
1268 5355 1494 5434 salernitano,
1509 5357 1590 5424 sunt
1606 5353 1686 5423 inde
1702 5370 1822 5441 passos
1837 5353 2092 5439 quinquaginta
2105 5357 2256 5440 septem:
2276 5351 2318 5420 de
2332 5350 2394 5418 alia

542 5507 641 5590 parte
657 5506 726 5573 fine
743 5509 943 5592 supradicte
960 5511 1131 5579 hecclesie
1147 5511 1260 5579 sancti
1278 5509 1437 5590 maximi,
1458 5513 1509 5580 est
1526 5511 1607 5578 inde
1623 5510 1718 5596 passi
1732 5509 1851 5578 decem
1866 5510 1902 5578 et
1915 5509 2063 5576 nobem:
2083 5507 2126 5586 de
2141 5508 2208 5576 alia
2232 5507 2328 5593 parte
2352 5503 2393 5570 si-

592 5709 620 5715 -.
628 5709 684 5715 .—-.
693 5709 700 5714 „
706 5709 973 5716 .--.--—---4-——-

491 5859 493 5864 ’
598 5843 621 5912 ¹)
643 5845 739 5899 Arcoto
761 5843 953 5914 1011100010,
977 5843 1057 5899 locus
1079 5844 1156 5900 intra
1175 5843 1338 5902 Nuceriam.
