<?xml version="1.0" encoding="UTF-8"?>
<!DOCTYPE html PUBLIC "-//W3C//DTD XHTML 1.0 Transitional//EN"
    "http://www.w3.org/TR/xhtml1/DTD/xhtml1-transitional.dtd">
<html xmlns="http://www.w3.org/1999/xhtml" xml:lang="en" lang="en">
 <head>
  <title>
</title>
<meta http-equiv="Content-Type" content="text/html;charset=utf-8" />
  <meta name='ocr-system' content='tesseract 3.04.00' />
  <meta name='ocr-capabilities' content='ocr_page ocr_carea ocr_par ocr_line ocrx_word'/>
</head>
<body>
  <div class='ocr_page' id='page_1' title='image "./codexdiplomatic07aragoog_0084.png"; bbox 0 0 5378 7098; ppageno 0'>
   <div class='ocr_carea' id='block_1_1' title="bbox 1015 615 2071 688">
    <p class='ocr_par' dir='ltr' id='par_1_1' title="bbox 1015 615 2071 688">
     <span class='ocr_line' id='line_1_1' title="bbox 1015 615 2071 688; baseline 0.004 -4"><span class='ocrx_word' id='word_1_1' title='bbox 1015 615 1381 688; x_wconf 70' lang='lat' dir='ltr'>nlllollnl‘ltbs</span> <span class='ocrx_word' id='word_1_2' title='bbox 2031 629 2071 688; x_wconf 77' lang='lat'>15</span> 
     </span>
    </p>
   </div>
   <div class='ocr_carea' id='block_1_2' title="bbox 270 834 2123 946">
    <p class='ocr_par' dir='ltr' id='par_1_2' title="bbox 270 834 2123 946">
     <span class='ocr_line' id='line_1_2' title="bbox 270 834 2123 946; baseline 0.002 -22"><span class='ocrx_word' id='word_1_3' title='bbox 270 857 346 943; x_wconf 84' lang='lat' dir='ltr'>ipsa</span> <span class='ocrx_word' id='word_1_4' title='bbox 358 834 510 924; x_wconf 88' lang='lat' dir='ltr'>sortione</span> <span class='ocrx_word' id='word_1_5' title='bbox 526 873 604 924; x_wconf 89' lang='lat' dir='ltr'>mea</span> <span class='ocrx_word' id='word_1_6' title='bbox 619 855 662 923; x_wconf 89' lang='lat' dir='ltr'>de</span> <span class='ocrx_word' id='word_1_7' title='bbox 673 856 787 941; x_wconf 87' lang='lat' dir='ltr'>ipsum</span> <span class='ocrx_word' id='word_1_8' title='bbox 800 859 916 923; x_wconf 88' lang='lat' dir='ltr'>monte</span> <span class='ocrx_word' id='word_1_9' title='bbox 929 857 1040 924; x_wconf 90' lang='lat' dir='ltr'>sancti</span> <span class='ocrx_word' id='word_1_10' title='bbox 1053 857 1251 941; x_wconf 77' lang='lat' dir='ltr'>pantaleoni</span> <span class='ocrx_word' id='word_1_11' title='bbox 1265 855 1321 922; x_wconf 93' lang='lat' dir='ltr'>ubi</span> <span class='ocrx_word' id='word_1_12' title='bbox 1333 854 1461 923; x_wconf 89' lang='lat' dir='ltr'>dicitur</span> <span class='ocrx_word' id='word_1_13' title='bbox 1474 857 1552 943; x_wconf 86' lang='lat' dir='ltr'>ipsa</span> <span class='ocrx_word' id='word_1_14' title='bbox 1566 861 1691 928; x_wconf 88' lang='lat' dir='ltr'>turella</span> <span class='ocrx_word' id='word_1_15' title='bbox 1709 852 1746 945; x_wconf 86' lang='lat'>¹),</span> <span class='ocrx_word' id='word_1_16' title='bbox 1765 864 1929 946; x_wconf 86' lang='lat' dir='ltr'>qnantum</span> <span class='ocrx_word' id='word_1_17' title='bbox 1947 861 2032 928; x_wconf 89' lang='lat' dir='ltr'>mibi</span> <span class='ocrx_word' id='word_1_18' title='bbox 2045 879 2123 944; x_wconf 79' lang='lat' dir='ltr'>pre·</span> 
     </span>
    </p>
   </div>
   <div class='ocr_carea' id='block_1_3' title="bbox 270 1008 2148 3062">
    <p class='ocr_par' dir='ltr' id='par_1_3' title="bbox 270 1008 2148 2606">
     <span class='ocr_line' id='line_1_3' title="bbox 270 1008 2119 1097; baseline 0.002 -21"><span class='ocrx_word' id='word_1_19' title='bbox 270 1008 360 1094; x_wconf 82' lang='lat' dir='ltr'>dicti,</span> <span class='ocrx_word' id='word_1_20' title='bbox 368 1009 528 1076; x_wconf 86' lang='lat' dir='ltr'>mansoni</span> <span class='ocrx_word' id='word_1_21' title='bbox 543 1009 732 1077; x_wconf 85' lang='lat' dir='ltr'>amalfitani</span> <span class='ocrx_word' id='word_1_22' title='bbox 750 1009 902 1094; x_wconf 75' lang='lat' dir='ltr'>pertinet</span> <span class='ocrx_word' id='word_1_23' title='bbox 916 1008 962 1076; x_wconf 89' lang='lat' dir='ltr'>da</span> <span class='ocrx_word' id='word_1_24' title='bbox 977 1009 1154 1078; x_wconf 80' lang='lat' dir='ltr'>dauferius</span> <span class='ocrx_word' id='word_1_25' title='bbox 1178 1025 1313 1076; x_wconf 88' lang='lat' dir='ltr'>socrum</span> <span class='ocrx_word' id='word_1_26' title='bbox 1338 1027 1471 1096; x_wconf 83' lang='lat' dir='ltr'>meum3</span> <span class='ocrx_word' id='word_1_27' title='bbox 1489 1011 1568 1078; x_wconf 84' lang='lat' dir='ltr'>talis</span> <span class='ocrx_word' id='word_1_28' title='bbox 1590 1029 1738 1097; x_wconf 91' lang='lat' dir='ltr'>namque</span> <span class='ocrx_word' id='word_1_29' title='bbox 1760 1013 1882 1082; x_wconf 83' lang='lat' dir='ltr'>ordine</span> <span class='ocrx_word' id='word_1_30' title='bbox 1905 1015 1983 1082; x_wconf 86' lang='lat' dir='ltr'>illos</span> <span class='ocrx_word' id='word_1_31' title='bbox 2007 1013 2119 1082; x_wconf 87' lang='lat' dir='ltr'>eidem</span> 
     </span>
     <span class='ocr_line' id='line_1_4' title="bbox 271 1157 2122 1250; baseline 0.002 -23"><span class='ocrx_word' id='word_1_32' title='bbox 271 1157 363 1244; x_wconf 87' lang='lat' dir='ltr'>petri</span> <span class='ocrx_word' id='word_1_33' title='bbox 380 1157 525 1226; x_wconf 78' lang='lat' dir='ltr'>tradidit</span> <span class='ocrx_word' id='word_1_34' title='bbox 539 1157 649 1244; x_wconf 88' lang='lat' dir='ltr'>adque</span> <span class='ocrx_word' id='word_1_35' title='bbox 663 1157 878 1244; x_wconf 87' lang='lat' dir='ltr'>deditusque</span> <span class='ocrx_word' id='word_1_36' title='bbox 898 1160 934 1225; x_wconf 93' lang='lat' dir='ltr'>in</span> <span class='ocrx_word' id='word_1_37' title='bbox 950 1161 1022 1226; x_wconf 88' lang='lat' dir='ltr'>tres</span> <span class='ocrx_word' id='word_1_38' title='bbox 1037 1175 1148 1226; x_wconf 89' lang='lat' dir='ltr'>annos</span> <span class='ocrx_word' id='word_1_39' title='bbox 1172 1159 1331 1243; x_wconf 89' lang='lat' dir='ltr'>espletos,</span> <span class='ocrx_word' id='word_1_40' title='bbox 1350 1163 1387 1224; x_wconf 86' lang='lat' dir='ltr'>nt</span> <span class='ocrx_word' id='word_1_41' title='bbox 1410 1161 1532 1229; x_wconf 87' lang='lat' dir='ltr'>liceret</span> <span class='ocrx_word' id='word_1_42' title='bbox 1554 1161 1586 1228; x_wconf 90' lang='lat' dir='ltr'>ei</span> <span class='ocrx_word' id='word_1_43' title='bbox 1609 1162 1687 1247; x_wconf 90' lang='lat' dir='ltr'>ipsa</span> <span class='ocrx_word' id='word_1_44' title='bbox 1708 1164 1860 1230; x_wconf 87' lang='lat' dir='ltr'>sortione</span> <span class='ocrx_word' id='word_1_45' title='bbox 1883 1182 1958 1232; x_wconf 88' lang='lat' dir='ltr'>mea</span> <span class='ocrx_word' id='word_1_46' title='bbox 1980 1163 2023 1232; x_wconf 90' lang='lat' dir='ltr'>de</span> <span class='ocrx_word' id='word_1_47' title='bbox 2046 1165 2122 1250; x_wconf 89' lang='lat' dir='ltr'>ipsa</span> 
     </span>
     <span class='ocr_line' id='line_1_5' title="bbox 271 1309 2123 1402; baseline 0.004 -26"><span class='ocrx_word' id='word_1_48' title='bbox 271 1311 395 1378; x_wconf 88' lang='lat' dir='ltr'>torella</span> <span class='ocrx_word' id='word_1_49' title='bbox 410 1310 543 1378; x_wconf 88' lang='lat' dir='ltr'>teneret</span> <span class='ocrx_word' id='word_1_50' title='bbox 558 1314 592 1377; x_wconf 90' lang='lat' dir='ltr'>et</span> <span class='ocrx_word' id='word_1_51' title='bbox 607 1309 814 1387; x_wconf 88' lang='lat' dir='ltr'>dominarot,</span> <span class='ocrx_word' id='word_1_52' title='bbox 832 1314 867 1377; x_wconf 88' lang='lat' dir='ltr'>et</span> <span class='ocrx_word' id='word_1_53' title='bbox 882 1309 1054 1394; x_wconf 80' lang='lat' dir='ltr'>frugiaret</span> <span class='ocrx_word' id='word_1_54' title='bbox 1069 1309 1162 1377; x_wconf 91' lang='lat' dir='ltr'>etad</span> <span class='ocrx_word' id='word_1_55' title='bbox 1186 1309 1409 1394; x_wconf 81' lang='lat' dir='ltr'>srugiandum</span> <span class='ocrx_word' id='word_1_56' title='bbox 1432 1311 1543 1380; x_wconf 87' lang='lat' dir='ltr'>daret.</span> <span class='ocrx_word' id='word_1_57' title='bbox 1564 1311 1655 1381; x_wconf 88' lang='lat' dir='ltr'>unde</span> <span class='ocrx_word' id='word_1_58' title='bbox 1677 1331 1742 1398; x_wconf 91' lang='lat' dir='ltr'>pro</span> <span class='ocrx_word' id='word_1_59' title='bbox 1757 1315 1874 1382; x_wconf 88' lang='lat' dir='ltr'>taliter</span> <span class='ocrx_word' id='word_1_60' title='bbox 1897 1314 2025 1400; x_wconf 76' lang='lat' dir='ltr'>guadia</span> <span class='ocrx_word' id='word_1_61' title='bbox 2048 1317 2123 1402; x_wconf 89' lang='lat' dir='ltr'>ipse</span> 
     </span>
     <span class='ocr_line' id='line_1_6' title="bbox 272 1460 2120 1546; baseline 0.003 -18"><span class='ocrx_word' id='word_1_62' title='bbox 272 1463 391 1546; x_wconf 89' lang='lat' dir='ltr'>petrus</span> <span class='ocrx_word' id='word_1_63' title='bbox 406 1460 513 1528; x_wconf 90' lang='lat' dir='ltr'>michi</span> <span class='ocrx_word' id='word_1_64' title='bbox 529 1460 622 1530; x_wconf 88' lang='lat' dir='ltr'>dedit</span> <span class='ocrx_word' id='word_1_65' title='bbox 637 1464 672 1529; x_wconf 89' lang='lat' dir='ltr'>et</span> <span class='ocrx_word' id='word_1_66' title='bbox 686 1461 912 1529; x_wconf 88' lang='lat' dir='ltr'>mediatorem</span> <span class='ocrx_word' id='word_1_67' title='bbox 929 1462 1016 1528; x_wconf 91' lang='lat' dir='ltr'>mihi</span> <span class='ocrx_word' id='word_1_68' title='bbox 1032 1463 1146 1546; x_wconf 85' lang='lat' dir='ltr'>posuit</span> <span class='ocrx_word' id='word_1_69' title='bbox 1161 1481 1242 1530; x_wconf 87' lang='lat' dir='ltr'>urso</span> <span class='ocrx_word' id='word_1_70' title='bbox 1258 1481 1463 1546; x_wconf 87' lang='lat' dir='ltr'>germanum</span> <span class='ocrx_word' id='word_1_71' title='bbox 1479 1483 1590 1542; x_wconf 88' lang='lat' dir='ltr'>suurn,</span> <span class='ocrx_word' id='word_1_72' title='bbox 1609 1465 1672 1531; x_wconf 87' lang='lat' dir='ltr'>tali</span> <span class='ocrx_word' id='word_1_73' title='bbox 1695 1463 1825 1544; x_wconf 91' lang='lat' dir='ltr'>ordine,</span> <span class='ocrx_word' id='word_1_74' title='bbox 1840 1467 1876 1533; x_wconf 95' lang='lat' dir='ltr'>ut</span> <span class='ocrx_word' id='word_1_75' title='bbox 1891 1467 1991 1535; x_wconf 90' lang='lat' dir='ltr'>daret</span> <span class='ocrx_word' id='word_1_76' title='bbox 2013 1469 2120 1536; x_wconf 83' lang='lat' dir='ltr'>miolri</span> 
     </span>
     <span class='ocr_line' id='line_1_7' title="bbox 272 1579 2148 1706; baseline 0.005 -27"><span class='ocrx_word' id='word_1_77' title='bbox 272 1611 347 1698; x_wconf 89' lang='lat' dir='ltr'>ipse</span> <span class='ocrx_word' id='word_1_78' title='bbox 362 1613 539 1698; x_wconf 87' lang='lat' dir='ltr'>predictus</span> <span class='ocrx_word' id='word_1_79' title='bbox 555 1617 671 1698; x_wconf 89' lang='lat' dir='ltr'>petrus</span> <span class='ocrx_word' id='word_1_80' title='bbox 687 1632 824 1682; x_wconf 89' lang='lat' dir='ltr'>omnem</span> <span class='ocrx_word' id='word_1_81' title='bbox 841 1633 971 1682; x_wconf 86' lang='lat' dir='ltr'>annum</span> <span class='ocrx_word' id='word_1_82' title='bbox 988 1633 1095 1699; x_wconf 88' lang='lat' dir='ltr'>usque</span> <span class='ocrx_word' id='word_1_83' title='bbox 1113 1617 1224 1701; x_wconf 91' lang='lat' dir='ltr'>ipsum</span> <span class='ocrx_word' id='word_1_84' title='bbox 1241 1617 1463 1684; x_wconf 90' lang='lat' dir='ltr'>constitutum</span> <span class='ocrx_word' id='word_1_85' title='bbox 1486 1617 1529 1685; x_wconf 90' lang='lat' dir='ltr'>de</span> <span class='ocrx_word' id='word_1_86' title='bbox 1552 1621 1663 1704; x_wconf 89' lang='lat' dir='ltr'>ipsum</span> <span class='ocrx_word' id='word_1_87' title='bbox 1687 1620 1879 1705; x_wconf 90' lang='lat' dir='ltr'>predictum</span> <span class='ocrx_word' id='word_1_88' title='bbox 1904 1621 2058 1706; x_wconf 80' lang='lat' dir='ltr'>frugium</span> <span class='ocrx_word' id='word_1_89' title='bbox 2081 1623 2124 1688; x_wconf 90' lang='lat' dir='ltr'>de</span> <span class='ocrx_word' id='word_1_90' title='bbox 2145 1579 2148 1584; x_wconf 23' lang='grc' dir='ltr'>Ι</span> 
     </span>
     <span class='ocr_line' id='line_1_8' title="bbox 270 1763 2125 1866; baseline 0.004 -36"><span class='ocrx_word' id='word_1_91' title='bbox 270 1763 351 1848; x_wconf 85' lang='lat' dir='ltr'>ipsa</span> <span class='ocrx_word' id='word_1_92' title='bbox 366 1764 518 1866; x_wconf 85' lang='lat' dir='ltr'>sortione</span> <span class='ocrx_word' id='word_1_93' title='bbox 534 1783 611 1832; x_wconf 88' lang='lat' dir='ltr'>mea</span> <span class='ocrx_word' id='word_1_94' title='bbox 627 1768 763 1832; x_wconf 89' lang='lat' dir='ltr'>tanturn</span> <span class='ocrx_word' id='word_1_95' title='bbox 779 1765 942 1850; x_wconf 87' lang='lat' dir='ltr'>pretium,</span> <span class='ocrx_word' id='word_1_96' title='bbox 962 1769 1129 1850; x_wconf 90' lang='lat' dir='ltr'>quantum</span> <span class='ocrx_word' id='word_1_97' title='bbox 1145 1766 1212 1851; x_wconf 91' lang='lat' dir='ltr'>ipsi</span> <span class='ocrx_word' id='word_1_98' title='bbox 1228 1766 1288 1833; x_wconf 90' lang='lat' dir='ltr'>alii</span> <span class='ocrx_word' id='word_1_99' title='bbox 1303 1767 1538 1836; x_wconf 87' lang='lat' dir='ltr'>consortillces</span> <span class='ocrx_word' id='word_1_100' title='bbox 1561 1775 1696 1839; x_wconf 87' lang='lat' dir='ltr'>nostros</span> <span class='ocrx_word' id='word_1_101' title='bbox 1719 1771 1760 1838; x_wconf 89' lang='lat' dir='ltr'>de</span> <span class='ocrx_word' id='word_1_102' title='bbox 1783 1773 1856 1857; x_wconf 89' lang='lat' dir='ltr'>ipse</span> <span class='ocrx_word' id='word_1_103' title='bbox 1879 1789 1939 1839; x_wconf 88' lang='lat' dir='ltr'>sue</span> <span class='ocrx_word' id='word_1_104' title='bbox 1962 1775 2125 1840; x_wconf 81' lang='lat' dir='ltr'>sortionis</span> 
     </span>
     <span class='ocr_line' id='line_1_9' title="bbox 272 1913 2126 2006; baseline 0.005 -24"><span class='ocrx_word' id='word_1_105' title='bbox 272 1931 335 1996; x_wconf 87' lang='lat' dir='ltr'>per</span> <span class='ocrx_word' id='word_1_106' title='bbox 351 1915 528 1998; x_wconf 81' lang='lat' dir='ltr'>singulum</span> <span class='ocrx_word' id='word_1_107' title='bbox 544 1913 587 1982; x_wconf 91' lang='lat' dir='ltr'>de</span> <span class='ocrx_word' id='word_1_108' title='bbox 602 1915 681 2000; x_wconf 89' lang='lat' dir='ltr'>ipsa</span> <span class='ocrx_word' id='word_1_109' title='bbox 696 1916 817 1983; x_wconf 86' lang='lat' dir='ltr'>torella</span> <span class='ocrx_word' id='word_1_110' title='bbox 834 1918 956 1984; x_wconf 89' lang='lat' dir='ltr'>tollere</span> <span class='ocrx_word' id='word_1_111' title='bbox 970 1915 1138 1986; x_wconf 86' lang='lat' dir='ltr'>debuerit.</span> <span class='ocrx_word' id='word_1_112' title='bbox 1154 1917 1244 2002; x_wconf 92' lang='lat' dir='ltr'>quod</span> <span class='ocrx_word' id='word_1_113' title='bbox 1260 1919 1290 1985; x_wconf 84' lang='lat' dir='ltr'>si</span> <span class='ocrx_word' id='word_1_114' title='bbox 1305 1919 1422 1986; x_wconf 87' lang='lat' dir='ltr'>taliter</span> <span class='ocrx_word' id='word_1_115' title='bbox 1439 1918 1513 2004; x_wconf 88' lang='lat' dir='ltr'>ipse</span> <span class='ocrx_word' id='word_1_116' title='bbox 1528 1919 1703 2004; x_wconf 87' lang='lat' dir='ltr'>predictus</span> <span class='ocrx_word' id='word_1_117' title='bbox 1719 1925 1837 2006; x_wconf 90' lang='lat' dir='ltr'>petrus</span> <span class='ocrx_word' id='word_1_118' title='bbox 1852 1926 1887 1990; x_wconf 91' lang='lat' dir='ltr'>et</span> <span class='ocrx_word' id='word_1_119' title='bbox 1908 1923 1982 1991; x_wconf 83' lang='lat' dir='ltr'>eius</span> <span class='ocrx_word' id='word_1_120' title='bbox 2005 1924 2126 1992; x_wconf 88' lang='lat' dir='ltr'>eredes</span> 
     </span>
     <span class='ocr_line' id='line_1_10' title="bbox 273 2063 2126 2166; baseline 0.006 -36"><span class='ocrx_word' id='word_1_121' title='bbox 273 2063 373 2131; x_wconf 91' lang='lat' dir='ltr'>nobis</span> <span class='ocrx_word' id='word_1_122' title='bbox 387 2066 582 2150; x_wconf 86' lang='lat' dir='ltr'>nostrisque</span> <span class='ocrx_word' id='word_1_123' title='bbox 596 2065 716 2134; x_wconf 87' lang='lat' dir='ltr'>eredes</span> <span class='ocrx_word' id='word_1_124' title='bbox 729 2067 849 2134; x_wconf 86' lang='lat' dir='ltr'>taliter</span> <span class='ocrx_word' id='word_1_125' title='bbox 865 2084 935 2135; x_wconf 91' lang='lat' dir='ltr'>non</span> <span class='ocrx_word' id='word_1_126' title='bbox 950 2067 1203 2152; x_wconf 86' lang='lat' dir='ltr'>adimpleberit,</span> <span class='ocrx_word' id='word_1_127' title='bbox 1219 2069 1385 2154; x_wconf 84' lang='lat' dir='ltr'>obligavit</span> <span class='ocrx_word' id='word_1_128' title='bbox 1408 2087 1445 2137; x_wconf 89' lang='lat' dir='ltr'>se</span> <span class='ocrx_word' id='word_1_129' title='bbox 1469 2089 1530 2155; x_wconf 90' lang='lat' dir='ltr'>per</span> <span class='ocrx_word' id='word_1_130' title='bbox 1546 2071 1666 2166; x_wconf 83' lang='lat' dir='ltr'>eadem</span> <span class='ocrx_word' id='word_1_131' title='bbox 1684 2073 1812 2157; x_wconf 84' lang='lat' dir='ltr'>guadio</span> <span class='ocrx_word' id='word_1_132' title='bbox 1828 2074 1871 2141; x_wconf 90' lang='lat' dir='ltr'>ad</span> <span class='ocrx_word' id='word_1_133' title='bbox 1890 2074 2032 2159; x_wconf 92' lang='lat' dir='ltr'>duplum</span> <span class='ocrx_word' id='word_1_134' title='bbox 2052 2076 2126 2159; x_wconf 81' lang='lat' dir='ltr'>ipse</span> 
     </span>
     <span class='ocr_line' id='line_1_11' title="bbox 274 2195 2126 2313; baseline 0.005 -28"><span class='ocrx_word' id='word_1_135' title='bbox 274 2219 450 2303; x_wconf 86' lang='lat' dir='ltr'>predictus</span> <span class='ocrx_word' id='word_1_136' title='bbox 467 2221 584 2306; x_wconf 88' lang='lat' dir='ltr'>petrus</span> <span class='ocrx_word' id='word_1_137' title='bbox 606 2223 643 2287; x_wconf 89' lang='lat' dir='ltr'>et</span> <span class='ocrx_word' id='word_1_138' title='bbox 664 2220 739 2288; x_wconf 89' lang='lat' dir='ltr'>eius</span> <span class='ocrx_word' id='word_1_139' title='bbox 762 2221 881 2291; x_wconf 85' lang='lat' dir='ltr'>eredes</span> <span class='ocrx_word' id='word_1_140' title='bbox 904 2223 1002 2290; x_wconf 89' lang='lat' dir='ltr'>nobis</span> <span class='ocrx_word' id='word_1_141' title='bbox 1024 2223 1218 2307; x_wconf 89' lang='lat' dir='ltr'>nostrisque</span> <span class='ocrx_word' id='word_1_142' title='bbox 1242 2223 1360 2292; x_wconf 87' lang='lat' dir='ltr'>eredes</span> <span class='ocrx_word' id='word_1_143' title='bbox 1383 2195 1498 2300; x_wconf 75' lang='lat' dir='ltr'>daret,</span> <span class='ocrx_word' id='word_1_144' title='bbox 1509 2227 1544 2292; x_wconf 92' lang='lat' dir='ltr'>et</span> <span class='ocrx_word' id='word_1_145' title='bbox 1567 2225 1683 2293; x_wconf 87' lang='lat' dir='ltr'>omnia</span> <span class='ocrx_word' id='word_1_146' title='bbox 1706 2227 1942 2310; x_wconf 87' lang='lat' dir='ltr'>suprascribta</span> <span class='ocrx_word' id='word_1_147' title='bbox 1965 2245 2026 2310; x_wconf 90' lang='lat' dir='ltr'>per</span> <span class='ocrx_word' id='word_1_148' title='bbox 2049 2229 2126 2313; x_wconf 88' lang='lat' dir='ltr'>ipsa</span> 
     </span>
     <span class='ocr_line' id='line_1_12' title="bbox 274 2370 2128 2460; baseline 0.004 -23"><span class='ocrx_word' id='word_1_149' title='bbox 274 2370 463 2439; x_wconf 88' lang='lat' dir='ltr'>constituta</span> <span class='ocrx_word' id='word_1_150' title='bbox 476 2389 540 2456; x_wconf 86' lang='lat' dir='ltr'>per</span> <span class='ocrx_word' id='word_1_151' title='bbox 555 2372 673 2440; x_wconf 82' lang='lat' dir='ltr'>invitis</span> <span class='ocrx_word' id='word_1_152' title='bbox 690 2371 787 2441; x_wconf 92' lang='lat' dir='ltr'>nobis</span> <span class='ocrx_word' id='word_1_153' title='bbox 801 2372 1000 2457; x_wconf 88' lang='lat' dir='ltr'>adimplere.</span> <span class='ocrx_word' id='word_1_154' title='bbox 1016 2376 1050 2439; x_wconf 91' lang='lat' dir='ltr'>et</span> <span class='ocrx_word' id='word_1_155' title='bbox 1066 2376 1157 2440; x_wconf 89' lang='lat' dir='ltr'>hunc</span> <span class='ocrx_word' id='word_1_156' title='bbox 1176 2375 1311 2442; x_wconf 84' lang='lat' dir='ltr'>brebem</span> <span class='ocrx_word' id='word_1_157' title='bbox 1328 2375 1449 2442; x_wconf 88' lang='lat' dir='ltr'>scribsi</span> <span class='ocrx_word' id='word_1_158' title='bbox 1465 2394 1531 2460; x_wconf 85' lang='lat' dir='ltr'>ego</span> <span class='ocrx_word' id='word_1_159' title='bbox 1547 2376 1708 2444; x_wconf 85' lang='lat' dir='ltr'>ildericus</span> <span class='ocrx_word' id='word_1_160' title='bbox 1733 2377 1958 2445; x_wconf 89' lang='lat' dir='ltr'>subdiaconus</span> <span class='ocrx_word' id='word_1_161' title='bbox 1981 2381 2014 2446; x_wconf 92' lang='lat' dir='ltr'>et</span> <span class='ocrx_word' id='word_1_162' title='bbox 2030 2385 2128 2446; x_wconf 88' lang='lat' dir='ltr'>nota-</span> 
     </span>
     <span class='ocr_line' id='line_1_13' title="bbox 274 2520 592 2606; baseline 0.013 -22"><span class='ocrx_word' id='word_1_163' title='bbox 274 2520 349 2588; x_wconf 89' lang='lat' dir='ltr'>rius</span> <span class='ocrx_word' id='word_1_164' title='bbox 364 2523 423 2606; x_wconf 89' lang='lat' dir='ltr'>qui</span> <span class='ocrx_word' id='word_1_165' title='bbox 438 2523 592 2590; x_wconf 87' lang='lat' dir='ltr'>interfui.</span> 
     </span>
    </p>

    <p class='ocr_par' dir='ltr' id='par_1_4' title="bbox 334 2644 640 2757">
     <span class='ocr_line' id='line_1_14' title="bbox 334 2644 640 2757; baseline 0.003 -17"><span class='ocrx_word' id='word_1_166' title='bbox 334 2644 364 2757; x_wconf 89' lang='lat'>†</span> <span class='ocrx_word' id='word_1_167' title='bbox 378 2677 453 2757; x_wconf 81' lang='lat' dir='ltr'>Ego</span> <span class='ocrx_word' id='word_1_168' title='bbox 468 2676 640 2741; x_wconf 90' lang='lat' dir='ltr'>lohannes</span> 
     </span>
    </p>

    <p class='ocr_par' dir='ltr' id='par_1_5' title="bbox 334 2796 578 2909">
     <span class='ocr_line' id='line_1_15' title="bbox 334 2796 578 2909; baseline -0.004 -18"><span class='ocrx_word' id='word_1_169' title='bbox 334 2796 364 2907; x_wconf 90' lang='lat'>†</span> <span class='ocrx_word' id='word_1_170' title='bbox 378 2842 445 2908; x_wconf 82' lang='lat' dir='ltr'>ego</span> <span class='ocrx_word' id='word_1_171' title='bbox 459 2826 578 2909; x_wconf 88' lang='lat' dir='ltr'>petrus</span> 
     </span>
    </p>

    <p class='ocr_par' dir='ltr' id='par_1_6' title="bbox 338 2947 651 3062">
     <span class='ocr_line' id='line_1_16' title="bbox 338 2947 651 3062; baseline -0.006 -18"><span class='ocrx_word' id='word_1_172' title='bbox 338 2947 449 3062; x_wconf 85' lang='lat' dir='ltr'>†eg0</span> <span class='ocrx_word' id='word_1_173' title='bbox 468 2976 651 3060; x_wconf 86' lang='lat' dir='ltr'>grimoald.</span> 
     </span>
    </p>
   </div>
   <div class='ocr_carea' id='block_1_4' title="bbox 615 3291 1800 3375">
    <p class='ocr_par' dir='ltr' id='par_1_7' title="bbox 615 3291 1800 3375">
     <span class='ocr_line' id='line_1_17' title="bbox 615 3291 1800 3375; baseline 0.004 -23"><span class='ocrx_word' id='word_1_174' title='bbox 615 3309 634 3352; x_wconf 78' lang='lat' dir='ltr'>o</span> <span class='ocrx_word' id='word_1_175' title='bbox 648 3291 781 3360; x_wconf 78' lang='lat' dir='ltr'>Endon</span> <span class='ocrx_word' id='word_1_176' title='bbox 795 3292 921 3362; x_wconf 79' lang='lat' dir='ltr'>obortu</span> <span class='ocrx_word' id='word_1_177' title='bbox 939 3292 1036 3362; x_wconf 80' lang='lat' dir='ltr'>alind</span> <span class='ocrx_word' id='word_1_178' title='bbox 1050 3295 1196 3360; x_wconf 81' lang='lat' dir='ltr'>continet</span> <span class='ocrx_word' id='word_1_179' title='bbox 1211 3295 1448 3360; x_wconf 76' lang='lat' dir='ltr'>decernentem</span> <span class='ocrx_word' id='word_1_180' title='bbox 1463 3295 1626 3375; x_wconf 71' lang='lat' dir='ltr'>septumo</span> <span class='ocrx_word' id='word_1_181' title='bbox 1641 3295 1800 3360; x_wconf 79' lang='lat' dir='ltr'>tenoris»</span> 
     </span>
    </p>
   </div>
   <div class='ocr_carea' id='block_1_5' title="bbox 278 3535 2139 4589">
    <p class='ocr_par' dir='ltr' id='par_1_8' title="bbox 278 3535 2135 3992">
     <span class='ocr_line' id='line_1_18' title="bbox 337 3535 2132 3675; baseline 0 -19"><span class='ocrx_word' id='word_1_182' title='bbox 337 3535 425 3672; x_wconf 73' lang='lat' dir='ltr'>†lu</span> <span class='ocrx_word' id='word_1_183' title='bbox 440 3586 579 3655; x_wconf 90' lang='lat' dir='ltr'>nomine</span> <span class='ocrx_word' id='word_1_184' title='bbox 595 3587 726 3655; x_wconf 88' lang='lat' dir='ltr'>domini</span> <span class='ocrx_word' id='word_1_185' title='bbox 745 3587 918 3656; x_wconf 84' lang='lat' dir='ltr'>tricesimo</span> <span class='ocrx_word' id='word_1_186' title='bbox 935 3589 1048 3673; x_wconf 89' lang='lat' dir='ltr'>primo</span> <span class='ocrx_word' id='word_1_187' title='bbox 1065 3606 1156 3656; x_wconf 89' lang='lat' dir='ltr'>anno</span> <span class='ocrx_word' id='word_1_188' title='bbox 1173 3589 1387 3674; x_wconf 85' lang='lat' dir='ltr'>principatus</span> <span class='ocrx_word' id='word_1_189' title='bbox 1403 3588 1521 3655; x_wconf 90' lang='lat' dir='ltr'>domni</span> <span class='ocrx_word' id='word_1_190' title='bbox 1538 3590 1647 3657; x_wconf 89' lang='lat' dir='ltr'>nostri</span> <span class='ocrx_word' id='word_1_191' title='bbox 1663 3589 1778 3674; x_wconf 84' lang='lat' dir='ltr'>gisolfi</span> <span class='ocrx_word' id='word_1_192' title='bbox 1792 3590 1944 3672; x_wconf 80' lang='lat' dir='ltr'>glorioso</span> <span class='ocrx_word' id='word_1_193' title='bbox 1957 3591 2132 3675; x_wconf 66' lang='lat' dir='ltr'>princeps</span> 
     </span>
     <span class='ocr_line' id='line_1_19' title="bbox 278 3712 2135 3826; baseline -0.001 -18"><span class='ocrx_word' id='word_1_194' title='bbox 278 3759 397 3810; x_wconf 85' lang='lat' dir='ltr'>mense</span> <span class='ocrx_word' id='word_1_195' title='bbox 409 3741 549 3826; x_wconf 83' lang='lat' dir='ltr'>magius</span> <span class='ocrx_word' id='word_1_196' title='bbox 564 3743 663 3808; x_wconf 82' lang='lat' dir='ltr'>sexta</span> <span class='ocrx_word' id='word_1_197' title='bbox 679 3712 878 3808; x_wconf 85' lang='lat' dir='ltr'>indictione.</span> <span class='ocrx_word' id='word_1_198' title='bbox 898 3722 1182 3807; x_wconf 73' lang='lat' dir='ltr'>memoratorium</span> <span class='ocrx_word' id='word_1_199' title='bbox 1198 3742 1327 3808; x_wconf 87' lang='lat' dir='ltr'>lactum</span> <span class='ocrx_word' id='word_1_200' title='bbox 1343 3759 1365 3806; x_wconf 91' lang='lat' dir='ltr'>a</span> <span class='ocrx_word' id='word_1_201' title='bbox 1380 3758 1435 3807; x_wconf 90' lang='lat' dir='ltr'>me</span> <span class='ocrx_word' id='word_1_202' title='bbox 1459 3757 1578 3808; x_wconf 85' lang='lat' dir='ltr'>manso</span> <span class='ocrx_word' id='word_1_203' title='bbox 1601 3740 1824 3808; x_wconf 85' lang='lat' dir='ltr'>amalfitanus</span> <span class='ocrx_word' id='word_1_204' title='bbox 1847 3741 1941 3809; x_wconf 85' lang='lat' dir='ltr'>lilius</span> <span class='ocrx_word' id='word_1_205' title='bbox 1963 3741 2135 3826; x_wconf 90' lang='lat' dir='ltr'>quondam</span> 
     </span>
     <span class='ocr_line' id='line_1_20' title="bbox 279 3887 2135 3992; baseline -0.001 -31"><span class='ocrx_word' id='word_1_206' title='bbox 279 3893 322 3964; x_wconf 87' lang='lat' dir='ltr'>de</span> <span class='ocrx_word' id='word_1_207' title='bbox 337 3910 454 3962; x_wconf 87' lang='lat' dir='ltr'>musco</span> <span class='ocrx_word' id='word_1_208' title='bbox 469 3887 584 3992; x_wconf 83' lang='lat' dir='ltr'>comes</span> <span class='ocrx_word' id='word_1_209' title='bbox 599 3892 693 3960; x_wconf 89' lang='lat' dir='ltr'>cibes</span> <span class='ocrx_word' id='word_1_210' title='bbox 708 3893 998 3971; x_wconf 84' lang='lat' dir='ltr'>amalfitanorum,</span> <span class='ocrx_word' id='word_1_211' title='bbox 1016 3909 1057 3960; x_wconf 86' lang='lat' dir='ltr'>eo</span> <span class='ocrx_word' id='word_1_212' title='bbox 1072 3892 1161 3977; x_wconf 90' lang='lat' dir='ltr'>quod</span> <span class='ocrx_word' id='word_1_213' title='bbox 1179 3893 1216 3959; x_wconf 92' lang='lat' dir='ltr'>in</span> <span class='ocrx_word' id='word_1_214' title='bbox 1232 3892 1373 3961; x_wconf 87' lang='lat' dir='ltr'>nuceria</span> <span class='ocrx_word' id='word_1_215' title='bbox 1389 3897 1473 3962; x_wconf 86' lang='lat' dir='ltr'>aute</span> <span class='ocrx_word' id='word_1_216' title='bbox 1491 3896 1656 3960; x_wconf 89' lang='lat' dir='ltr'>bonorum</span> <span class='ocrx_word' id='word_1_217' title='bbox 1673 3893 1870 3960; x_wconf 89' lang='lat' dir='ltr'>hominibus</span> <span class='ocrx_word' id='word_1_218' title='bbox 1884 3893 1928 3960; x_wconf 89' lang='lat' dir='ltr'>de</span> <span class='ocrx_word' id='word_1_219' title='bbox 1950 3911 1994 3960; x_wconf 84' lang='lat' dir='ltr'>ex</span> <span class='ocrx_word' id='word_1_220' title='bbox 2018 3892 2135 3962; x_wconf 90' lang='lat' dir='ltr'>eodem</span> 
     </span>
    </p>

    <p class='ocr_par' dir='ltr' id='par_1_9' title="bbox 280 4043 2139 4589">
     <span class='ocr_line' id='line_1_21' title="bbox 281 4043 2139 4134; baseline -0.001 -20"><span class='ocrx_word' id='word_1_221' title='bbox 281 4049 405 4126; x_wconf 91' lang='lat' dir='ltr'>locum,</span> <span class='ocrx_word' id='word_1_222' title='bbox 419 4047 543 4134; x_wconf 86' lang='lat' dir='ltr'>quibus</span> <span class='ocrx_word' id='word_1_223' title='bbox 554 4049 669 4114; x_wconf 86' lang='lat' dir='ltr'>subter</span> <span class='ocrx_word' id='word_1_224' title='bbox 682 4047 800 4114; x_wconf 86' lang='lat' dir='ltr'>scribti</span> <span class='ocrx_word' id='word_1_225' title='bbox 813 4049 904 4124; x_wconf 88' lang='lat' dir='ltr'>sunt,</span> <span class='ocrx_word' id='word_1_226' title='bbox 919 4045 1062 4114; x_wconf 88' lang='lat' dir='ltr'>tradidit</span> <span class='ocrx_word' id='word_1_227' title='bbox 1073 4045 1183 4130; x_wconf 88' lang='lat' dir='ltr'>adque</span> <span class='ocrx_word' id='word_1_228' title='bbox 1199 4044 1294 4114; x_wconf 89' lang='lat' dir='ltr'>dedit</span> <span class='ocrx_word' id='word_1_229' title='bbox 1308 4047 1434 4114; x_wconf 88' lang='lat' dir='ltr'>leocari</span> <span class='ocrx_word' id='word_1_230' title='bbox 1446 4046 1488 4114; x_wconf 91' lang='lat' dir='ltr'>de</span> <span class='ocrx_word' id='word_1_231' title='bbox 1501 4049 1613 4114; x_wconf 89' lang='lat' dir='ltr'>locum</span> <span class='ocrx_word' id='word_1_232' title='bbox 1626 4049 1745 4114; x_wconf 85' lang='lat' dir='ltr'>sancto</span> <span class='ocrx_word' id='word_1_233' title='bbox 1758 4063 1923 4114; x_wconf 90' lang='lat' dir='ltr'>marzann</span> <span class='ocrx_word' id='word_1_234' title='bbox 1936 4043 1961 4132; x_wconf 83' lang='lat'>²)</span> <span class='ocrx_word' id='word_1_235' title='bbox 1978 4047 2053 4132; x_wconf 87' lang='lat' dir='ltr'>ipsa</span> <span class='ocrx_word' id='word_1_236' title='bbox 2065 4065 2139 4114; x_wconf 84' lang='lat' dir='ltr'>sor-</span> 
     </span>
     <span class='ocr_line' id='line_1_22' title="bbox 280 4195 2138 4283; baseline 0 -20"><span class='ocrx_word' id='word_1_237' title='bbox 280 4196 374 4266; x_wconf 88' lang='lat' dir='ltr'>tione</span> <span class='ocrx_word' id='word_1_238' title='bbox 389 4201 468 4266; x_wconf 83' lang='lat' dir='ltr'>lnea</span> <span class='ocrx_word' id='word_1_239' title='bbox 482 4196 526 4265; x_wconf 89' lang='lat' dir='ltr'>de</span> <span class='ocrx_word' id='word_1_240' title='bbox 542 4197 654 4283; x_wconf 89' lang='lat' dir='ltr'>ipsnm</span> <span class='ocrx_word' id='word_1_241' title='bbox 670 4198 797 4275; x_wconf 90' lang='lat' dir='ltr'>monte,</span> <span class='ocrx_word' id='word_1_242' title='bbox 818 4198 876 4282; x_wconf 90' lang='lat' dir='ltr'>qni</span> <span class='ocrx_word' id='word_1_243' title='bbox 892 4195 1019 4264; x_wconf 90' lang='lat' dir='ltr'>dieitur</span> <span class='ocrx_word' id='word_1_244' title='bbox 1035 4196 1078 4264; x_wconf 89' lang='lat' dir='ltr'>dc</span> <span class='ocrx_word' id='word_1_245' title='bbox 1094 4197 1236 4281; x_wconf 85' lang='lat' dir='ltr'>pinzillu</span> <span class='ocrx_word' id='word_1_246' title='bbox 1253 4195 1449 4263; x_wconf 85' lang='lat' dir='ltr'>ubidicitur</span> <span class='ocrx_word' id='word_1_247' title='bbox 1465 4195 1508 4263; x_wconf 86' lang='lat' dir='ltr'>ad</span> <span class='ocrx_word' id='word_1_248' title='bbox 1525 4197 1667 4282; x_wconf 87' lang='lat' dir='ltr'>caprile,</span> <span class='ocrx_word' id='word_1_249' title='bbox 1682 4201 1717 4264; x_wconf 91' lang='lat' dir='ltr'>et</span> <span class='ocrx_word' id='word_1_250' title='bbox 1732 4199 1809 4282; x_wconf 84' lang='lat' dir='ltr'>ipsa</span> <span class='ocrx_word' id='word_1_251' title='bbox 1824 4197 1975 4266; x_wconf 88' lang='lat' dir='ltr'>sortione</span> <span class='ocrx_word' id='word_1_252' title='bbox 1998 4215 2072 4264; x_wconf 86' lang='lat' dir='ltr'>mea</span> <span class='ocrx_word' id='word_1_253' title='bbox 2095 4198 2138 4263; x_wconf 87' lang='lat' dir='ltr'>de</span> 
     </span>
     <span class='ocr_line' id='line_1_23' title="bbox 280 4348 2138 4438; baseline -0.001 -20"><span class='ocrx_word' id='word_1_254' title='bbox 280 4351 357 4435; x_wconf 89' lang='lat' dir='ltr'>ipsa</span> <span class='ocrx_word' id='word_1_255' title='bbox 371 4353 466 4420; x_wconf 90' lang='lat' dir='ltr'>elusa</span> <span class='ocrx_word' id='word_1_256' title='bbox 480 4351 523 4420; x_wconf 88' lang='lat' dir='ltr'>de</span> <span class='ocrx_word' id='word_1_257' title='bbox 538 4354 617 4437; x_wconf 89' lang='lat' dir='ltr'>ipsa</span> <span class='ocrx_word' id='word_1_258' title='bbox 632 4369 723 4438; x_wconf 87' lang='lat' dir='ltr'>aqua</span> <span class='ocrx_word' id='word_1_259' title='bbox 739 4350 781 4420; x_wconf 88' lang='lat' dir='ltr'>de</span> <span class='ocrx_word' id='word_1_260' title='bbox 799 4351 966 4420; x_wconf 86' lang='lat' dir='ltr'>ballitellu</span> <span class='ocrx_word' id='word_1_261' title='bbox 983 4349 1214 4419; x_wconf 88' lang='lat' dir='ltr'>transactibus</span> <span class='ocrx_word' id='word_1_262' title='bbox 1230 4368 1355 4418; x_wconf 88' lang='lat' dir='ltr'>nomen</span> <span class='ocrx_word' id='word_1_263' title='bbox 1371 4349 1481 4435; x_wconf 87' lang='lat' dir='ltr'>ipsius</span> <span class='ocrx_word' id='word_1_264' title='bbox 1496 4349 1623 4418; x_wconf 88' lang='lat' dir='ltr'>leocari</span> <span class='ocrx_word' id='word_1_265' title='bbox 1639 4349 1780 4418; x_wconf 88' lang='lat' dir='ltr'>tradidit</span> <span class='ocrx_word' id='word_1_266' title='bbox 1796 4351 1898 4436; x_wconf 86' lang='lat' dir='ltr'>atque</span> <span class='ocrx_word' id='word_1_267' title='bbox 1914 4348 2008 4419; x_wconf 88' lang='lat' dir='ltr'>dedit</span> <span class='ocrx_word' id='word_1_268' title='bbox 2030 4367 2138 4433; x_wconf 86' lang='lat' dir='ltr'>usque</span> 
     </span>
     <span class='ocr_line' id='line_1_24' title="bbox 284 4499 2138 4589; baseline -0.003 -19"><span class='ocrx_word' id='word_1_269' title='bbox 284 4505 322 4570; x_wconf 88' lang='lat' dir='ltr'>in</span> <span class='ocrx_word' id='word_1_270' title='bbox 337 4505 408 4572; x_wconf 86' lang='lat' dir='ltr'>tres</span> <span class='ocrx_word' id='word_1_271' title='bbox 424 4521 535 4572; x_wconf 85' lang='lat' dir='ltr'>anuos</span> <span class='ocrx_word' id='word_1_272' title='bbox 550 4505 699 4589; x_wconf 90' lang='lat' dir='ltr'>espletos</span> <span class='ocrx_word' id='word_1_273' title='bbox 715 4503 793 4586; x_wconf 85' lang='lat' dir='ltr'>ipsa</span> <span class='ocrx_word' id='word_1_274' title='bbox 808 4501 963 4570; x_wconf 87' lang='lat' dir='ltr'>sortione</span> <span class='ocrx_word' id='word_1_275' title='bbox 978 4519 1055 4568; x_wconf 85' lang='lat' dir='ltr'>mea</span> <span class='ocrx_word' id='word_1_276' title='bbox 1069 4501 1113 4571; x_wconf 90' lang='lat' dir='ltr'>de</span> <span class='ocrx_word' id='word_1_277' title='bbox 1127 4501 1240 4587; x_wconf 88' lang='lat' dir='ltr'>ipsum</span> <span class='ocrx_word' id='word_1_278' title='bbox 1257 4502 1374 4568; x_wconf 88' lang='lat' dir='ltr'>monte</span> <span class='ocrx_word' id='word_1_279' title='bbox 1396 4500 1439 4568; x_wconf 88' lang='lat' dir='ltr'>de</span> <span class='ocrx_word' id='word_1_280' title='bbox 1462 4501 1615 4586; x_wconf 87' lang='lat' dir='ltr'>pinzillu,</span> <span class='ocrx_word' id='word_1_281' title='bbox 1635 4504 1670 4567; x_wconf 89' lang='lat' dir='ltr'>et</span> <span class='ocrx_word' id='word_1_282' title='bbox 1694 4502 1770 4584; x_wconf 87' lang='lat' dir='ltr'>ipsa</span> <span class='ocrx_word' id='word_1_283' title='bbox 1793 4501 1862 4568; x_wconf 88' lang='lat' dir='ltr'>alia</span> <span class='ocrx_word' id='word_1_284' title='bbox 1883 4499 2037 4567; x_wconf 86' lang='lat' dir='ltr'>sortione</span> <span class='ocrx_word' id='word_1_285' title='bbox 2060 4517 2138 4566; x_wconf 86' lang='lat' dir='ltr'>mea</span> 
     </span>
    </p>
   </div>
   <div class='ocr_carea' id='block_1_6' title="bbox 192 4651 2140 4754">
    <p class='ocr_par' dir='ltr' id='par_1_10' title="bbox 192 4618 2140 4754">
     <span class='ocr_line' id='line_1_25' title="bbox 192 4651 2140 4754; baseline -0.003 -32"><span class='ocrx_word' id='word_1_286' title='bbox 192 4747 195 4754; x_wconf 27' lang='grc' dir='ltr'>Ι</span> <span class='ocrx_word' id='word_1_287' title='bbox 286 4653 331 4722; x_wconf 85' lang='lat' dir='ltr'>de</span> <span class='ocrx_word' id='word_1_288' title='bbox 347 4655 422 4739; x_wconf 89' lang='lat' dir='ltr'>ipsa</span> <span class='ocrx_word' id='word_1_289' title='bbox 438 4655 535 4723; x_wconf 87' lang='lat' dir='ltr'>clusa</span> <span class='ocrx_word' id='word_1_290' title='bbox 550 4653 595 4721; x_wconf 89' lang='lat' dir='ltr'>da</span> <span class='ocrx_word' id='word_1_291' title='bbox 610 4654 792 4731; x_wconf 88' lang='lat' dir='ltr'>ballitellu,</span> <span class='ocrx_word' id='word_1_292' title='bbox 810 4653 869 4738; x_wconf 92' lang='lat' dir='ltr'>qui</span> <span class='ocrx_word' id='word_1_293' title='bbox 886 4652 991 4720; x_wconf 90' lang='lat' dir='ltr'>miehi</span> <span class='ocrx_word' id='word_1_294' title='bbox 1008 4655 1061 4722; x_wconf 89' lang='lat' dir='ltr'>est</span> <span class='ocrx_word' id='word_1_295' title='bbox 1076 4654 1306 4738; x_wconf 87' lang='lat' dir='ltr'>pertinentem</span> <span class='ocrx_word' id='word_1_296' title='bbox 1321 4652 1367 4720; x_wconf 88' lang='lat' dir='ltr'>da</span> <span class='ocrx_word' id='word_1_297' title='bbox 1383 4652 1687 4738; x_wconf 86' lang='lat' dir='ltr'>partibusdauseri</span> <span class='ocrx_word' id='word_1_298' title='bbox 1703 4671 1839 4722; x_wconf 89' lang='lat' dir='ltr'>socrum</span> <span class='ocrx_word' id='word_1_299' title='bbox 1856 4672 1981 4731; x_wconf 90' lang='lat' dir='ltr'>meum,</span> <span class='ocrx_word' id='word_1_300' title='bbox 2000 4651 2061 4719; x_wconf 85' lang='lat' dir='ltr'>tali</span> <span class='ocrx_word' id='word_1_301' title='bbox 2084 4669 2140 4716; x_wconf 93' lang='lat' dir='ltr'>or-</span> 
     </span>
    </p>
   </div>
   <div class='ocr_carea' id='block_1_7' title="bbox 178 4802 2143 4894">
    <p class='ocr_par' dir='ltr' id='par_1_11' title="bbox 178 4802 2143 4894">
     <span class='ocr_line' id='line_1_26' title="bbox 178 4802 2143 4894; baseline -0.001 -22"><span class='ocrx_word' id='word_1_302' title='bbox 178 4863 183 4872; x_wconf 94' lang='lat'><em>.</em></span> <span class='ocrx_word' id='word_1_303' title='bbox 272 4804 367 4894; x_wconf 25' lang='lat' dir='ltr'>&#39;dine</span> <span class='ocrx_word' id='word_1_304' title='bbox 390 4805 469 4873; x_wconf 90' lang='lat' dir='ltr'>illos</span> <span class='ocrx_word' id='word_1_305' title='bbox 492 4804 603 4873; x_wconf 88' lang='lat' dir='ltr'>eidem</span> <span class='ocrx_word' id='word_1_306' title='bbox 622 4805 748 4872; x_wconf 87' lang='lat' dir='ltr'>leucari</span> <span class='ocrx_word' id='word_1_307' title='bbox 765 4802 909 4872; x_wconf 90' lang='lat' dir='ltr'>tradidit</span> <span class='ocrx_word' id='word_1_308' title='bbox 925 4803 1002 4888; x_wconf 85' lang='lat' dir='ltr'>ipsa</span> <span class='ocrx_word' id='word_1_309' title='bbox 1016 4805 1169 4874; x_wconf 85' lang='lat' dir='ltr'>sortione</span> <span class='ocrx_word' id='word_1_310' title='bbox 1184 4823 1259 4873; x_wconf 82' lang='lat' dir='ltr'>mea</span> <span class='ocrx_word' id='word_1_311' title='bbox 1273 4803 1315 4872; x_wconf 88' lang='lat' dir='ltr'>de</span> <span class='ocrx_word' id='word_1_312' title='bbox 1331 4805 1444 4890; x_wconf 87' lang='lat' dir='ltr'>ipsum</span> <span class='ocrx_word' id='word_1_313' title='bbox 1461 4809 1587 4883; x_wconf 87' lang='lat' dir='ltr'>monte,</span> <span class='ocrx_word' id='word_1_314' title='bbox 1606 4807 1644 4870; x_wconf 86' lang='lat' dir='ltr'>nt</span> <span class='ocrx_word' id='word_1_315' title='bbox 1659 4803 1780 4872; x_wconf 89' lang='lat' dir='ltr'>liceret</span> <span class='ocrx_word' id='word_1_316' title='bbox 1803 4821 1881 4872; x_wconf 84' lang='lat' dir='ltr'>curn</span> <span class='ocrx_word' id='word_1_317' title='bbox 1903 4802 1945 4872; x_wconf 90' lang='lat' dir='ltr'>de</span> <span class='ocrx_word' id='word_1_318' title='bbox 1968 4803 2045 4888; x_wconf 89' lang='lat' dir='ltr'>ipsa</span> <span class='ocrx_word' id='word_1_319' title='bbox 2068 4821 2143 4870; x_wconf 92' lang='lat' dir='ltr'>sor-</span> 
     </span>
    </p>
   </div>
   <div class='ocr_carea' id='block_1_8' title="bbox 156 4932 2164 5041">
    <p class='ocr_par' dir='ltr' id='par_1_12' title="bbox 156 4932 2164 5041">
     <span class='ocr_line' id='line_1_27' title="bbox 156 4932 2164 5041; baseline -0.002 -19"><span class='ocrx_word' id='word_1_320' title='bbox 156 4939 164 4946; x_wconf 69' lang='grc'><strong>’</strong></span> <span class='ocrx_word' id='word_1_321' title='bbox 288 4957 382 5026; x_wconf 89' lang='lat' dir='ltr'>tione</span> <span class='ocrx_word' id='word_1_322' title='bbox 397 4955 531 5023; x_wconf 82' lang='lat' dir='ltr'>moade</span> <span class='ocrx_word' id='word_1_323' title='bbox 546 4957 661 5041; x_wconf 91' lang='lat' dir='ltr'>ipsum</span> <span class='ocrx_word' id='word_1_324' title='bbox 678 4955 830 5040; x_wconf 79' lang='lat' dir='ltr'>frugium</span> <span class='ocrx_word' id='word_1_325' title='bbox 854 4955 983 5022; x_wconf 83' lang='lat' dir='ltr'>faceret</span> <span class='ocrx_word' id='word_1_326' title='bbox 1005 4953 1092 5038; x_wconf 92' lang='lat' dir='ltr'>quod</span> <span class='ocrx_word' id='word_1_327' title='bbox 1116 4954 1149 5021; x_wconf 92' lang='lat' dir='ltr'>ei</span> <span class='ocrx_word' id='word_1_328' title='bbox 1172 4954 1343 5038; x_wconf 87' lang='lat' dir='ltr'>placuerit</span> <span class='ocrx_word' id='word_1_329' title='bbox 1365 4973 1474 5038; x_wconf 90' lang='lat' dir='ltr'>nsque</span> <span class='ocrx_word' id='word_1_330' title='bbox 1497 4955 1610 5039; x_wconf 88' lang='lat' dir='ltr'>ipsum</span> <span class='ocrx_word' id='word_1_331' title='bbox 1633 4953 1867 5032; x_wconf 87' lang='lat' dir='ltr'>constitutum,</span> <span class='ocrx_word' id='word_1_332' title='bbox 1885 4955 1919 5021; x_wconf 90' lang='lat' dir='ltr'>et</span> <span class='ocrx_word' id='word_1_333' title='bbox 1940 4969 2004 5037; x_wconf 91' lang='lat' dir='ltr'>pro</span> <span class='ocrx_word' id='word_1_334' title='bbox 2027 4953 2142 5036; x_wconf 87' lang='lat' dir='ltr'>ipsum</span> <span class='ocrx_word' id='word_1_335' title='bbox 2161 4932 2164 4944; x_wconf 77' lang='grc'><strong>’</strong></span> 
     </span>
    </p>
   </div>
   <div class='ocr_carea' id='block_1_9' title="bbox 288 5078 2159 5495">
    <p class='ocr_par' dir='ltr' id='par_1_13' title="bbox 288 5078 2159 5495">
     <span class='ocr_line' id='line_1_28' title="bbox 288 5078 2145 5190; baseline -0.001 -20"><span class='ocrx_word' id='word_1_336' title='bbox 288 5105 442 5190; x_wconf 78' lang='lat' dir='ltr'>frugium</span> <span class='ocrx_word' id='word_1_337' title='bbox 459 5104 502 5174; x_wconf 89' lang='lat' dir='ltr'>de</span> <span class='ocrx_word' id='word_1_338' title='bbox 517 5105 631 5189; x_wconf 89' lang='lat' dir='ltr'>ipsum</span> <span class='ocrx_word' id='word_1_339' title='bbox 648 5109 764 5174; x_wconf 91' lang='lat' dir='ltr'>monte</span> <span class='ocrx_word' id='word_1_340' title='bbox 780 5105 880 5172; x_wconf 89' lang='lat' dir='ltr'>daret</span> <span class='ocrx_word' id='word_1_341' title='bbox 895 5103 994 5172; x_wconf 90' lang='lat' dir='ltr'>nobis</span> <span class='ocrx_word' id='word_1_342' title='bbox 1011 5103 1092 5173; x_wconf 90' lang='lat' dir='ltr'>inde</span> <span class='ocrx_word' id='word_1_343' title='bbox 1108 5122 1209 5174; x_wconf 89' lang='lat' dir='ltr'>omne</span> <span class='ocrx_word' id='word_1_344' title='bbox 1223 5078 1506 5173; x_wconf 40' lang='lat' dir='ltr'>annum&#39;tantum</span> <span class='ocrx_word' id='word_1_345' title='bbox 1521 5105 1681 5189; x_wconf 90' lang='lat' dir='ltr'>pretium,</span> <span class='ocrx_word' id='word_1_346' title='bbox 1701 5107 1863 5190; x_wconf 87' lang='lat' dir='ltr'>quantum</span> <span class='ocrx_word' id='word_1_347' title='bbox 1879 5104 1959 5172; x_wconf 90' lang='lat' dir='ltr'>aliis</span> <span class='ocrx_word' id='word_1_348' title='bbox 1976 5107 2145 5170; x_wconf 86' lang='lat' dir='ltr'>consorti-</span> 
     </span>
     <span class='ocr_line' id='line_1_29' title="bbox 289 5255 2147 5343; baseline -0.002 -19"><span class='ocrx_word' id='word_1_349' title='bbox 289 5256 370 5326; x_wconf 85' lang='lat' dir='ltr'>tlces</span> <span class='ocrx_word' id='word_1_350' title='bbox 386 5258 516 5326; x_wconf 86' lang='lat' dir='ltr'>nostris</span> <span class='ocrx_word' id='word_1_351' title='bbox 531 5275 592 5342; x_wconf 86' lang='lat' dir='ltr'>per</span> <span class='ocrx_word' id='word_1_352' title='bbox 608 5260 784 5343; x_wconf 86' lang='lat' dir='ltr'>singulum</span> <span class='ocrx_word' id='word_1_353' title='bbox 801 5260 923 5327; x_wconf 86' lang='lat' dir='ltr'>tollere</span> <span class='ocrx_word' id='word_1_354' title='bbox 939 5258 1109 5336; x_wconf 88' lang='lat' dir='ltr'>debuerit,</span> <span class='ocrx_word' id='word_1_355' title='bbox 1129 5261 1163 5327; x_wconf 91' lang='lat' dir='ltr'>et</span> <span class='ocrx_word' id='word_1_356' title='bbox 1177 5257 1220 5326; x_wconf 92' lang='lat' dir='ltr'>de</span> <span class='ocrx_word' id='word_1_357' title='bbox 1236 5259 1312 5343; x_wconf 88' lang='lat' dir='ltr'>ipsa</span> <span class='ocrx_word' id='word_1_358' title='bbox 1328 5258 1485 5343; x_wconf 89' lang='lat' dir='ltr'>predicta</span> <span class='ocrx_word' id='word_1_359' title='bbox 1508 5259 1603 5326; x_wconf 80' lang='lat' dir='ltr'>clusa</span> <span class='ocrx_word' id='word_1_360' title='bbox 1626 5259 1669 5325; x_wconf 89' lang='lat' dir='ltr'>de</span> <span class='ocrx_word' id='word_1_361' title='bbox 1692 5257 1806 5343; x_wconf 90' lang='lat' dir='ltr'>ipsum</span> <span class='ocrx_word' id='word_1_362' title='bbox 1829 5255 2022 5342; x_wconf 89' lang='lat' dir='ltr'>predictum</span> <span class='ocrx_word' id='word_1_363' title='bbox 2046 5257 2147 5322; x_wconf 86' lang='lat' dir='ltr'>balli-</span> 
     </span>
     <span class='ocr_line' id='line_1_30' title="bbox 288 5403 2159 5495; baseline -0.001 -20"><span class='ocrx_word' id='word_1_364' title='bbox 288 5409 406 5476; x_wconf 86' lang='lat' dir='ltr'>tellun’l</span> <span class='ocrx_word' id='word_1_365' title='bbox 422 5413 558 5478; x_wconf 86' lang='lat' dir='ltr'>teneret</span> <span class='ocrx_word' id='word_1_366' title='bbox 573 5413 607 5477; x_wconf 89' lang='lat' dir='ltr'>et</span> <span class='ocrx_word' id='word_1_367' title='bbox 621 5409 817 5478; x_wconf 89' lang='lat' dir='ltr'>dominaret</span> <span class='ocrx_word' id='word_1_368' title='bbox 832 5413 865 5479; x_wconf 88' lang='lat' dir='ltr'>et</span> <span class='ocrx_word' id='word_1_369' title='bbox 881 5411 1030 5495; x_wconf 88' lang='lat' dir='ltr'>piscaret</span> <span class='ocrx_word' id='word_1_370' title='bbox 1044 5413 1079 5479; x_wconf 89' lang='lat' dir='ltr'>et</span> <span class='ocrx_word' id='word_1_371' title='bbox 1094 5409 1138 5478; x_wconf 91' lang='lat' dir='ltr'>ad</span> <span class='ocrx_word' id='word_1_372' title='bbox 1155 5409 1357 5495; x_wconf 86' lang='lat' dir='ltr'>piscandum</span> <span class='ocrx_word' id='word_1_373' title='bbox 1377 5409 1484 5483; x_wconf 86' lang='lat' dir='ltr'>daret,</span> <span class='ocrx_word' id='word_1_374' title='bbox 1505 5408 1596 5476; x_wconf 90' lang='lat' dir='ltr'>etde</span> <span class='ocrx_word' id='word_1_375' title='bbox 1612 5411 1686 5494; x_wconf 89' lang='lat' dir='ltr'>ipsa</span> <span class='ocrx_word' id='word_1_376' title='bbox 1702 5410 1888 5494; x_wconf 72' lang='lat' dir='ltr'>piscamur,</span> <span class='ocrx_word' id='word_1_377' title='bbox 1904 5407 1993 5494; x_wconf 91' lang='lat' dir='ltr'>quod</span> <span class='ocrx_word' id='word_1_378' title='bbox 2010 5403 2047 5474; x_wconf 87' lang='lat' dir='ltr'>in</span> <span class='ocrx_word' id='word_1_379' title='bbox 2072 5409 2159 5491; x_wconf 76' lang='lat' dir='ltr'>ipsa,</span> 
     </span>
    </p>
   </div>
   <div class='ocr_carea' id='block_1_10' title="bbox 344 5711 1877 5805">
    <p class='ocr_par' dir='ltr' id='par_1_14' title="bbox 344 5711 1877 5805">
     <span class='ocr_line' id='line_1_31' title="bbox 344 5711 1877 5805; baseline -0.002 -16"><span class='ocrx_word' id='word_1_380' title='bbox 344 5733 368 5804; x_wconf 78' lang='lat'>⁸)</span> <span class='ocrx_word' id='word_1_381' title='bbox 391 5732 500 5790; x_wconf 73' lang='lat' dir='ltr'>Tarona</span> <span class='ocrx_word' id='word_1_382' title='bbox 522 5733 565 5790; x_wconf 79' lang='lat' dir='ltr'>rel</span> <span class='ocrx_word' id='word_1_383' title='bbox 591 5731 703 5800; x_wconf 73' lang='lat' dir='ltr'>Porotta,</span> <span class='ocrx_word' id='word_1_384' title='bbox 726 5711 812 5790; x_wconf 86' lang='lat' dir='ltr'>hodie</span> <span class='ocrx_word' id='word_1_385' title='bbox 831 5733 942 5804; x_wconf 75' lang='lat' dir='ltr'>loretto,</span> <span class='ocrx_word' id='word_1_386' title='bbox 959 5733 1008 5805; x_wconf 90' lang='lat' dir='ltr'>qui</span> <span class='ocrx_word' id='word_1_387' title='bbox 1023 5741 1067 5788; x_wconf 80' lang='lat' dir='ltr'>est</span> <span class='ocrx_word' id='word_1_388' title='bbox 1082 5747 1174 5805; x_wconf 84' lang='lat' dir='ltr'>pagus</span> <span class='ocrx_word' id='word_1_389' title='bbox 1189 5749 1279 5803; x_wconf 88' lang='lat' dir='ltr'>prope</span> <span class='ocrx_word' id='word_1_390' title='bbox 1296 5731 1446 5788; x_wconf 80' lang='lat' dir='ltr'>llarellurn</span> <span class='ocrx_word' id='word_1_391' title='bbox 1463 5732 1490 5785; x_wconf 91' lang='lat' dir='ltr'>in</span> <span class='ocrx_word' id='word_1_392' title='bbox 1508 5730 1651 5786; x_wconf 79' lang='lat' dir='ltr'>territorio</span> <span class='ocrx_word' id='word_1_393' title='bbox 1666 5731 1877 5804; x_wconf 81' lang='lat' dir='ltr'>nmnlplritono.</span> 
     </span>
    </p>
   </div>
   <div class='ocr_carea' id='block_1_11' title="bbox 347 5853 1201 5930">
    <p class='ocr_par' dir='ltr' id='par_1_15' title="bbox 347 5853 1201 5930">
     <span class='ocr_line' id='line_1_32' title="bbox 347 5853 1201 5930; baseline -0.006 -15"><span class='ocrx_word' id='word_1_394' title='bbox 347 5856 370 5930; x_wconf 89' lang='lat'>²)</span> <span class='ocrx_word' id='word_1_395' title='bbox 393 5857 493 5915; x_wconf 84' lang='lat' dir='ltr'>Sancto</span> <span class='ocrx_word' id='word_1_396' title='bbox 513 5857 661 5930; x_wconf 69' lang='lat' dir='ltr'>Marsuam,</span> <span class='ocrx_word' id='word_1_397' title='bbox 684 5873 774 5930; x_wconf 83' lang='lat' dir='ltr'>pagus</span> <span class='ocrx_word' id='word_1_398' title='bbox 796 5857 825 5911; x_wconf 91' lang='lat' dir='ltr'>in</span> <span class='ocrx_word' id='word_1_399' title='bbox 847 5856 987 5912; x_wconf 87' lang='lat' dir='ltr'>comitatu</span> <span class='ocrx_word' id='word_1_400' title='bbox 1008 5855 1037 5912; x_wconf 91' lang='lat' dir='ltr'>S.</span> <span class='ocrx_word' id='word_1_401' title='bbox 1060 5853 1201 5911; x_wconf 75' lang='lat' dir='ltr'>Severini.</span> 
     </span>
    </p>
   </div>
   <div class='ocr_carea' id='block_1_12' title="bbox 0 0 2712 7092">
    <p class='ocr_par' dir='ltr' id='par_1_16' title="bbox 0 0 2712 7092">
     <span class='ocr_line' id='line_1_33' title="bbox 0 0 2712 7092; baseline 0 0"><span class='ocrx_word' id='word_1_402' title='bbox 0 0 2712 7092; x_wconf 95' lang='lat' dir='ltr'> </span> 
     </span>
    </p>
   </div>
  </div>
 </body>
</html>
