5286 7098
926 675 931 686 ¹
987 643 1354 720 DIPLOMATICUS
2004 657 2045 720 59

239 910 302 960 sua
324 895 359 959 et
371 891 510 960 illorum
526 888 669 960 heredes
685 888 780 972 omni
803 891 957 973 tempore
974 885 1121 954 firmiter
1138 886 1296 956 inclitum
1310 906 1416 956 unum
1432 888 1616 976 applittum
1633 906 1710 958 cum
1734 890 1855 957 inclita
1878 888 1953 973 ipsa
1967 886 2094 958 medie-

240 1044 312 1112 tate
333 1041 376 1109 de
398 1039 591 1126 predictum
615 1041 728 1107 ortum
751 1039 848 1106 omni
863 1041 1018 1124 tempore
1040 1036 1239 1106 defensatus
1262 1055 1324 1122 per
1347 1038 1433 1123 ipsis
1456 1038 1538 1108 filiis
1561 1042 1596 1107 et
1617 1038 1745 1108 herede
1761 1057 1839 1108 mea
1860 1057 1938 1107 cum
1962 1040 2036 1109 vice
2052 1039 2093 1108 de

242 1195 307 1262 biis
323 1194 395 1262 suis
417 1193 464 1260 da
486 1193 599 1260 omnis
616 1193 774 1260 homines
789 1192 951 1277 omanue
967 1190 1148 1278 partibus3
1165 1189 1333 1276 simulque
1349 1194 1383 1258 et
1398 1189 1512 1258 iudico
1526 1191 1636 1277 ipsius
1651 1193 1795 1260 iohanni
1811 1190 2048 1261 corcebaldum
2064 1191 2091 1278 ⁴)

240 1363 354 1416 meum
376 1345 420 1413 de
442 1347 605 1414 bambace
626 1349 661 1414 et
685 1363 791 1414 unum
814 1345 955 1424 camiso,
981 1346 1017 1414 et
1040 1361 1110 1412 una
1132 1343 1274 1417 camisa.
1298 1348 1332 1413 et
1354 1363 1461 1412 unum
1486 1345 1584 1430 pario
1606 1343 1649 1412 de
1672 1345 1799 1414 breche
1824 1347 1859 1412 et
1892 1347 1984 1413 cehe
2000 1343 2028 1429 ²)
2058 1346 2094 1412 et

239 1498 406 1566 subtulari
423 1495 463 1584 ³).
491 1501 554 1566 hec
577 1499 696 1566 omnia
718 1499 960 1584 suprascripta
982 1495 1149 1564 iudicabit
1173 1497 1284 1583 ipsius
1307 1497 1449 1566 iohanni
1474 1499 1508 1566 et
1530 1497 1682 1582 predicte
1703 1499 1805 1564 uxori
1821 1515 1881 1567 sue
1895 1497 1989 1564 omni
2007 1501 2093 1564 tem·

237 1669 323 1734 pore
346 1650 492 1717 firmiter
516 1648 723 1727 habendum,
749 1647 1010 1724 dominandum,
1037 1639 1293 1732 possidendum,
1311 1647 1428 1715 omnia
1450 1651 1484 1716 et
1506 1648 1543 1716 in
1566 1648 1724 1716 omnibus
1740 1648 1867 1718 exinde
1882 1648 2089 1728 faciendum,

237 1803 327 1886 quod
352 1803 492 1871 illorum
516 1802 690 1889 placuerit
714 1801 840 1887 absque
864 1800 1108 1886 culuscumque
1131 1801 1377 1902 contrarIetate
1401 1804 1455 1868 vel
1478 1801 1702 1886 requisitione
1725 1819 1861 1886 semper
1897 1802 2092 1870 defensatus
2189 1807 2192 1812 '

238 1975 302 2040 per
324 1957 407 2025 tiliis
430 1959 465 2023 et
488 1954 670 2023 heredibus
695 1957 803 2024 meis·
817 1975 876 2025 seu
899 1959 933 2025 et
951 1955 1076 2034 iudico,
1098 1955 1340 2026 ut'sortionem
1357 1973 1434 2023 mea
1456 1955 1499 2024 de
1515 1959 1611 2024 terra
1626 1974 1704 2024 cum
1719 1954 1867 2025 arbustis
1888 1955 2014 2036 illatis,
2033 1956 2093 2022 ubi

238 2109 365 2176 dicitur
388 2107 431 2175 ad
450 2109 526 2194 ipsa
541 2109 682 2187 sosaria,
709 2111 837 2176 habeas
861 2107 904 2176 ad
928 2107 1154 2194 frugiandum
1177 2110 1318 2177 nomine
1340 2109 1485 2188 cicerus,
1511 2111 1569 2194 qui
1594 2109 1659 2176 luit
1680 2107 1842 2176 libertum
1865 2107 1973 2192 ipsius
1996 2109 2093 2192 geni-

239 2262 305 2328 tori
330 2261 409 2340 mei,
435 2261 555 2330 diebus
577 2262 647 2332 vite
662 2283 722 2332 sue
745 2264 807 2348 pr'o
831 2263 916 2332 meis
939 2263 1062 2331 salutis
1085 2263 1201 2331 anime
1224 2262 1403 2348 frngiandi
1427 2265 1462 2330 et
1484 2262 1686 2341 laborandi,
1716 2264 1750 2330 et
1772 2262 1816 2331 de
1838 2263 1914 2348 ipso
1937 2263 2092 2347 frugium

176 2368 177 2372 Ἴ
239 2413 457 2494 laciendum,
483 2414 573 2500 quod
598 2413 746 2482 voluerit
769 2416 898 2499 absque
921 2415 1015 2482 omni
1041 2415 1288 2486 contrarietate
1311 2417 1365 2483 vel
1397 2415 1619 2500 requisitione
1651 2413 1695 2483 de
1727 2414 1810 2481 filiis
1844 2417 1877 2484 et
1906 2413 2093 2484 heredibus

238 2565 306 2632 mei
328 2566 382 2632 vel
407 2565 531 2650 cuiqua
553 2565 752 2633 hominibus
776 2568 818 2632 ab
841 2581 959 2634 eornm
984 2565 1151 2651 partibus.
1179 2565 1256 2634 ideo
1279 2567 1343 2636 hec
1366 2564 1483 2633 omnia
1505 2565 1542 2632 in
1564 2583 1604 2636 eo
1628 2564 1775 2664 hordine
1798 2565 1944 2634 firmiter
1977 2563 2092 2650 dispo-

244 2717 314 2784 suit
337 2719 371 2784 el
395 2717 543 2786 indicabi
567 2717 678 2804 adque
701 2719 929 2804 preordinare
952 2717 1113 2804 prebidit‚
1133 2721 1171 2785 ut
1192 2721 1221 2789 si
1245 2719 1332 2787 mihi
1349 2737 1443 2788 mors
1458 2719 1650 2798 hebenerit,
1668 2719 1761 2785 omni
1778 2721 1931 2802 tempore
1946 2715 2093 2784 firmiter

239 2884 443 2952 permanere
465 2870 543 2953 post
566 2886 676 2936 meam
700 2868 930 2938 defunctione.
956 2869 999 2937 de
1022 2888 1090 2954 qua
1114 2869 1231 2954 obligo
1254 2869 1337 2937 filiis
1359 2874 1394 2936 et
1423 2870 1510 2937 meis
1533 2867 1729 2950 heredibus,
1748 2873 1786 2934 ut
1812 2870 1842 2936 si
1864 2868 1941 2953 quis
1963 2867 2007 2934 de
2028 2870 2092 2934 hec

240 3021 384 3098 omnia,
411 3020 500 3104 quod
533 3021 692 3106 superius
722 3020 888 3089 iudicabit
910 3020 1018 3107 adque
1041 3021 1230 3090 hordinare
1252 3021 1413 3106 prebidit‚
1447 3020 1571 3106 aliquit
1601 3019 1848 3092 contradixerit
1871 3023 1905 3088 et
1919 3020 2095 3090 remobere

238 3172 401 3256 quesierit
422 3175 458 3240 et
480 3174 567 3242 talia
588 3191 658 3242 non
681 3174 932 3259 adimpleberit,
959 3175 1110 3260 qualiter
1134 3175 1291 3260 superius
1315 3177 1455 3260 legitur,
1474 3174 1516 3242 ad
1540 3173 1786 3260 compositione
1809 3173 1901 3241 siant
1924 3173 2094 3259 obligatos

236 3325 320 3394 liliis
342 3329 377 3394 et
398 3325 583 3396 heredibus
610 3327 693 3397 meis
717 3346 924 3414 componere
947 3327 1079 3396 homini
1104 3328 1180 3406 illi,
1218 3329 1273 3395 cui
1304 3329 1470 3414 scriptum
1501 3329 1565 3395 iste
1599 3327 1646 3393 im
1672 3345 1777 3394 manu
1802 3327 1969 3411 paruerit,
1995 3327 2094 3410 quin-

236 3479 403 3564 quaginta
424 3477 552 3596 solidos
574 3481 785 3550 costantinus
807 3498 926 3562 rohos,
951 3483 986 3550 et
1009 3480 1138 3559 omnia,
1158 3480 1327 3567 quomodo
1351 3480 1510 3566 superius
1534 3478 1696 3548 iudicabit
1719 3483 1754 3546 et
1777 3477 1985 3556 hordinabit‚
2000 3479 2094 3545 omni

237 3635 395 3716 tempore
417 3632 565 3718 firmiter
588 3634 811 3718 permanead,
837 3640 872 3704 et
895 3654 957 3720 per
980 3635 1110 3704 imbitis
1132 3635 1214 3704 filiis
1236 3640 1270 3704 et
1292 3627 1437 3706 heredes
1454 3653 1547 3704 meos
1562 3632 1688 3703 debead
1713 3632 1914 3718 adimplere,
1933 3632 2020 3699 sicut
2042 3649 2097 3699 su·

236 3785 355 3868 parius
377 3787 519 3870 legitur.
545 3789 578 3856 et
602 3789 663 3856 tali
689 3789 835 3858 hordine
858 3794 891 3859 te
915 3789 1132 3874 grimoaldus
1146 3790 1304 3858 notarius
1320 3792 1472 3858 scrihere
1494 3788 1615 3872 rogabi
1640 3791 1753 3854 actum
1779 3785 1934 3862 micaria,
1958 3783 2040 3868 quia
2061 3787 2096 3850 et

237 3938 451 4008 interfuistis.

297 4063 406 4174 †ego
429 4091 530 4174 guiso
554 4093 722 4176 presbiter
745 4097 780 4162 et
801 4093 919 4160 abbas.

1016 4595 1300 4678 CCLVIII.

1026 4843 1081 4920 A.
1107 4778 1169 4920 o.
1206 4841 1310 4922 oce.

303 5091 337 5227 I
360 5147 398 5212 ln
422 5147 563 5215 nomine
585 5147 716 5216 domini
739 5151 914 5221 tricesimo
942 5154 1040 5221 sexto
1062 5167 1153 5220 anno
1175 5153 1393 5238 principatus
1415 5154 1534 5223 domni
1557 5155 1665 5222 nostri
1689 5152 1804 5238 gisolfi
1830 5150 1974 5236 gloriosi
1998 5151 2095 5234 prin·

242 5295 341 5378 cipis,
367 5316 484 5367 mense
511 5299 656 5368 martius
677 5299 880 5372 duodecima
904 5303 1103 5373 indictione.
1129 5304 1297 5392 ideoque
1321 5323 1395 5374 nos·
1406 5306 1582 5392 jaquintus
1603 5305 1695 5372 illius
1718 5303 1860 5372 aldecisi
1884 5301 2030 5370 clericus
2057 5304 2092 5368 et

299 5679 320 5750 ¹)
335 5681 551 5756 Oorcelboldum
567 5685 645 5742 idern
660 5689 890 5746 coarctabamur
910 5691 957 5746 vel
980 5691 1162 5762 Uortiboldus,
1186 5693 1276 5749 vestis
1292 5692 1415 5764 species,
1432 5701 1461 5746 ut
1478 5692 1506 5744 in
1524 5689 1567 5744 Du
1582 5689 1691 5763 Gange.

299 5801 321 5874 ²)
336 5803 425 5876 Celae,
443 5805 519 5863 idest
533 5807 649 5866 tibialia.

298 5925 321 5996 ³)
337 5927 489 5998 sublaturi,
507 5931 572 5988 vide
585 5937 736 5996 subtolares
752 5940 780 5995 in
795 5940 889 6000 tiloss.
905 5941 948 5998 nu
964 5941 1073 6016 Gange.
