5378 7098
634 661 654 718 <l
1296 637 1463 708 CODEX
1506 635 1738 709 CAVENSIS

584 888 717 958 ratione
732 905 808 953 curn
826 903 907 970 pars
924 884 1084 952 iamdicte
1101 883 1242 950 ecclesie
1258 900 1403 949 causare
1419 883 1479 950 aut
1493 880 1700 950 contendere
1717 899 1787 950 non
1803 884 1932 965 potere,
1949 899 1989 948 eo
2001 881 2088 965 quod
2102 880 2272 958 dicebant,
2288 887 2325 950 ut
2338 886 2439 950 rebus

583 1044 661 1126 ipsa
677 1040 719 1107 ad
736 1057 819 1124 pars
836 1037 997 1106 iamdicte
1012 1035 1154 1107 ecclesie
1169 1037 1259 1103 esset
1274 1036 1489 1120 pertinentes
1502 1053 1564 1120 per
1582 1035 1658 1121 ipse
1669 1035 1761 1102 finis.
1779 1036 1913 1118 posteo
1930 1035 2069 1110 factum,
2084 1039 2170 1100 bone
2185 1053 2245 1101 sne
2260 1035 2438 1101 bolumtati

584 1190 650 1274 ipsi
668 1189 835 1256 nominati
855 1189 1032 1266 iohannes,
1051 1191 1086 1256 et
1107 1191 1239 1273 petrus,
1258 1191 1290 1254 et
1308 1189 1390 1272 lupo
1413 1187 1560 1254 clericus
1583 1185 1700 1253 arecia
1722 1186 1766 1252 ad
1791 1187 1904 1269 ipsum
1928 1186 2085 1251 abbatem
2104 1193 2138 1250 et
2154 1184 2345 1268 predictum
2367 1185 2441 1253 eins

586 1340 825 1408 adbocatorem
842 1339 1031 1426 dederunt3
1049 1341 1084 1406 et
1099 1358 1160 1424 per
1176 1339 1253 1423 ipsa
1278 1337 1395 1404 wadia
1418 1329 1745 1421 hobligaberuntse
1769 1353 1914 1420 suosque
1937 1336 2026 1402 filios
2050 1337 2083 1401 et
2107 1333 2236 1410 eredes,
2262 1339 2300 1400 ut
2323 1335 2350 1402 si
2377 1335 2441 1402 ali-

587 1492 725 1576 quando
743 1496 896 1576 tempore
911 1509 989 1558 cum
1007 1508 1089 1575 pars
1107 1488 1267 1556 iamdicte
1283 1488 1426 1555 ecclesie
1448 1486 1491 1554 de
1515 1487 1593 1571 ipsa
1615 1489 1729 1562 rebus,
1748 1486 1840 1554 unde
1862 1485 2022 1570 superius
2045 1485 2354 1553 manifestaberunt
2375 1503 2440 1570 per

586 1645 818 1729 suprascripte
834 1644 925 1720 finis,
945 1661 1089 1712 causare
1105 1644 1164 1709 aut
1179 1612 1384 1709 contendere
1400 1641 1625 1726 presumserit
1639 1659 1701 1724 per
1717 1657 1754 1706 se
1769 1643 1828 1705 aut
1845 1657 1907 1722 per
1922 1639 2141 1706 summissam
2165 1656 2361 1722 persenam,
2375 1657 2439 1723 per

587 1801 676 1862 bona
692 1794 972 1862 combenientiam
991 1813 1052 1878 per
1070 1795 1144 1878 ipsa
1160 1793 1272 1861 stadia
1291 1793 1558 1876 bobligaberunt
1573 1811 1610 1860 se
1624 1809 1770 1876 suosque
1786 1791 1875 1858 tilios
1897 1795 1932 1857 et
1954 1789 2074 1857 eredes
2100 1789 2144 1857 ad
2166 1787 2439 1874 componendum

588 1947 629 2012 ad
647 1964 727 2030 pars
744 1945 906 2013 iamdicte
921 1946 1064 2015 ecclesie
1080 1945 1337 2030 quinquaginta
1352 1945 1429 2012 auri
1445 1944 1572 2012 solidos
1588 1945 1826 2012 constantines
1840 1947 1874 2010 et
1889 1941 1985 2008 taciti
1998 1940 2079 2008 inde
2094 1958 2248 2018 manere,
2263 1943 2298 2008 et
2314 1939 2443 2007 saciant

590 2100 705 2164 tacere
721 2096 772 2162 illi
788 2095 984 2162 hominibus
1001 2100 1034 2162 et
1050 2096 1216 2179 partibus,
1236 2097 1294 2180 qui
1310 2112 1373 2180 pro
1390 2095 1527 2162 illerum
1544 2098 1645 2179 parte
1662 2097 1696 2161 et
1710 2094 1829 2161 datum
1846 2092 1926 2160 inde
1942 2091 2145 2160 causaberit.
2164 2108 2228 2158 nos
2251 2089 2442 2174 supradicti

590 2245 746 2323 castaldi,
762 2245 842 2312 dum
859 2245 974 2313 taliter
991 2246 1059 2314 illis
1074 2245 1351 2314 manifestantem
1368 2245 1563 2313 audibimus
1578 2247 1704 2331 etipsa
1719 2245 1990 2329 hobligationem
2008 2241 2200 2324 facientem,
2218 2242 2295 2308 ideo
2311 2241 2443 2308 iudica·

589 2401 710 2474 bimus,
729 2401 766 2464 ut
782 2397 904 2464 amodo
920 2401 955 2464 et
971 2415 1106 2482 semper
1122 2415 1205 2482 pars
1221 2395 1382 2464 iamdicte
1396 2397 1538 2464 ecclesie
1554 2396 1654 2464 rebus
1670 2397 1747 2481 ipsa
1764 2411 1827 2480 per
1844 2395 1918 2480 ipse
1933 2395 2012 2462 finis
2026 2395 2192 2464 securiter
2207 2395 2272 2462 sibi
2288 2397 2389 2463 abere
2404 2397 2441 2461 et

590 2549 765 2632 possidere
782 2551 858 2617 sine
875 2549 1097 2635 requisitione
1114 2552 1167 2618 vel
1183 2551 1429 2616 contrarietate
1445 2549 1488 2616 de
1504 2549 1663 2616 omnibus
1679 2548 1906 2634 suprascripti
1929 2551 1964 2614 et
1985 2547 2029 2615 de
2051 2565 2168 2616 eorum
2192 2546 2330 2632 eredes;
2347 2547 2441 2614 unde

594 2701 800 2769 mediatores
815 2705 1006 2806 pesuerunt
1022 2721 1059 2771 se
1074 2701 1173 2785 ipsis,
1189 2704 1225 2769 et
1240 2701 1355 2769 taliter
1371 2701 1521 2769 scribere
1537 2701 1680 2770 fecimus
1696 2705 1730 2769 te
1742 2704 1859 2785 petrus
1874 2699 2039 2768 notarius.

653 2829 683 2938 †
705 2839 773 2936 ego
786 2854 843 2937 qui
860 2871 967 2938 supra
982 2854 1052 2920 sico
1647 2817 1652 2828 ⁵

653 2979 682 3092 †
705 3024 771 3090 ego
786 3007 844 3090 qui
861 3024 965 3090 supra
981 3010 1098 3090 petrus

591 3149 596 3160 '
652 3129 769 3240 †ego
784 3156 842 3241 qui
858 3174 964 3240 supra
981 3158 1083 3224 maio.

1414 3656 1616 3737 CCXII.

1375 3900 1430 3976 A.
1467 3899 1517 3977 D.
1555 3898 1651 3978 961.

649 4159 683 4295 γ’
700 4213 737 4276 ln
755 4209 895 4275 nomine
911 4209 1042 4275 domini
1060 4225 1152 4275 anno
1170 4207 1345 4275 vicesimo
1361 4205 1511 4274 secundo
1526 4205 1643 4273 domni
1660 4206 1800 4274 landolfi
1814 4208 1958 4292 gloriosi
1970 4206 2139 4292 principis
2152 4209 2289 4274 stanno
2302 4207 2448 4272 hoctabo

590 4359 727 4426 decimo
756 4358 971 4441 principatus
996 4356 1113 4424 domni
1138 4355 1279 4440 paldolfi
1305 4355 1368 4422 tilii
1397 4356 1483 4432 eius,
1502 4373 1620 4423 mense
1643 4359 1781 4440 magius
1803 4358 1927 4440 quarta
1949 4354 2148 4424 indictione.
2166 4355 2447 4424 Memoratorium

589 4511 717 4577 tactum
735 4526 755 4574 a
774 4527 828 4576 me
845 4509 994 4577 andreas
1009 4510 1102 4577 filius
1118 4509 1275 4594 leperissi
1292 4508 1334 4576 dc
1351 4511 1416 4575 boc
1438 4509 1527 4593 quod
1553 4509 1646 4577 intus
1669 4510 1847 4605 civitatem¹
1866 4510 2009 4578 abellini
2033 4511 2115 4577 ante
2136 4507 2343 4576 nobiliorum
2367 4511 2448 4575 sub-

595 4662 803 4745 scriptorum
819 4662 958 4728 testium
975 4661 1176 4728 coniuncxit
1192 4679 1245 4730 me
1263 4661 1298 4726 in
1317 4663 1407 4728 bona
1430 4659 1668 4728 convenientia
1691 4679 1769 4727 cum
1792 4661 1906 4728 cicero
1928 4661 2000 4728 filio
2023 4659 2095 4728 ursi
2119 4677 2183 4744 pre
2206 4677 2275 4728 una
2297 4661 2444 4736 cartula,

592 4813 682 4897 qued
698 4813 729 4879 ei
746 4812 1010 4890 commendabit,
1029 4811 1117 4897 quod
1135 4828 1315 4879 commune
1331 4814 1495 4879 habemus
1509 4811 1566 4897 qui
1584 4814 1689 4883 michi
1705 4817 1757 4880 est
1772 4814 1985 4898 pertinentes
2000 4811 2046 4880 da
2067 4811 2254 4880 domeneca
2276 4813 2448 4878 monacha

591 4965 664 5033 illia
680 4965 735 5042 isi,
756 4967 844 5032 sicut
861 4965 897 5031 in
913 4964 1072 5034 omnibus
1087 4964 1214 5033 exinde
1232 4983 1302 5032 rma
1316 4965 1468 5034 continet
1485 4967 1631 5045 cartula,
1651 4966 1739 5051 quod
1757 4969 1842 5051 aput
1856 4985 1912 5034 me
1926 4967 2099 5032 firmatam
2115 4968 2286 5052 reteneor3
2310 4967 2346 5032 et
2367 4965 2447 5048 ipsa

589 5109 735 5196 cartula,
760 5120 798 5182 ut
824 5135 931 5201 supra
953 5116 1116 5194 diximus,
1135 5116 1222 5201 quod
1239 5117 1270 5184 ei
1295 5116 1532 5228 recontendata
1554 5119 1649 5194 abeo,
1679 5117 1768 5201 quod
1791 5135 1935 5185 comune
1958 5119 2107 5195 abemus,
2126 5117 2333 5196 continebat,
2362 5133 2446 5202 quo·

590 5270 690 5336 modo
706 5268 894 5353 isengardo
910 5269 1001 5336 illius
1017 5267 1186 5336 sarecausi
1202 5266 1245 5333 de
1269 5268 1343 5334 loce
1366 5269 1521 5351 pronella
1545 5271 1764 5336 abellanense
1787 5268 1914 5335 finibus
1935 5284 2004 5334 una
2027 5285 2104 5333 cum
2127 5266 2289 5335 isenardo
2311 5271 2346 5336 et
2368 5286 2444 5336 cum

591 5421 762 5488 ertelaitio
778 5419 849 5488 filio
865 5437 927 5487 suo
942 5419 1201 5488 venundederat
1222 5418 1386 5487 sadelsrid
1411 5421 1483 5487 lilio
1505 5420 1707 5504 comprendi
1732 5421 1767 5487 et
1790 5417 2031 5504 guandelmari
2053 5417 2126 5484 filio
2148 5417 2312 5486 deminici
2335 5417 2445 5504 ipsam

592 5573 693 5640 rebus
710 5591 789 5639 suas
804 5572 847 5640 de
862 5574 936 5640 loco
953 5573 1062 5640 banco
1079 5576 1114 5640 et
1129 5575 1236 5638 totam
1253 5572 1364 5657 ipsam
1382 5574 1486 5640 rebus
1501 5573 1696 5641 continebat
1719 5589 1781 5658 per
1805 5571 1895 5648 finis,
1913 5573 1949 5638 et
1971 5569 2065 5638 aliud
2088 5569 2286 5637 continebat
2308 5570 2346 5636 in
2368 5570 2447 5654 ipsa

591 5723 743 5789 cartula:
764 5722 895 5806 scripta
912 5725 985 5806 ipsa
1002 5723 1134 5790 cartula
1151 5740 1213 5806 per
1230 5739 1333 5789 manu
1352 5721 1601 5808 regemprandi
1618 5723 1774 5789 notarius
1791 5723 1827 5789 in
1843 5723 1957 5806 primo
1972 5739 2063 5788 anno
2087 5719 2303 5806 principatus
2326 5721 2444 5789 domni

590 5877 696 5941 nostri
723 5875 794 5940 ursi
814 5873 856 5941 de
872 5893 989 5943 mense
1004 5877 1131 5960 aprelis
1148 5895 1209 5960 per
1226 5876 1414 5944 indictione
1431 5894 1535 5953 nona,
1554 5879 1589 5942 et
1604 5875 1731 5943 ibidem
1748 5877 1824 5943 erat
1840 5874 1938 5942 testis
1953 5874 2152 5959 isengard0,
2171 5877 2206 5940 et
2221 5873 2391 5952 isenardo,
2408 5879 2443 5943 et
