5216 7092
534 570 597 633 200
1203 550 1367 624 conix
1408 548 1642 623 cavensis

490 799 597 872 finem
614 816 715 884 quem
732 796 908 864 vobiscum
924 795 1029 863 antea
1044 793 1189 861 fecimus
1203 791 1247 859 de
1262 793 1327 859 hec
1349 792 1476 872 omnia,
1495 791 1584 860 sicut
1607 794 1766 878 superius
1788 793 1953 876 diximus,
1971 798 2028 864 ubi
2052 799 2120 884 ipsi
2146 799 2342 870 testimonia

488 947 618 1018 exinde
636 949 755 1017 iurare
771 963 833 1015 nos
848 947 945 1014 vobis
961 943 1002 1013 de
1018 943 1214 1030 presentem
1238 941 1365 1010 exinde
1391 943 1503 1027 ipsam
1526 943 1746 1012 securitatem
1768 945 1911 1015 firmare
1932 949 1966 1015 et
1989 947 2125 1016 retdere
2148 951 2245 1018 vobis
2266 951 2342 1036 ipsa

487 1104 649 1172 chartula
664 1101 706 1170 de
719 1097 933 1177 niciforium,
950 1095 1040 1182 quod
1055 1093 1155 1162 nobis
1170 1093 1252 1161 fecit
1268 1093 1418 1162 scrivere
1435 1095 1490 1162 leo
1505 1095 1693 1163 monachus
1715 1081 1808 1164 filius
1830 1097 1915 1177 eius,
1930 1102 1966 1166 et
1981 1099 2056 1185 ipsa
2079 1102 2150 1169 alia
2166 1104 2338 1182 chartula,

488 1255 579 1342 quod
596 1259 635 1322 tu
650 1254 761 1323 iecisti
779 1251 877 1319 nobis
894 1251 1058 1336 scrivere3
1075 1249 1110 1316 et
1124 1248 1154 1316 si
1167 1247 1295 1314 exinde
1309 1247 1506 1315 testimonia
1528 1250 1656 1316 havere
1679 1266 1749 1316 non
1764 1251 1958 1335 potueritis,
1976 1271 2040 1320 nos
2062 1273 2082 1321 a
2104 1259 2203 1341 parte
2225 1259 2343 1326 nostra

487 1412 694 1479 haveremus
709 1403 923 1492 prontissimi
940 1401 1065 1471 exinde
1080 1400 1200 1468 iurare
1211 1403 1246 1468 et
1257 1400 1400 1468 firmare
1416 1400 1542 1468 exinde
1553 1401 1645 1469 inter
1657 1419 1721 1468 nos
1732 1403 1841 1488 ipsam
1854 1406 1972 1487 linem,
1986 1408 2020 1474 et
2031 1409 2061 1475 si
2072 1425 2136 1476 nos
2146 1411 2262 1478 iurare
2274 1427 2341 1478 non

488 1560 694 1648 oportuerit,
713 1559 830 1626 iurare
847 1575 909 1624 vos
926 1574 948 1623 a
963 1557 1063 1641 parte
1077 1553 1204 1620 vestra.
1219 1555 1298 1638 post
1311 1569 1394 1619 vero
1409 1556 1587 1638 receptum
1604 1553 1782 1634 iudicium,
1797 1555 1840 1624 de
1851 1561 2045 1642 presentem
2061 1560 2229 1630 atduxisti
2245 1563 2343 1631 nobis

490 1711 558 1780 duo
574 1709 784 1787 testimonia,
804 1707 863 1793 qui
879 1705 997 1792 parati
1013 1705 1154 1772 suerunt
1169 1704 1270 1771 nobis
1285 1702 1412 1773 exinde
1427 1704 1558 1791 iurare;
1583 1708 1635 1774 set
1658 1707 1789 1791 placuit
1802 1706 1866 1775 deo
1882 1711 2068 1794 antequam
2091 1711 2223 1791 iurare,
2249 1714 2343 1781 beni·

487 1881 562 1930 mus
578 1861 753 1927 vobiscum
769 1857 895 1927 exinde
910 1858 947 1924 in
964 1857 1207 1952 conbenientia
1225 1873 1330 1924 vervo
1346 1855 1461 1941 gratie
1477 1859 1512 1924 et
1530 1858 1616 1924 bone
1631 1859 1818 1927 voluntatis
1834 1859 1977 1930 iunxisti
1993 1863 2092 1931 nobis
2105 1863 2149 1932 de
2165 1865 2240 1950 ipsa
2253 1869 2342 1934 terra

484 2015 614 2083 ividem
632 2017 669 2082 at
685 2015 776 2080 latus
791 2010 888 2096 passi
905 2009 1099 2078 cammisali
1115 2007 1351 2094 quadraginta
1368 2007 1411 2074 de
1426 2008 1681 2093 longitudinem
1707 2013 1743 2078 et
1764 2010 1807 2080 de
1828 2012 2043 2081 latitudinem
2068 2032 2188 2098 pessos
2209 2015 2337 2096 decem,

489 2167 580 2255 quod
595 2168 685 2233 liunt
699 2167 736 2233 in
753 2165 858 2234 simul
873 2164 969 2250 passi
985 2160 1180 2230 cammisali
1196 2159 1438 2246 quadraginta,
1462 2160 1555 2228 etde
1570 2162 1788 2230 latitudinem
1805 2163 1897 2249 passi
1913 2167 2106 2234 eammisali
2130 2169 2291 2254 triginta,
2307 2173 2340 2238 et

489 2320 616 2388 dedisti
632 2319 732 2386 nobis
747 2318 840 2385 viam
856 2334 919 2408 per
935 2317 1013 2400 ipsa
1034 2315 1138 2392 lama,
1157 2311 1248 2379 unde
1270 2311 1340 2396 ipsi
1363 2312 1425 2379 alii
1449 2312 1657 2397 portionarii
1680 2315 1791 2381 nostri
1813 2315 1928 2394 andat,
1946 2319 1982 2384 et
2003 2317 2127 2386 dedisti
2152 2321 2252 2388 nobis
2273 2323 2340 2388 tari

486 2474 579 2551 octo,
600 2474 635 2538 et
651 2469 797 2538 reddisti
812 2467 911 2534 nohis
926 2466 994 2552 ipsi
1009 2465 1079 2534 tari
1094 2463 1167 2543 dui,
1185 2463 1273 2549 quod
1292 2462 1336 2530 ad
1351 2465 1485 2530 leonem
1507 2465 1669 2548 nepotem
1685 2468 1841 2534 nostrum
1858 2467 2015 2536 dedimus
2038 2487 2101 2554 pro
2125 2470 2239 2555 ipsam
2261 2489 2339 2556 por-

487 2625 614 2692 tionem
634 2622 677 2689 de
694 2619 930 2706 suprascripto
946 2617 1105 2683 niciforic
1122 2615 1282 2700 genitore
1296 2618 1370 2691 suc,
1389 2617 1424 2681 et
1438 2633 1502 2720 nos
1517 2615 1673 2685 dedimus
1690 2619 1784 2686 vobis
1799 2618 1878 2703 ipsa
1894 2621 2066 2700 chartula,
2084 2621 2173 2707 quod
2191 2625 2230 2688 tu
2245 2623 2342 2690 nobis

488 2777 619 2845 fecistis
635 2777 798 2852 scrivere,
817 2775 852 2840 et
867 2773 939 2839 alia
962 2771 1124 2836 chartula
1141 2768 1230 2854 quod
1254 2769 1355 2836 nobis
1378 2769 1460 2836 fecit
1482 2771 1634 2838 scrivere
1657 2773 1915 2858 suprascriptus
1940 2775 1994 2840 lec
2021 2778 2211 2844 monachus
2237 2795 2342 2862 nepus

488 2933 618 3015 noster3
636 2931 672 2996 et
687 2930 716 2996 si
733 2926 859 2994 exinde
873 2925 945 2992 alia
960 2925 1121 2992 chartula
1136 2925 1219 3006 aput
1235 2939 1298 2989 nos
1314 2923 1375 2989 aut
1388 2925 1471 3006 aput
1491 2923 1635 2990 heredes
1658 2925 1768 2991 nostri
1790 2925 1834 2992 de
1856 2927 1929 2992 tcta
1951 2928 2164 3012 pertinentia
2188 2928 2231 2995 de
2253 2929 2339 2996 fonti

486 3083 629 3150 intenta
644 3081 790 3160 dederit,
810 3081 893 3164 aput
908 3095 967 3146 vos
985 3079 1020 3145 et
1035 3080 1119 3162 aput
1135 3077 1237 3144 heres
1253 3079 1386 3145 vestros
1408 3045 1468 3143 eas
1492 3077 1632 3144 mittere
1647 3077 1838 3146 deveamus.
1857 3081 1986 3163 preter,
2004 3080 2034 3146 si
2049 3080 2235 3165 aliquando
2258 3085 2342 3148 tem·

487 3253 572 3321 pore
587 3234 844 3320 suprascriptus
860 3236 914 3300 leo
930 3251 1041 3317 nepus
1057 3234 1175 3298 noster
1191 3231 1311 3315 aliqua
1326 3231 1558 3298 causationem
1577 3231 1699 3298 iecerit
1713 3231 1755 3298 de
1778 3232 1873 3317 ipsas
1894 3232 2116 3313 hereditates,
2135 3233 2221 3300 dare
2244 3233 2341 3300 nobis

486 3386 640 3456 caveatis
657 3388 730 3470 ipsa
745 3385 917 3463 chartula,
936 3386 974 3450 ut
990 3385 1176 3453 haveamus
1192 3401 1267 3450 eam
1284 3385 1369 3467 aput
1382 3401 1444 3450 nos
1459 3401 1564 3468 usque
1581 3384 1617 3451 in
1635 3403 1751 3454 mense
1768 3402 1848 3452 uno:
1862 3388 1940 3471 post
1955 3387 2059 3455 finem
2074 3386 2204 3454 exinde
2219 3387 2337 3454 saltam

490 3541 574 3625 aput
589 3555 649 3604 vos
666 3555 742 3604 eam
759 3536 898 3604 mittere
913 3537 1110 3622 deveamus3
1128 3537 1162 3604 et
1177 3535 1207 3602 si
1225 3552 1298 3619 per¹
1312 3536 1561 3620 qualecumque
1584 3538 1740 3622 tempore
1761 3555 1824 3603 nos
1846 3541 1906 3606 aut
1927 3539 2070 3607 heredes
2093 3539 2204 3608 nostri
2229 3540 2341 3624 ipsam

487 3689 724 3768 hereditatem,
739 3688 830 3774 quod
847 3691 884 3755 tu
900 3706 963 3774 per
981 3707 1047 3756 ano
1064 3688 1260 3755 chartulam
1274 3688 1374 3755 nobis
1390 3688 1562 3772 largiasti,
1576 3689 1719 3757 vindere
1735 3691 1954 3771 venierimus
1971 3709 2082 3776 neque
2097 3692 2135 3759 at
2149 3691 2275 3758 domno
2291 3691 2340 3756 io·

488 3843 602 3910 hanne
617 3859 699 3908 vero
715 3857 884 3926 germano
900 3841 1014 3909 vestro
1029 3841 1082 3906 vel
1101 3840 1138 3906 at
1153 3839 1227 3906 eius
1242 3838 1388 3906 heredes
1402 3857 1473 3906 non
1488 3839 1676 3908 audeamus
1691 3859 1765 3908 eam
1781 3841 1934 3922 vindere,
1952 3858 2061 3928 neque
2079 3845 2212 3910 nullum
2236 3844 2340 3909 collu-

488 3993 583 4061 dium
609 3993 736 4062 exinde
750 4012 828 4060 cum
843 3993 893 4063 eis
908 4011 979 4062 non
994 3993 1161 4061 iaciamus
1178 3981 1212 4060 et
1227 3992 1360 4059 nullam
1377 3992 1481 4059 aliam
1499 4009 1638 4060 causam
1653 3992 1697 4061 de
1708 3993 1794 4060 sonti
1810 4011 1872 4060 nos
1888 3996 1949 4060 aut
1971 3995 2082 4062 nostri
2105 3994 2250 4064 heredes
2271 3967 2357 4061 non

488 4152 757 4234 queramus‚set
772 4151 836 4217 hec
852 4148 979 4228 omnia,
998 4151 1081 4234 quot
1096 4151 1134 4215 tu
1149 4150 1250 4216 nobis
1265 4147 1401 4226 dedisti,
1421 4149 1608 4215 haveamus
1625 4149 1662 4213 in
1676 4149 1827 4217 nostram
1843 4150 2059 4233 potestatem,
2078 4150 2169 4216 sicut
2183 4149 2339 4234 superius

488 4302 651 4380 diximus,
671 4303 757 4372 et'in
775 4303 934 4370 omnibus
951 4301 1080 4370 exinde
1096 4303 1186 4370 inter
1202 4318 1265 4369 nos
1280 4301 1515 4381 diffinivimus,
1534 4301 1623 4367 sicut
1644 4319 1748 4385 supra
1770 4300 1938 4386 scriptum
1961 4305 2023 4380 est,
2042 4304 2078 4370 et
2096 4303 2254 4370 emittere
2276 4302 2341 4369 visi

487 4473 604 4523 sumus
621 4454 748 4521 exinde
763 4455 855 4520 inter
872 4471 935 4522 nos
951 4454 1171 4522 securitatem
1189 4455 1225 4519 at
1240 4453 1388 4520 invicem
1404 4470 1467 4520 nos
1482 4451 1580 4528 vohis
1596 4453 1631 4519 et
1647 4470 1705 4520 vos
1720 4453 1818 4520 nohis
1841 4454 1878 4520 in
1903 4471 2037 4522 omnem
2060 4454 2343 4522 deliverationem
2441 4453 2452 4466 “

487 4608 575 4674 etin
592 4625 727 4677 omnem
744 4609 1001 4696 decesitionem;
1019 4611 1056 4675 ut
1070 4609 1099 4674 si
1116 4627 1180 4693 per
1196 4607 1317 4694 quohis
1332 4609 1488 4692 tempore
1511 4625 1574 4691 per
1598 4606 1719 4691 quobis
1741 4604 1878 4672 modum
1905 4608 1959 4674 vel
1981 4605 2176 4691 ingenium,
2195 4608 2345 4676 sirenes

488 4761 549 4828 aut
564 4758 710 4827 heredes
725 4761 847 4840 nostri,
866 4763 927 4828 aut
943 4760 1079 4828 anobis
1095 4761 1310 4828 summissam
1325 4776 1508 4845 personam
1527 4774 1588 4824 vos
1604 4760 1665 4824 aut
1687 4757 1832 4825 heredes
1855 4760 1999 4836 vestros,
2018 4759 2070 4826 vel
2094 4759 2345 4843 qualecumque

487 4913 630 5004 homine
643 4928 708 4996 pro
724 4913 823 4996 parte
838 4913 953 4980 vestra
968 4912 1011 4979 de
1028 4913 1091 4980 hec
1107 4913 1234 4990 omnia,
1252 4911 1462 4980 unde—finem
1487 4911 1641 4988 fecimus,
1659 4927 1805 4996 querere
1831 4913 1890 4976 aut
1912 4912 2096 4978 molestare
2118 4910 2346 4995 presumseri-

489 5083 576 5142 mus,
596 5063 760 5131 ducentos
776 5065 973 5146 bytianteos
988 5061 1085 5130 vobis
1100 5079 1306 5147 componere
1321 5063 1569 5147 promittimus,
1588 5064 1622 5132 et
1637 5065 1700 5132 hec
1715 5063 1875 5129 chartula
1889 5063 1936 5129 sit
1949 5061 2052 5129 firma
2066 5062 2103 5128 in
2118 5063 2339 5147 perpetuum.

545 5189 574 5300 †
597 5235 664 5302 ego
681 5219 800 5302 petrus
816 5215 911 5283 filius
927 5216 1140 5286 constantini
1157 5215 1199 5285 de
1214 5218 1331 5301 sergio
1348 5215 1473 5283 comite
1488 5215 1530 5282 de
1545 5215 1670 5282 domno
1686 5215 1782 5282 sihco
1797 5214 1895 5282 testis
1910 5233 1984 5282 sum

547 5342 577 5454 †
600 5389 666 5454 ego
683 5371 837 5438 marinus
852 5371 945 5438 illius
961 5369 1125 5439 iohannis
1139 5370 1182 5438 de
1197 5371 1334 5438 marino
1349 5371 1446 5440 testis
1461 5389 1554 5437 sum-

548 5493 576 5605 †
599 5522 684 5590 EGO
700 5524 822 5589 taurus
836 5522 930 5590 illius
944 5522 1036 5590 leoni
1050 5506 1094 5589 de
1109 5540 1191 5591 urso
1209 5522 1327 5589 comiti
1343 5541 1365 5589 a
1380 5519 1626 5606 suprascriptis
1649 5521 1805 5604 personis
1828 5521 1970 5604 rogatus
1992 5521 2111 5604 supter
2127 5518 2266 5603 scripsit
2281 5517 2341 5588 die

489 5672 606 5756 prima
621 5673 750 5740 mensis
766 5673 883 5757 agusti
900 5674 1088 5744 indictione
1103 5674 1288 5742 undecima

547 5795 577 5906 †
599 5840 666 5908 ego
682 5827 802 5908 guttus
818 5824 931 5892 scrire
945 5826 1047 5895 huius
1063 5825 1212 5895 civitatis
1228 5829 1320 5894 hanc
1335 5827 1529 5894 chartulam
1547 5809 1652 5892 manu
1668 5822 1811 5908 propria
1827 5823 1963 5907 scripsi.
