5286 7098
619 645 659 700 re
936 585 938 588 ’
1287 623 1449 696 corrui
1493 628 1728 698 carensis

529 846 533 856 ¹
572 874 615 942 da
631 874 742 940 omnis
760 873 929 947 homines,
946 871 1001 937 cui
1021 888 1121 937 anos
1136 870 1255 936 datum
1280 871 1334 934 rel
1357 867 1545 935 alienatum
1562 888 1637 938 esse
1653 871 1821 955 paruerit,
1841 889 1911 938 non
1927 872 2217 942 defensaverimus
2241 877 2424 944 secundum

573 1023 868 1108 langobardorum
885 1023 973 1116 lege,
992 1022 1069 1090 ideo
1083 1025 1163 1088 ante
1180 1021 1294 1086 omnia
1317 1020 1450 1104 questio
1472 1023 1508 1087 et
1531 1022 1686 1088 causatio
1710 1026 1830 1091 nostra
1854 1025 1964 1091 baoua
1986 1027 2020 1092 et
2044 1025 2147 1092 tacita
2170 1027 2241 1094 sint
2264 1027 2424 1097 adversus

572 1197 642 1256 ros
661 1183 704 1248 Et
720 1178 846 1263 viginti
864 1176 992 1245 solidos
1007 1175 1245 1244 constantines
1260 1178 1326 1242 Per
1343 1177 1431 1240 hanc
1448 1178 1618 1242 cartulam
1635 1177 1732 1244 vobis
1747 1179 1981 1262 prenominati
1996 1179 2125 1247 andree
2141 1198 2244 1265 quam
2260 1184 2296 1248 et
2312 1181 2354 1248 ad
2370 1201 2423 1250 ve-

571 1333 652 1400 stris
668 1331 851 1400 heredibus
866 1348 929 1398 nos
945 1332 979 1398 et
994 1329 1124 1396 nostris
1140 1325 1326 1393 heredibus
1343 1344 1550 1410 componere
1566 1327 1774 1412 obligamus,
1788 1333 1832 1396 ut
1848 1328 2009 1398 adversus
2020 1350 2082 1399 vos
2094 1349 2157 1416 per
2169 1333 2300 1400 imbitis
2313 1336 2423 1402 tacitis

570 1489 604 1553 ct
621 1485 824 1569 contemptis
840 1495 1052 1552 maneamus.
1072 1483 1183 1565 igitur
1205 1481 1322 1564 obligo
1338 1499 1393 1546 me
1410 1499 1477 1564 ego
1493 1482 1552 1566 qui
1567 1501 1676 1566 supra
1691 1481 1824 1549 andrea
1839 1481 1950 1567 adque
1965 1483 2109 1553 heredes
2125 1502 2219 1552 meos
2235 1485 2353 1569 obligo
2364 1486 2422 1552 tibi

523 1719 531 1734 ·
573 1636 743 1702 nominati
759 1635 898 1712 andree,
917 1652 1019 1720 quam
1036 1637 1071 1699 et
1087 1633 1130 1699 ad
1147 1633 1215 1698 tuis
1239 1631 1432 1711 heredibus
1452 1633 1648 1700 iamdictam
1673 1653 1747 1701 mea
1769 1625 1964 1700 vinditionc
1986 1636 2029 1700 ab
2052 1637 2210 1704 omnibus
2234 1635 2425 1704 hominibus

573 1789 779 1855 antistemus
805 1789 839 1852 et
865 1785 1081 1853 defensemus
1107 1781 1294 1849 secundum
1322 1782 1613 1867 langobardorum
1642 1786 1767 1868 legem.
1799 1787 1849 1850 Da
1875 1741 1953 1852 aliis
1979 1801 2062 1850 vero
2091 1785 2286 1852 bominibus
2312 1786 2424 1852 solatis

573 1941 699 2010 exinde
715 1959 778 2025 per
795 1959 854 2006 ros
871 1938 984 2006 autori
1000 1941 1034 2004 et
1048 1936 1222 2004 defensori
1238 1953 1313 2003 cum
1330 1938 1397 2005 ista
1412 1939 1548 2004 cartula
1562 1939 1597 2004 et
1611 1955 1689 2003 cum
1714 1937 1923 2006 moniminas
1946 1939 2053 2023 ipsas,
2072 1957 2138 2024 que
2161 1938 2202 2008 de
2225 1941 2310 2025 ipsis
2332 1941 2424 2007 rebus

571 2099 605 2160 et
620 2091 711 2159 casis
725 2093 805 2158 sunt
821 2091 1035 2175 pertinentes
1050 2087 1160 2172 adque
1176 2088 1405 2166 continentes,
1424 2089 1462 2154 ut
1477 2089 1599 2154 liceam
1615 2090 1649 2154 te
1665 2091 1699 2154 et
1715 2089 1791 2155 tuos
1806 2087 1924 2155 eredes
1941 2107 2003 2172 per
2018 2105 2078 2156 vos
2094 2089 2161 2174 ipsi
2185 2088 2353 2158 defensori
2375 2108 2424 2157 es

573 2263 649 2312 sere
664 2247 698 2312 et
714 2244 923 2311 moniminas
939 2244 1031 2328 ipsas
1046 2239 1091 2308 ad
1106 2244 1219 2327 legem
1237 2241 1427 2320 ostendere,
1446 2245 1481 2308 et
1496 2243 1614 2309 omnia
1628 2241 1755 2310 exinde
1769 2243 1892 2318 facere,
1912 2243 2000 2308 sicut
2022 2260 2089 2326 ego
2110 2245 2145 2310 et
2168 2259 2260 2309 meos
2284 2241 2423 2310 heredes

573 2399 684 2463 facere
700 2396 946 2472 debuissemus,
966 2399 1009 2462 nt
1025 2395 1183 2463 habeatis
1198 2397 1304 2460 totam
1322 2399 1357 2461 et
1374 2394 1492 2461 inolita
1507 2397 1617 2478 ipsam
1633 2396 1735 2461 rebus
1752 2410 1830 2459 mea
1844 2391 1886 2458 de
1903 2395 1977 2460 loco
1994 2396 2100 2459 baneo
2123 2411 2226 2478 quam
2249 2395 2283 2460 et
2306 2391 2349 2459 de
2373 2410 2425 2457 ca·

572 2547 690 2630 prilla,
711 2545 805 2630 quod·
817 2547 923 2612 michi
940 2545 1158 2631 supradictus
1174 2547 1341 2614 iohannes
1357 2547 1526 2631 presbiter
1542 2544 1692 2619 donabit,
1711 2548 1746 2612 et
1772 2543 1991 2628 supradictus
2012 2561 2132 2611 cecere
2159 2543 2297 2630 genitor
2319 2543 2423 2629 ipsius

573 2697 716 2766 iohanni
730 2697 914 2783 presbiteri
928 2698 1069 2765 donabit
1083 2699 1188 2764 michi
1205 2697 1361 2782 predicto
1376 2699 1503 2766 andree
1520 2717 1590 2768 una
1606 2699 1738 2783 peciola
1749 2697 1791 2764 de
1807 2698 1908 2766 vinea
1925 2695 2052 2764 ibidem
2065 2696 2100 2762 in
2115 2669 2189 2763 loco
2202 2695 2309 2764 baneo
2319 2697 2422 2763 totum

560 2851 606 2919 ,et
621 2848 796 2933 integrum
812 2850 898 2916 illud
914 2850 974 2916 tibi
993 2849 1131 2916 vendidi
1148 2848 1345 2933 supradicto
1362 2849 1491 2916 andree
1517 2846 1588 2914 illio
1616 2847 1778 2932 luperissi
1805 2849 1872 2913 hac
1899 2865 2028 2932 genero
2055 2847 2241 2916 domeneke
2264 2849 2422 2914 monache

573 3017 650 3065 cum
663 2999 730 3066 viis
744 3003 779 3067 et
791 2999 919 3067 auditis
936 3002 1019 3078 suis,
1039 3018 1114 3066 cum
1132 3000 1229 3084 aquis
1243 3003 1277 3068 et
1289 2999 1449 3066 omnibus
1464 2999 1536 3066 suis
1551 2997 1781 3083 pertinentiis,
1797 3001 1839 3066 Et
1850 2997 1987 3064 faciatis
2003 2996 2130 3064 exinde
2145 2998 2274 3076 omnia,
2287 3014 2421 3082 quomo-

571 3151 614 3216 do
631 3155 665 3218 et
679 3153 826 3237 qualiter
841 3153 1020 3220 volueritis
1037 3152 1113 3220 sine
1128 3150 1414 3218 contraditionem
1432 3169 1509 3217 mea
1523 3153 1558 3216 et
1573 3150 1616 3218 de
1633 3151 1718 3219 meis
1733 3149 1919 3216 heredibus
1942 3153 1995 3218 vel
2019 3150 2261 3235 cuiuscumque
2284 3151 2422 3235 requisi-

571 3304 664 3372 tione
680 3324 743 3388 pcr
759 3295 961 3389 supradicta
978 3305 1133 3388 obligata
1148 3321 1249 3390 pena.
1269 3303 1364 3381 Quod
1382 3304 1499 3370 taliter
1516 3309 1550 3370 te
1566 3303 1715 3387 gaidone
1730 3301 1956 3370 subdiaconus
1971 3307 2071 3387 atque
2094 3303 2253 3370 notarius
2277 3303 2422 3371 scribere

574 3456 699 3539 rogavi
716 3457 753 3522 in
769 3455 918 3524 abellino
934 3475 1052 3525 mense
1067 3459 1102 3524 et
1119 3456 1305 3524 indictione
1321 3457 1478 3524 feliciter.

631 3597 661 3707 †
675 3640 741 3707 ego
757 3622 981 3708 ildeprandus

631 3745 661 3858 †
676 3777 751 3857 Ego
767 3775 991 3859 potelgardus

630 3897 742 4010 †ego
757 3927 845 3992 mari

626 4049 736 4162 †eg0
752 4078 845 4144 maio

628 4203 738 4314 †eg0
754 4227 923 4314 garardus
939 4230 1095 4296 clericus.

1392 4732 1610 4812 CCLVI.

1359 4975 1413 5052 A.
1450 4975 1501 5053 D.
1538 4973 1642 5054 968.

629 5231 719 5365 †ln
730 5283 870 5349 nomine
885 5281 1015 5348 domini
1032 5298 1124 5348 anno
1141 5281 1322 5366 trigesimo
1339 5285 1436 5348 sexto
1453 5281 1672 5366 principatus
1686 5281 1804 5349 domni
1820 5284 1930 5351 nostri
1944 5283 2061 5368 gisolfi
2078 5285 2229 5370 glorioso
2245 5285 2413 5371 principe..

566 5450 685 5501 mense
701 5436 844 5518 agustus
866 5434 1047 5501 undecima
1062 5433 1262 5502 indictione.
1282 5435 1561 5502 memoratorium
1584 5436 1674 5502 factu
1699 5453 1720 5502 a
1743 5453 1799 5502 me
1822 5435 1997 5504 maraldus
2014 5437 2187 5522 presbiter
2214 5438 2306 5506 lilius
2333 5439 2414 5505 lam-

565 5587 637 5664 frit,
656 5585 802 5672 eoquod
818 5591 898 5656 ante
913 5588 1097 5672 subscripti
1114 5589 1215 5658 testes
1230 5586 1376 5655 tradidit
1391 5606 1458 5673 ego
1475 5588 1517 5657 ad
1534 5588 1718 5657 tenendum
1735 5593 1769 5656 et
1785 5589 2011 5657 laborandum
2027 5591 2138 5658 mauri
2166 5591 2259 5659 filius
2274 5567 2414 5659 ruscinii

564 5743 599 5804 et
615 5739 721 5808 lalchi
737 5740 831 5808 illius
846 5739 989 5808 maraldi
1006 5741 1111 5809 terris
1127 5759 1204 5809 cum
1223 5743 1364 5810 arbusto
1380 5746 1415 5811 et
1429 5745 1672 5812 abellanietum
1688 5748 1723 5813 et
1738 5744 1965 5814 castanietum
1976 5748 2012 5812 et
2023 5761 2165 5812 vacuum
2182 5761 2248 5812 uno
2264 5744 2413 5813 teniente

564 5893 622 5974 qui
640 5895 693 5960 est
710 5893 744 5958 in
763 5893 874 5960 locum
890 5900 1062 5972 montoru,
1082 5893 1169 5978 quod
1188 5911 1255 5978 ego
1270 5895 1316 5962 im
1334 5897 1535 5965 beneficium
1559 5900 1660 5964 teneo
1675 5915 1696 5964 a
1710 5915 1792 5981 pars
1807 5896 2068 5967 ecclesiesanctl
2083 5895 2236 5964 massimi
2253 5897 2313 5964 tali
2329 5896 2413 5962 tine-
