5216 7092
1168 536 1331 614 cohux
1369 541 1603 615 CAVENSIS

1189 997 1542 1079 CCCLXVII.

1183 1355 1184 1358 Ν
1240 1249 1297 1324 A.
1334 1247 1384 1325 n.
1422 1243 1526 1324 osc.

516 1509 551 1645 †
566 1563 605 1626 ln
621 1556 763 1625 nomine
778 1553 911 1624 domini
927 1554 1043 1642 primo
1058 1573 1152 1624 anno
1169 1557 1385 1643 principatus
1400 1556 1518 1625 domni
1533 1555 1643 1625 nostri
1660 1555 1807 1624 iohanni
1822 1563 1858 1626 et
1871 1557 1988 1626 domni
2004 1514 2150 1644 guidoni
2166 1561 2239 1628 eius
2254 1561 2330 1629 filii

457 1711 606 1798 gloriosi
621 1711 850 1798 principibus,
871 1728 989 1780 mense
1003 1711 1107 1779 iulius
1122 1709 1323 1779 duodecima
1339 1711 1538 1779 indictione.
1556 1709 1712 1798 ydeoque
1731 1731 1795 1779 nos
1811 1713 1963 1782 selliotus
1986 1715 2022 1781 et
2044 1713 2137 1781 maio
2159 1715 2325 1799 germani

457 1863 522 1932 filii
540 1865 714 1950 quondam
728 1866 926 1950 magolgari
940 1863 983 1933 de
994 1866 1137 1933 fisciano
1150 1864 1189 1953 ¹),
1208 1865 1296 1934 sicut
1307 1865 1408 1934 nobis
1424 1883 1616 1951 congruum
1630 1869 1683 1936 est
1694 1883 1781 1934 vone
1794 1869 1913 1935 nostre
1927 1867 2137 1946 volumtatis
2151 1870 2231 1934 ante
2246 1869 2328 1936 sub-

460 2016 582 2102 scripti
599 2017 743 2101 ydoneis
758 2017 956 2084 hominibus
972 2017 1139 2102 perhanc
1155 2018 1322 2084 cartulam
1339 2017 1622 2086 venumdedimus
1638 2020 1740 2104 abque
1756 2020 1793 2084 at
1804 2036 1942 2104 semper
1956 2018 2126 2086 abendum
2141 2019 2328 2086 conflrma-

460 2170 573 2238 bimus
597 2171 661 2238 tibi
685 2171 745 2238 offl
768 2169 920 2239 sculdais
942 2170 1016 2239 lilio
1038 2173 1142 2256 gensi
1165 2189 1234 2238 una
1257 2171 1355 2256 pecia
1378 2171 1421 2239 de
1444 2176 1540 2239 terra
1561 2174 1684 2240 nostra
1699 2190 1776 2240 cum
1793 2172 1978 2258 aliquantis
1999 2172 2181 2240 erroribus
2204 2173 2325 2241 bitalis

459 2327 494 2392 et
520 2327 664 2392 bacuum
689 2342 758 2391 uno
782 2325 947 2404 tenicnte,
965 2324 1056 2410 quod
1080 2327 1222 2393 abemus
1246 2327 1283 2393 in
1306 2325 1470 2393 iamdicto
1493 2327 1605 2394 locum
1629 2327 1772 2394 dsoiano
1787 2343 1851 2411 per
1874 2327 1938 2392 hec
1961 2325 2041 2393 finis
2064 2328 2100 2392 et
2123 2325 2322 2392 mensoria:

464 2497 487 2546 a
510 2496 594 2563 pars
617 2479 806 2546 occidentis
828 2479 898 2546 fine
922 2479 979 2565 qui
1003 2478 1069 2546 suit
1091 2478 1233 2545 iohanni
1249 2479 1421 2562 magistri,
1439 2477 1528 2563 quod
1546 2478 1646 2546 modo
1662 2481 1821 2564 paratum
1836 2479 1916 2546 abet
1930 2478 2010 2545 illut
2030 2497 2129 2547 ursus
2152 2497 2326 2564 germano

463 2635 534 2711 tuo,
561 2631 642 2699 inde
665 2632 747 2699 sunt
769 2632 864 2716 passi
888 2631 1142 2718 quinquaginta
1164 2631 1351 2716 quadtuor:
1376 2650 1398 2698 a
1420 2650 1502 2717 pars
1525 2629 1671 2699 meridie
1693 2631 1762 2700 fine
1786 2632 1855 2709 bia,
1881 2634 1916 2699 et
1939 2631 2020 2698 inde
2042 2633 2124 2700 sunt
2145 2633 2237 2718 passi
2259 2631 2324 2699 alii

466 2785 720 2870 quinquaginta
741 2785 934 2870 quadtuor:
960 2803 1088 2870 apars
1110 2785 1255 2852 orientis
1277 2785 1348 2852 fine
1371 2784 1577 2870 adalgardi,
1602 2787 1683 2854 sunt
1704 2783 1784 2852 inde
1818 2765 1937 2870 passos
1969 2784 2119 2870 triginta
2152 2785 2326 2870 quadtuor

461 2937 552 3005 sicut
574 2937 686 3004 limite
708 2937 886 3004 discernit:
911 2955 933 3004 a
954 2955 1036 3022 pars
1058 2937 1353 3023 septemtrionalis
1375 2938 1444 3005 fine
1467 2938 1578 3005 sancti
1602 2937 1749 3005 iohanni
1772 2937 1863 3006 siout
1885 2938 1967 3022 poiu
1990 2937 2166 3018 discernit,
2183 2937 2324 3007 etinde

461 3091 543 3157 sunt
565 3091 659 3194 passi
685 3089 812 3176 biginti
835 3108 909 3170 sex,
936 3091 1046 3157 totum
1070 3092 1107 3158 at
1130 3091 1220 3158 iusto
1244 3109 1385 3176 passum
1409 3089 1542 3172 homini
1565 3091 1815 3158 mensuratum.
1843 3093 1907 3159 hec
1929 3107 2014 3157 vero
2036 3091 2147 3169 rebus,
2173 3089 2326 3176 qualiter

459 3245 621 3328 superius
643 3244 725 3311 finis
748 3243 860 3328 posite
882 3245 963 3312 suut
986 3247 1021 3312 et
1042 3245 1221 3312 mensuris
1245 3243 1320 3328 ipsa
1342 3245 1529 3330 percurrit,
1557 3245 1666 3312 totum
1689 3245 1724 3311 et
1746 3243 1904 3311 inclitum
1928 3261 2004 3310 cum
2028 3243 2144 3310 omnia
2168 3243 2259 3310 intro
2281 3261 2325 3310 se

461 3395 604 3462 abentes
626 3399 662 3461 et
685 3414 763 3462 cum
788 3397 864 3464 hice
887 3396 930 3466 de
953 3397 1012 3464 bia
1027 3397 1235 3467 trasaotibus
1251 3397 1403 3478 nomine,
1423 3397 1576 3465 funditus
1599 3399 1678 3466 illut
1692 3397 1755 3464 tibi
1771 3396 1948 3465 nominato
1963 3395 2023 3462 osfl
2038 3393 2324 3464 venumdedimus

458 3550 499 3613 at
521 3550 689 3616 securiter
712 3552 747 3615 et
769 3548 916 3616 firmiter
939 3550 1063 3615 amodo
1086 3551 1120 3616 et
1142 3566 1278 3635 semper
1303 3552 1341 3616 tu
1364 3551 1400 3616 et
1421 3549 1491 3616 tuis
1512 3547 1697 3616 heredibus
1720 3547 1799 3614 illut
1821 3547 2032 3629 habendum,
2057 3547 2317 3626 dominandum,

459 3701 722 3786 possidendum,
737 3704 855 3770 omnia
876 3703 1003 3772 exinde
1019 3673 1213 3771 faciendum
1230 3704 1316 3790 quod
1337 3703 1526 3784 volueritis,
1543 3704 1617 3772 sine
1633 3703 1880 3772 contrarietate
1894 3705 1948 3771 vel
1965 3703 2187 3788 requisitione
2202 3703 2324 3770 nostra

459 3857 513 3923 uel
537 3854 580 3925 de
603 3857 733 3925 nostris
755 3858 838 3926 liliis
861 3861 896 3928 et
917 3857 1112 3938 heredibus,
1138 3860 1200 3926 aut
1226 3858 1354 3944 cuiqua
1375 3857 1573 3925 hominibus
1596 3857 1632 3924 et
1654 3816 1822 3942 partibus.
1847 3859 1882 3926 et
1904 3874 1969 3942 pro
1991 3856 2259 3924 confirmandam
2282 3861 2320 3927 et

461 4009 742 4078 stabilisoendam
758 4011 850 4078 hano
872 4014 994 4081 nostra
1009 4011 1232 4091 bindictione,
1246 4030 1339 4078 nuno
1356 4030 1378 4080 a
1392 4012 1563 4098 presentis
1578 4013 1805 4080 communiter
1821 4009 2014 4097 recepimus
2029 4027 2052 4078 a
2068 4011 2102 4077 te
2123 4009 2322 4076 nominatus

456 4143 735 4232 offusstatutum
759 4111 922 4248 pretium,
941 4165 953 4231 i
977 4166 1059 4231 sunt
1086 4163 1164 4233 auri
1186 4165 1258 4232 tari
1280 4164 1362 4231 voni
1385 4181 1568 4230 numerum
1593 4163 1741 4247 triginta
1762 4161 1842 4238 duo,
1860 4163 1950 4230 sicut
1965 4162 2057 4230 inter
2073 4179 2137 4228 nos
2151 4159 2322 4228 combenit

459 4314 497 4381 in
520 4317 635 4382 omnis
650 4315 915 4384 deliveratione.
933 4315 1100 4402 finitoque
1117 4331 1201 4383 vero
1215 4315 1367 4402 pretium
1383 4316 1496 4400 ipsum
1513 4317 1596 4401 aput
1611 4333 1687 4394 nos,
1705 4318 1759 4383 Ex
1775 4332 1844 4399 qua
1858 4332 1898 4381 re
1913 4313 2088 4399 promitto,
2107 4314 2141 4380 et
2157 4327 2322 4396 perrona

454 4470 713 4538 combenientia
735 4468 868 4555 guadia
889 4469 954 4537 tibi
977 4471 1154 4538 nominato
1177 4471 1237 4537 old
1253 4469 1402 4538 sculdais
1417 4468 1574 4538 dedimus
1589 4471 1623 4538 et
1639 4425 1852 4537 mediatores!
1863 4466 1927 4534 tibi
1945 4466 2121 4552 posuimus
2136 4485 2200 4533 uos
2220 4463 2320 4551 ipsis;

456 4625 493 4689 et
516 4640 581 4708 per
603 4623 679 4708 ipsa
702 4622 834 4708 guadia
857 4623 1081 4710 hobligamus
1104 4641 1168 4692 nos
1190 4625 1225 4692 et
1245 4623 1335 4690 filios
1358 4625 1392 4690 et
1415 4621 1561 4690 heredes
1584 4625 1720 4690 nostros
1742 4619 1863 4687 amodo
1880 4623 1915 4687 et
1929 4636 2065 4704 semper
2086 4615 2322 4686 antistaudum

455 4777 490 4844 et
521 4774 771 4845 defensandum
794 4777 858 4844 tibi
881 4777 1061 4844 nominato
1082 4777 1142 4846 oili
1165 4794 1270 4862 quam
1293 4777 1328 4845 et
1345 4780 1385 4852 at
1401 4777 1469 4844 tuis
1484 4775 1668 4843 heredibus
1685 4775 1804 4842 inclita
1818 4772 2060 4860 suprascripta
2075 4771 2196 4838 nostra
2211 4767 2323 4836 bindi-

463 4929 580 4997 ctiono
602 4947 728 5014 apars
749 4929 918 4997 uxoribus
940 4928 1069 4996 nostris
1092 4931 1126 4997 et
1149 4929 1192 4995 ab
1215 4929 1374 4995 omnibus
1396 4926 1594 4994 hominibus
1618 4926 1778 5011 omnique
1799 4926 1970 5010 partibus.
1996 4923 2087 5010 quod
2110 4923 2141 4991 si
2175 4922 2315 5000 taliter,

461 5085 536 5150 etc:
566 5082 630 5156 ooo
646 5083 759 5165 puoto
779 5097 847 5148 ooo
868 5083 995 5175 seruet,
1020 5083 1149 5149 solvere
1170 5083 1267 5150 debet
1293 5083 1442 5168 triptota
1465 5083 1548 5150 ouri
1569 5081 1691 5150 solidos
1724 5079 2024 5150 consummemus.
2057 5077 2321 5152 verumtamen,

455 5240 485 5306 si
516 5236 706 5324 aliquando
729 5241 886 5322 tempore
912 5235 955 5303 de
981 5235 1217 5321 suprascripta
1242 5239 1363 5304 nostra
1389 5233 1602 5302 bindictione
1628 5251 1693 5318 per
1727 5249 1787 5300 vos
1819 5232 1908 5316 ipsis
1929 5231 2109 5298 volueritis
2135 5227 2215 5297 inde
2241 5231 2324 5296 exet

453 5393 622 5460 auctores
645 5393 681 5460 et
703 5390 920 5469 defensores,
947 5393 1029 5457 tunc
1051 5391 1126 5460 hice
1148 5391 1266 5458 nostra
1289 5389 1468 5486 licentiam
1492 5391 1527 5456 et
1551 5388 1757 5472 potestatem
1780 5369 1912 5454 abeatis
1935 5403 2012 5450 cum
2037 5387 2117 5466 ysta
2138 5383 2268 5449 cartula
2290 5382 2330 5448 et

452 5562 530 5613 cum
557 5545 662 5630 quale
685 5542 757 5612 alia
779 5541 954 5612 monimen
978 5544 1012 5610 et
1035 5543 1207 5610 rationem
1232 5540 1313 5609 inde
1342 5541 1446 5608 abere
1469 5539 1674 5625 potueritis,
1701 5537 1737 5604 in
1762 5539 1922 5605 omnibus
1948 5553 2011 5624 per
2035 5552 2096 5604 vos
2123 5535 2207 5620 ipsis
2229 5533 2332 5604 siatis

541 5727 631 5734 ---——
649 5727 921 5735 *ψ-

510 5849 533 5924 ⁴)
555 5847 693 5923 Fisciano,
715 5848 797 5908 vicus
818 5847 848 5904 iu
870 5846 1010 5906 comitatu
1031 5845 1060 5903 S.
1076 5845 1219 5903 Severini.
