5378 7098
611 625 648 684 la
890 619 895 630 '
1271 604 1437 678 CODEX
1480 605 1713 678 ulvhhsls

559 873 667 942 usque
691 856 765 940 ipso
789 853 980 930 castellum,
998 852 1033 917 et
1056 851 1185 936 ponent
1207 868 1265 918 eos
1292 851 1330 916 in
1351 867 1432 918 casa
1453 867 1518 918 sua
1540 850 1578 918 in
1601 851 1679 935 ipsa
1701 865 1857 935 organea
1879 852 1914 917 et
1937 849 2069 917 faciant
2090 865 2148 918 eos
2170 849 2315 927 salbum,
2334 847 2417 917 dum

559 1008 640 1078 inde
663 1008 742 1074 illut
763 1007 924 1074 tollamus
947 1007 1074 1090 absque
1097 1001 1368 1088 degeneratione
1391 1004 1426 1071 et
1454 1001 1564 1087 igne3
1590 1003 1626 1069 et
1655 1002 1789 1086 qualem
1820 1001 1994 1068 hominem
2025 1019 2106 1086 pars
2136 999 2248 1069 eidem
2276 1000 2417 1070 ecclesie

563 1159 687 1230 ibidem
713 1159 885 1227 direxerit
908 1174 973 1242 pro
996 1158 1071 1247 ipsa
1094 1156 1247 1225 sortione
1270 1153 1514 1241 recipiendum,
1541 1154 1610 1223 illis
1632 1173 1711 1224 eum
1734 1154 1877 1233 nutrire,
1903 1153 1984 1222 dum
2008 1153 2135 1223 ibidem
2158 1153 2273 1232 luerit,
2297 1171 2419 1222 secun-

560 1311 643 1378 dum
665 1327 725 1380 sua
748 1306 1001 1404 possibilitate;
1030 1309 1065 1374 et
1090 1324 1157 1392 que
1183 1305 1381 1375 annualiter
1404 1306 1497 1374 infra
1520 1305 1595 1392 ipse
1617 1304 1697 1373 fluis
1727 1303 2000 1382 seminaverint,
2026 1304 2153 1373 darent
2178 1304 2259 1375 inde
2280 1305 2419 1373 terrati-

562 1480 640 1529 cum
665 1463 704 1529 in
726 1461 806 1547 ipsa
829 1461 977 1529 ecclesia
1000 1457 1188 1528 secundum
1213 1459 1494 1562 consuetudinem
1517 1458 1560 1527 de
1585 1459 1660 1544 ipso
1684 1460 1807 1526 locum.
1834 1457 1876 1525 ad
1901 1458 2070 1544 completo
2093 1458 2168 1544 ipso
2183 1457 2415 1546 constitutum,

560 1613 589 1683 si
613 1614 683 1682 illis
705 1615 761 1680 vel
784 1630 903 1680 eorum
928 1610 1087 1681 eredibus
1109 1610 1189 1680 inde
1211 1611 1309 1680 exire
1332 1610 1507 1690 voluerit,
1534 1609 1642 1678 licead
1665 1609 1735 1678 illis
1758 1608 1841 1678 inde
1863 1610 1962 1679 exire
1984 1629 2062 1678 cum
2085 1609 2197 1678 omnis
2225 1627 2290 1678 sua
2318 1627 2419 1677 cansa

561 1739 602 1833 etw
617 1766 670 1833 ire
691 1765 751 1832 ubi
774 1747 925 1831 voluerit
943 1782 950 1826 :
970 1765 1108 1830 tantum
1132 1760 1258 1831 ibidem
1282 1761 1460 1832 dimittant
1489 1763 1565 1846 ipsa
1587 1779 1665 1830 casa
1689 1761 1732 1829 de
1754 1761 1875 1846 ligna,
1901 1761 1990 1846 quod
2014 1760 2141 1830 ibidem
2163 1762 2291 1830 factam
2314 1763 2421 1830 abue-

561 1916 645 1992 rint,
672 1915 764 1982 sicut
786 1913 945 1982 conciata
966 1914 1020 1982 vel
1043 1911 1205 1980 edificata
1228 1913 1342 1982 fuerit.
1368 1912 1512 1998 quodsi
1535 1914 1651 1981 taliter
1674 1913 1790 1982 omnia
1812 1913 2050 1999 suprascripta
2073 1913 2120 1980 im
2135 1931 2215 1999 pars
2238 1913 2348 1982 eidem
2365 1932 2422 1983 ec-

563 2068 667 2137 clesie
690 2085 761 2135 non
784 2066 1053 2152 adimpleverint
1083 2071 1117 2136 et
1146 2065 1311 2151 quesierit
1333 2067 1458 2152 aliquit
1480 2065 1607 2135 exinde
1630 2068 1809 2137 remobere
1830 2071 1890 2134 aut
1913 2069 2122 2145 contrarent,
2147 2067 2264 2138 decem
2293 2065 2422 2135 solidos

563 2221 777 2290 costantinos
799 2236 1006 2304 componere
1030 2218 1275 2304 obligaverunt
1299 2239 1335 2290 se
1358 2221 1497 2305 suisque
1520 2219 1680 2288 eredibus
1704 2221 1803 2288 nobis
1825 2219 2022 2304 nostrisque
2051 2219 2304 2288 successoribus
2325 2221 2361 2287 et
2383 2221 2422 2288 in

562 2392 646 2460 pars
661 2373 823 2442 iamdicto
839 2375 993 2442 ecclesie.
1013 2375 1048 2441 et
1062 2390 1129 2458 ego
1144 2377 1264 2458 petrus
1287 2375 1441 2442 notarius
1465 2375 1606 2443 interfui
1629 2377 1663 2444 et
1685 2378 1777 2442 hunc
1801 2377 1939 2442 brebem
1963 2375 2098 2459 scripsi.

620 2499 648 2612 †
664 2543 731 2612 ego
747 2526 918 2594 lamfreda

621 2651 650 2763 †
665 2696 732 2763 ego
749 2676 920 2745 madelmo

621 2803 733 2916 †ego
749 2831 929 2899 madelmo.

1382 3339 1590 3418 CCXX.

1350 3584 1404 3658 A.
1442 3583 1493 3659 D.
1530 3579 1635 3660 963.

622 3827 657 3962 †
675 3881 714 3945 ln
729 3876 872 3944 nomine
887 3877 1020 3946 domini
1037 3897 1130 3946 anno
1153 3879 1329 3947 tricesimo
1346 3880 1560 3965 principatus
1575 3879 1692 3947 domni
1710 3881 1819 3947 nostri
1837 3879 1952 3965 gisolfi
1967 3881 2112 3964 gloriosi
2129 3877 2309 3964 principis,
2329 3896 2426 3945 men-

567 4047 602 4096 se
625 4027 807 4098 ianuarias
830 4033 930 4100 sexta
954 4031 1154 4102 indictione.
1188 4037 1267 4102 unte
1292 4053 1357 4102 nos
1387 4035 1579 4120 guaiferius
1602 4034 1776 4102 castaldus
1798 4037 1832 4102 et
1855 4037 1973 4119 petrus
1996 4032 2165 4100 iudicibus
2200 4033 2426 4100 causaverunt

567 4179 719 4250 bisantio
742 4200 856 4251 comes
878 4183 968 4251 illius
992 4185 1167 4270 quondam
1191 4185 1334 4255 adelferi
1357 4187 1598 4266 thesaurarii,
1625 4190 1660 4254 et
1690 4185 1865 4254 madelfrit
1896 4183 2134 4254 thesaurarius
2162 4183 2256 4251 lilius
2285 4181 2424 4249 landolfi

568 4333 787 4411 thesaurarii,
806 4337 841 4401 et
855 4334 996 4405 adelferi
1015 4336 1188 4405 castaldus
1211 4337 1303 4405 filius
1326 4336 1501 4422 quondam
1525 4338 1638 4404 roffrit
1660 4336 1797 4404 comitis
1819 4339 1854 4403 et
1877 4334 2053 4403 madalfrit
2075 4332 2311 4405 referendario
2332 4331 2425 4402 filius

568 4483 710 4554 adelferi
734 4488 972 4557 referendario
995 4493 1029 4558 et
1052 4508 1166 4560 comes
1189 4509 1268 4558 curu
1292 4491 1499 4560 atrianensis
1522 4491 1732 4574 hominibus,
1758 4509 1781 4575 y
1804 4495 1885 4560 sunt
1907 4505 2029 4559 manso
2051 4489 2145 4557 filius
2167 4487 2261 4573 sergi
2291 4487 2424 4554 etcum

569 4653 671 4702 ursus
691 4635 785 4704 filius
809 4637 984 4721 quondam
1009 4641 1138 4708 marini
1162 4639 1280 4718 iudici,
1306 4645 1344 4708 ut
1366 4644 1455 4709 malo
1477 4641 1599 4710 ordine
1622 4643 1741 4711 tenere
1765 4640 1868 4710 terris
1888 4642 1923 4708 et
1937 4615 2049 4708 vineis
2064 4639 2101 4706 in
2117 4641 2228 4706 locum
2247 4639 2355 4706 beteri
2371 4656 2427 4706 sa-

569 4787 741 4855 lernitane
764 4787 890 4856 finibus
921 4791 1150 4879 pertinentem
1175 4783 1313 4861 illorum
1338 4812 1400 4879 per
1423 4795 1495 4862 suis
1532 4793 1735 4860 rationibus.
1764 4794 1831 4878 ipsi
1855 4791 2082 4878 suprascripti
2111 4791 2299 4860 atrianensi
2330 4789 2426 4860 dixe-

571 4942 654 5007 runt
676 4942 797 5007 tenere
822 4942 925 5011 terris
947 4946 982 5009 et
1012 4941 1124 5011 bineis
1146 4945 1184 5012 in
1207 4945 1326 5014 eodem
1350 4947 1425 5012 loco
1448 4946 1578 5024 beteri‚
1605 4949 1658 5014 set
1681 4963 1749 5013 non
1773 4947 1863 5013 malo
1892 4945 2013 5013 ordine
2036 4947 2070 5010 et
2093 4945 2263 5013 rationem
2286 4941 2365 5012 inde
2390 4959 2427 5008 a·

571 5093 652 5188 bere
674 5093 864 5179 dixerunt3
889 5097 925 5161 et
946 5093 1012 5180 ipsi
1037 5095 1260 5164 benebentuni
1284 5097 1451 5166 dixerunt
1473 5099 1635 5168 similiter
1665 5098 1835 5167 rationem
1859 5097 1939 5167 inde
1962 5097 2076 5166 abere.
2103 5115 2148 5164 ex
2172 5114 2240 5182 quo
2263 5097 2353 5163 inter
2376 5095 2428 5162 eis

570 5240 814 5325 iudicavimus,
840 5246 875 5310 et
896 5263 959 5329 per
982 5249 1098 5330 partes
1121 5247 1192 5316 illis
1216 5249 1386 5334 guadiare
1409 5251 1554 5320 fecimus
1577 5251 1733 5336 utrisque
1751 5251 1906 5335 partibus
1922 5247 2116 5334 plicandum
2136 5266 2173 5314 se
2189 5265 2265 5314 cum
2281 5245 2353 5314 suis
2374 5264 2430 5314 ra-

571 5393 733 5472 tionibus,
767 5399 801 5462 et
831 5397 1017 5466 secundum
1041 5401 1153 5494 legem
1179 5400 1268 5470 inter
1291 5420 1328 5468 se
1351 5401 1480 5471 exinde
1502 5405 1606 5470 finem
1629 5403 1753 5470 facere.
1783 5401 1872 5470 unde
1896 5402 1964 5486 ipsi
1986 5399 2215 5471 benebentani
2241 5399 2429 5483 posuerunt

573 5544 794 5614 mediatorem
819 5548 991 5618 madelfrit
1013 5551 1160 5620 clericus
1183 5555 1218 5619 et
1241 5555 1406 5632 notarius,
1433 5559 1467 5622 et
1491 5555 1559 5641 ipsi
1583 5572 1701 5624 manso
1723 5557 1759 5621 et
1782 5573 1885 5622 ursus
1909 5554 2098 5637 posuerunt
2115 5550 2340 5618 mediatorem
2356 5566 2430 5616 ser·

573 5695 653 5779 gius
676 5697 768 5764 illius
792 5699 897 5782 ligori
920 5700 979 5784 qui
1002 5699 1130 5768 dicitur
1153 5703 1347 5771 botorniuo.
1366 5709 1400 5771 et
1414 5705 1532 5772 taliter
1549 5725 1613 5790 pro
1635 5709 1733 5788 parte
1749 5705 1791 5770 do
1807 5705 1876 5788 ipsi
1898 5703 2087 5770 atriauensi
2111 5703 2263 5768 scribere
2286 5699 2429 5768 fecimus

573 5849 607 5915 te
630 5852 749 5932 petrus
771 5849 927 5918 notarius
950 5851 1008 5936 qui
1033 5854 1233 5922 interfuisti.
1316 5946 1321 5958 .
