5286 7098
949 609 1322 680 olrtoltarlot’s
1971 627 2012 686 115

205 877 293 936 mus,
312 859 461 941 qualiter
479 857 626 922 ecclesia
642 855 719 939 ipsa
734 855 852 921 bomni
870 859 1025 937 tempore
1041 869 1162 920 secura
1177 856 1210 920 et
1226 853 1334 919 libera
1349 871 1424 920 esse
1441 871 1463 920 a
1479 871 1562 938 pars
1576 856 1685 922 nostri
1708 856 1874 940 episcopii
1899 855 1941 923 ad
1967 859 2062 940 pote-

204 1010 293 1072 state
308 1005 382 1072 eius
406 1009 439 1071 et
463 1003 505 1074 de
528 1006 602 1072 eius
625 1003 781 1083 heredes,
800 1023 938 1089 semper
961 1004 1172 1088 presbiteros
1195 1001 1320 1072 ibidem
1345 1003 1613 1086 hordinandum,
1632 1007 1800 1091 quomodo
1824 1007 2061 1084 1011011111,οῐ

205 1157 323 1222 omnia
340 1172 404 1221 nos
427 1154 508 1222 inde
532 1158 565 1222 ei
589 1155 848 1241 adimplendum
872 1158 904 1222 01
926 1153 1145 1232 firmandum,
1163 1155 1253 1221 siout
1276 1155 1430 1222 imferius
1453 1154 1681 1242 declaramus,
1699 1161 1733 1224 et
1747 1157 1832 1224 dare
1857 1156 1938 1224 inde
1965 1157 2062 1224 nobis

204 1311 352 1394 quinque
368 1309 477 1378 libras
492 1310 665 1394 argentei,
684 1328 752 1394 ego
768 1313 882 1378 autem
900 1310 974 1413 cepi
991 1307 1072 1376 inde
1087 1311 1190 1375 abere
1206 1310 1413 1393 colloquium
1430 1327 1508 1375 cum
1523 1311 1686 1378 sikelmus
1702 1311 1865 1378 diaconus
1880 1318 1915 1378 01
1928 1311 2063 1378 vicedo-

205 1463 324 1528 minus
339 1461 450 1528 nostri
467 1461 646 1547 episcopii‚
664 1460 794 1531 etcum
811 1462 968 1546 iaquinto
984 1461 1224 1528 advocatorem
1241 1465 1396 1528 nostrum
1412 1421 1539 1528 etcum
1555 1463 1640 1531 alius
1662 1465 1773 1531 cleros
1796 1466 1982 1531 honoratos
2004 1483 2064 1531 no-

204 1615 270 1679 stri
288 1614 468 1698 episcopii.
488 1615 600 1681 hinito
618 1615 773 1692 consilio,
792 1614 986 1698 comparuit
1002 1615 1187 1680 homnibus
1202 1613 1303 1679 nobis
1319 1613 1405 1679 talia
1420 1613 1623 1696 faceremus,
1638 1619 1722 1682 0111
1738 1615 1884 1683 tirmiter
1897 1616 1975 1683 illut
1987 1633 2065 1700 per-

203 1765 310 1830 licere
327 1766 515 1841 valeamus,
534 1767 597 1830 hec
614 1765 733 1832 omnia
749 1766 984 1833 nuntiavimus
1000 1765 1228 1848 suprascripti
1244 1763 1362 1830 domni
1380 1764 1496 1848 gisolfi
1511 1765 1656 1848 gloriosi
1680 1767 1844 1851 principi,
1863 1769 1901 1832 ut
1916 1785 1978 1851 per
1993 1767 2064 1834 eius

203 1914 385 1980 licentiam
402 1917 494 1980 hanc
510 1915 702 1982 laceremus
719 1914 983 1981 combenientia.
1006 1914 1065 1980 ille
1081 1915 1698 1999 1110011110000110,0101101110
1715 1916 1758 1983 ad
1770 1935 1853 2002 pars
1868 1917 1978 1984 nostri
1994 1918 2065 2000 epi·

207 2067 321 2150 scopii
338 2066 555 2144 hebenirent,
575 2067 780 2132 solutionem
796 2067 896 2132 nobis
913 2064 1008 2132 dedit
1024 2067 1101 2132 illut
1117 2066 1322 2145 laceremus,
1337 2067 1442 2134 etiam
1460 2071 1494 2133 et
1506 2067 1569 2150 pro
1585 2067 1759 2134 firmitatis
1776 2085 1877 2136 causa
1892 2069 1982 2136 inter
1998 2087 2067 2135 me-

206 2219 303 2286 dium
320 2223 476 2286 nostrum
489 2219 671 2287 essendum
688 2220 819 2286 direxit
836 2220 942 2303 gaido
957 2219 1059 2288 iudex
1076 2237 1205 2304 suoque
1221 2219 1350 2287 fideles.
1370 2237 1434 2287 nos
1450 2225 1565 2287 autem
1583 2221 1884 2288 reminiscentibus
1900 2223 1935 2288 et
1949 2191 2066 2304 opser-

208 2373 371 2440 bantibrs
388 2391 440 2450 ea,
455 2392 521 2458 que
535 2375 571 2439 in
588 2373 690 2441 edicti
707 2375 857 2458 capitulo
869 2375 912 2472 de
929 2375 1184 2460 combenientia
1198 2377 1351 2440 affictum
1367 2377 1431 2452 est,
1448 2393 1530 2458 pars
1543 2376 1695 2458 partium
1708 2373 1983 2441 combocavimus
1995 2373 2069 2439 ido

206 2528 283 2594 neis
298 2525 508 2605 hominibus,
530 2528 650 2610 utque
667 2529 850 2610 utrumque
873 2527 1073 2602 laceremus,
1099 2526 1193 2592 omni
1216 2529 1370 2610 tempore
1393 2526 1533 2590 firmum
1549 2527 1777 2611 stavilemque
1793 2529 1982 2594 manerent.
2001 2545 2067 2610 quo

207 2677 287 2743 luita
303 2677 446 2752 lactum,
467 2693 529 2758 per
547 2677 638 2741 bona
660 2674 914 2742 combenientia
936 2674 1052 2758 recepi
1076 2693 1096 2739 a
1119 2678 1153 2742 te
1176 2675 1373 2741 nominatus
1397 2677 1517 2758 petrus
1540 2675 1731 2742 casteldeus
1747 2676 1902 2760 predicte
1918 2677 2069 2760 quinque

211 2829 316 2894 libres
333 2827 506 2912 argentei,
525 2826 614 2893 siout
629 2826 722 2893 inter
738 2843 799 2894 nos
815 2825 1000 2911 combenit3
1019 2829 1054 2891 et
1069 2843 1136 2909 ego
1152 2825 1222 2890 iam
1239 2824 1458 2910 supradictus
1481 2829 1604 2910 petrus
1618 2825 1750 2892 domini
1775 2828 1892 2910 gratia
1915 2827 2070 2910 pontifex

211 2997 284 3044 una
298 2995 431 3046 mecum
449 2977 605 3062 predicto
620 2976 856 3043 vicedominus
872 2979 907 3042 01
923 2975 1174 3053 advocatorem,
1194 2994 1257 3058 per
1275 2977 1363 3040 bona
1377 2975 1632 3042 combenientia
1647 2995 1711 3060 per
1735 2980 1826 3044 hanc
1849 2978 2071 3063 scriptionem

213 3134 391 3199 firmamus
406 3130 469 3196 tiri
487 3129 642 3197 iamdicti
660 3130 750 3214 petri
767 3129 886 3195 inclita
902 3129 979 3212 ipsa
995 3129 1149 3206 ecclesia,
1169 3133 1207 3194 ut
1224 3128 1317 3193 omni
1334 3131 1489 3212 tempore
1505 3147 1527 3194 a
1542 3147 1625 3212 pars
1637 3131 1746 3196 nostri
1771 3131 1936 3215 episcopii
1949 3149 2072 3199 secura

213 3287 247 3348 et
265 3284 373 3350 libera
389 3301 531 3352 manere
547 3287 582 3350 et
597 3299 734 3366 semper
751 3281 821 3349 sint
836 3279 878 3347 ad
894 3283 1062 3364 potestate
1078 3283 1137 3346 tua
1152 3282 1186 3347 et
1201 3279 1243 3346 de
1259 3278 1327 3346 tuis
1343 3279 1527 3348 heredibus
1541 3281 1661 3346 1101111
1685 3283 1839 3366 tempore
1862 3283 2071 3366 presbiteros

212 3437 340 3503 ibidem
355 3436 624 3514 hordinandum,
642 3434 810 3521 quomodo
823 3435 1001 3502 volueritis
1013 3436 1088 3502 sine
1101 3452 1184 3518 pars
1196 3434 1306 3500 nostri
1321 3434 1500 3518 episcopii,
1516 3437 1550 3501 et
1562 3437 1681 3518 quales
1699 3435 1902 3520 presbiteros
1916 3441 2027 3520 perte
2037 3443 2072 3507 et

212 3609 277 3672 per
296 3588 363 3656 tuis
379 3587 563 3656 heredibus
579 3587 896 3672 quomodocumque
911 3587 1037 3654 ibidem
1054 3586 1258 3654 hordinatos
1275 3588 1414 3664 luerint,
1435 3587 1484 3653 sic
1500 3586 1627 3653 ibidem
1644 3587 1736 3654 siant
1758 3606 1895 3673 semper
1918 3591 1953 3655 01
1976 3591 2069 3655 omni

211 3749 370 3826 tempore
385 3759 519 3811 securos
535 3746 570 3809 et
585 3743 712 3809 liberos
734 3747 961 3826 permaneant
984 3761 1090 3825 asque
1113 3742 1208 3807 omni
1234 3743 1483 3808 molextatione
1505 3745 1540 3806 01
1563 3743 1810 3810 contrarietate
1834 3745 1951 3810 nostra
1973 3745 2008 3810 et
2030 3743 2071 3811 de

208 3895 340 3960 nostris
355 3897 604 3964 successoribus
628 3897 662 3963 01
686 3913 805 3979 apars
821 3895 930 3961 nostri
947 3895 1127 3979 episcopii,
1154 3897 1188 3961 et
1216 3912 1279 3960 nec
1303 3911 1365 3960 nos
1388 3911 1451 3960 nec
1475 3895 1603 3960 nostris
1627 3896 1881 3963 successoribus
1902 3913 1966 3964 nec
1988 3914 2071 3979 pars

212 4048 323 4112 nostri
343 4049 508 4133 episcopii
532 4050 647 4115 nullas
671 4049 847 4132 angariae,
866 4050 926 4114 aut
948 4047 1126 4116 servitium
1143 4050 1197 4114 vel
1214 4065 1364 4126 censum,
1385 4049 1445 4113 aut
1468 4045 1646 4132 quadlibet
1660 4047 1833 4115 dationem
1851 4049 1989 4114 illorum
2006 4049 2071 4112 im-

212 4217 380 4282 ponamus
414 4204 473 4266 ant
502 4201 646 4284 exigere
667 4219 878 4286 queramus3
903 4203 975 4276 set,
1002 4201 1092 4266 sicut
1114 4202 1184 4267 iam
1208 4199 1443 4283 supradictum
1469 4205 1534 4276 est,
1565 4201 1694 4306 homnix
1708 4204 1864 4284 tempore
1885 4199 1928 4266 de
1951 4201 2070 4266 omnia

212 4369 355 4420 securos
381 4357 415 4420 et
442 4353 569 4420 liberos
597 4355 825 4436 permaneant
851 4370 871 4417 a
897 4371 978 4435 pars
1001 4355 1123 4418 nostra
1145 4354 1180 4420 et
1203 4351 1245 4418 de
1268 4352 1397 4418 nostris
1421 4352 1674 4420 successoribus
1697 4353 1732 4418 et
1755 4369 1838 4434 pars
1864 4350 1972 4416 nostri
1998 4352 2070 4434 epi-

209 4505 344 4588 scopii,
370 4509 404 4571 01
428 4523 493 4589 que
516 4523 578 4588 per
602 4507 636 4570 te
663 4507 698 4572 et
722 4523 785 4589 per
813 4505 881 4572 tuis
908 4504 1092 4572 heredibus
1115 4504 1159 4571 de
1181 4506 1283 4571 rebus
1306 4509 1340 4571 et
1356 4520 1459 4570 causa
1482 4505 1597 4570 restra
1619 4503 1655 4568 in
1679 4501 1798 4570 eadem
1823 4481 1939 4570 restra
1962 4505 2069 4570 eccle-

210 4656 263 4720 sia
293 4655 408 4721 datum
438 4659 471 4721 et
497 4657 681 4723 hoffertum
706 4659 833 4736 110111,
865 4661 899 4724 01
922 4676 987 4742 que
1010 4676 1073 4742 per
1098 4657 1177 4726 aliis
1200 4657 1398 4723 hominibus
1421 4654 1464 4723 de
1487 4656 1588 4722 rebus
1611 4659 1645 4722 et
1667 4673 1806 4722 causam
1827 4673 1927 4722 suam
1950 4653 2069 4736 datum

213 4811 247 4871 et
274 4807 433 4872 offertum
460 4807 575 4884 fuerit,
606 4806 730 4874 ibidem
758 4825 893 4891 semper
921 4806 1067 4872 firmiter
1093 4805 1319 4890 permaneant
1335 4805 1372 4870 in
1389 4803 1467 4888 ipsa
1493 4805 1650 4882 ecclesia,
1677 4807 1712 4870 et
1733 4823 1804 4870 non
1830 4807 1994 4872 abeamus
2010 4821 2070 4887 po,

211 4959 370 5023 testatem
395 4955 578 5040 aliquando
600 4975 663 5024 nec
687 4976 750 5025 nos
776 4975 839 5026 nec
865 4957 995 5025 nostris
1018 4956 1269 5025 successoribus
1284 4973 1347 5040 per
1371 4957 1620 5039 qualecumque
1645 4954 1755 5022 modis
1780 4957 1830 5022 vel
1855 4956 1989 5021 ratione
2005 4957 2069 5022 ali-

210 5109 284 5190 quit
309 5108 435 5176 exinde
459 5111 581 5176 tollere
603 5113 661 5176 aut
683 5115 843 5179 contrare
866 5131 924 5179 seu
949 5113 1120 5186 minuare,
1140 5112 1200 5176 aut
1223 5110 1259 5174 in
1283 5110 1533 5193 qualecumque
1556 5111 1655 5192 parte
1677 5107 1913 5191 ipsaecclesia
1935 5109 1987 5172 vel
2014 5125 2068 5174 res

212 5263 322 5344 ipsius
340 5264 482 5332 ecclesie
501 5265 547 5345 im
566 5265 766 5330 beneficium
783 5263 877 5342 dare,
897 5262 1016 5329 autad
1033 5265 1150 5329 nostra
1165 5263 1336 5347 potestate
1352 5261 1431 5328 illut
1447 5263 1588 5345 habere;
1605 5261 1656 5326 set
1671 5275 1808 5342 semper
1831 5257 1976 5324 ecclesia
1992 5257 2068 5342 ipsa

213 5435 281 5483 111
299 5435 377 5482 0111
394 5419 469 5500 ipsa
484 5416 583 5485 rebus
600 5421 634 5484 01
651 5436 728 5483 cum
746 5417 862 5483 omnia
878 5417 1117 5501 suprascripta
1132 5413 1174 5482 ad
1193 5418 1310 5482 vestra
1332 5416 1367 5480 01
1389 5413 1432 5479 de
1455 5413 1578 5481 restris
1601 5409 1784 5478 heredibus
1806 5409 1876 5477 sint
1900 5412 2069 5494 potestate

213 5567 474 5636 hordinandum
490 5572 525 5638 01
542 5568 746 5648 laciendum,
765 5567 933 5653 quomodo
950 5571 985 5635 et
1000 5569 1149 5653 qualiter
1164 5565 1353 5634 volueritis.
1371 5565 1414 5632 de
1429 5583 1495 5648 qua
1509 5581 1573 5645 per
1591 5563 1679 5628 bona
1695 5561 1947 5631 combenientia
1963 5562 2074 5628 1101111-

214 5737 259 5799 go
275 5738 332 5788 me
349 5720 534 5789 iamdictus
551 5725 670 5807 petrus
687 5721 842 5806 pontifex
858 5723 893 5789 et
908 5723 995 5790 meis
1011 5721 1264 5790 successoribus
1280 5723 1315 5786 et
1331 5735 1415 5803 pars
1429 5716 1540 5784 nostri
1556 5715 1736 5801 episcopii,
1756 5719 1794 5781 ut
1816 5716 1845 5782 si
1869 5714 2003 5799 aliquit,
2028 5713 2070 5782 de

215 5871 385 5951 quomodo
401 5875 559 5956 superius
575 5871 714 5956 legitur,
733 5873 960 5958 quesierimus
975 5876 1136 5940 contrare
1155 5872 1209 5936 vel
1234 5871 1424 5947 remobere,
1444 5871 1478 5934 01
1493 5865 1727 5952 quodcumque
1752 5865 1965 5933 causationes
1989 5863 2067 5930 inde

374 5989 433 6030 'tou¹
454 5987 473 6029 ll
1919 5973 1934 6014 9
