5216 7092
882 653 886 660 ,
982 572 1357 686 oirnoulrmos
1802 557 1803 562 '
1987 605 2047 668 ,¹55

233 817 375 886 ecclesie
391 817 578 886 secundum
594 817 816 886 consuetudo.
830 819 866 885 et
877 834 940 884 nos
956 815 1177 899 adsignemus
1192 815 1289 883 vobis
1305 833 1510 904 organeum,
1526 820 1585 889 ubi
1598 815 1776 910 reponatis
1793 828 1870 913 ipsa
1885 834 2005 902 nostra
2021 852 2095 904 sor-

233 971 327 1039 tione
344 970 387 1038 de
402 971 479 1056 ipso
494 971 613 1038 vinum
626 973 662 1039 et
676 972 834 1039 abelleno
850 972 884 1038 et
899 968 991 1049 nuci,
1009 969 1043 1036 et
1058 986 1117 1038 vos
1131 968 1204 1054 ipso
1221 985 1411 1055 organcum
1425 975 1590 1044 concietis
1604 975 1692 1046 sicut
1708 984 1884 1061 meruerit,
1900 986 1934 1052 et
1945 984 2021 1071 ipsa
2035 1007 2095 1055 no-

232 1127 303 1192 stra
319 1123 474 1192 sortione
491 1123 614 1193 ibidem
631 1125 808 1211 reponatis
824 1125 860 1190 in
880 1139 960 1190 casa
975 1124 1089 1191 vestra
1104 1122 1141 1190 in
1157 1122 1233 1208 ipsa
1248 1142 1404 1209 organea
1418 1127 1452 1194 et
1468 1129 1602 1196 salvum
1619 1130 1715 1200 illum
1733 1133 1880 1216 faciatis,
1896 1138 1977 1206 dum
1993 1141 2093 1209 illum

233 1277 313 1346 inde
327 1279 504 1356 tollamus,
519 1278 648 1360 absque
664 1276 707 1344 de
722 1276 948 1362 generatione
963 1277 997 1344 et
1012 1276 1108 1359 igne,
1123 1277 1158 1343 et
1174 1275 1315 1343 missum
1333 1277 1488 1363 predicte
1504 1282 1647 1350 ecclesie
1663 1284 1722 1376 qui
1739 1285 1865 1355 ibidem
1881 1294 2014 1360 venerit
2030 1300 2093 1380 pro

233 1429 468 1515 recipiendum
485 1430 559 1514 ipsa
574 1430 695 1497 nostra
711 1429 874 1508 sortione,
893 1429 975 1496 dum
991 1429 1072 1496 inde
1087 1428 1215 1496 ibidem
1239 1429 1353 1510 fuerit,
1374 1448 1435 1500 vos
1458 1432 1490 1501 ei
1507 1432 1595 1502 detis
1618 1435 1831 1508 manducare
1853 1443 1888 1508 et
1912 1443 2039 1526 vibere,
2058 1449 2093 1514 et

233 1583 457 1652 relectionem
473 1583 506 1650 ei
530 1583 646 1650 lacere
662 1582 848 1650 secundum
871 1583 1023 1649 vestram
1047 1581 1311 1665 possibilitatem
1335 1587 1370 1651 et
1393 1585 1426 1652 ei
1449 1585 1555 1654 fuerit
1578 1606 1752 1656 mensura.
1770 1593 1804 1659 et
1826 1611 1846 1658 a
1869 1613 1936 1679 quo
1958 1595 2002 1663 da
2024 1598 2092 1683 ipsi

232 1737 348 1806 decem
365 1737 449 1806 anni
465 1737 502 1804 in
519 1739 621 1806 antea
636 1755 707 1804 non
722 1738 892 1807 voluerint
910 1737 947 1803 in
962 1735 1162 1821 supradicto
1180 1735 1301 1804 ordine
1316 1738 1419 1806 rebus
1434 1739 1512 1823 ipsa
1529 1743 1658 1821 tenere,
1677 1745 1759 1811 tunc
1775 1745 1897 1814 inclita
1914 1749 2015 1818 rebus
2037 1751 2092 1836 ip-

231 1911 281 1970 sa,
301 1892 414 1976 qualis
431 1890 502 1958 illis
517 1890 637 1958 diebus
653 1890 759 1958 suerit
774 1862 940 1967 laborata,
959 1891 1115 1958 revertas
1130 1889 1167 1956 in
1183 1889 1262 1974 ipsa
1275 1891 1430 1970 ecclesia,
1449 1893 1482 1959 et
1499 1895 1597 1960 nulla
1611 1895 1764 1963 sortione
1780 1897 1848 1967 illis
1863 1898 1944 1966 inde
1970 1902 2091 1972 tollere

233 2063 367 2132 queras;
384 2046 418 2113 et
435 2043 464 2112 si
482 2045 539 2111 ille
555 2045 609 2112 vel
626 2045 700 2112 eius
715 2043 833 2113 eredes
849 2044 891 2110 de
908 2061 949 2110 ao
966 2047 1060 2110 terra
1082 2044 1293 2111 salernitana
1308 2044 1435 2112 exierit
1450 2043 1560 2114 aliubi
1574 2048 1785 2129 abitandum,
1803 2051 1964 2120 similiter
1988 2056 2090 2123 rebus
2207 2117 2209 2121 ,

231 2197 310 2281 ipsa
326 2198 483 2263 revertas
499 2196 536 2263 in
552 2196 631 2281 ipsa
647 2197 804 2283 ecclesia;
823 2199 857 2263 et
872 2195 1012 2263 si’infra
1028 2197 1189 2281 quattuor
1204 2197 1287 2263 anni
1302 2197 1440 2270 reversi,
1450 2197 1580 2265 luerint
1594 2200 1637 2267 ad
1653 2201 1855 2270 abitandum
1871 2204 1909 2270 iu
1933 2222 1974 2272 ao
1997 2207 2091 2275 terra

230 2348 457 2426 salernitana,
471 2347 501 2416 si
516 2348 664 2415 volucrit
678 2348 782 2414 rebus
797 2349 875 2432 ipsa
888 2349 1104 2433 recolligere,
1120 2349 1276 2416 rebertas
1293 2348 1336 2416 ad
1353 2367 1471 2418 eorum
1488 2353 1654 2435 potestate
1670 2352 1714 2419 ad
1727 2355 1909 2435 abendum‚
1924 2359 1959 2424 et
1973 2360 2090 2426 tenen-

229 2501 324 2580 dum,
343 2505 377 2568 et
391 2499 621 2568 laborandum
637 2504 672 2568 et
687 2501 944 2586 adimplendum
962 2518 1024 2584 per
1039 2501 1236 2585 supradicto
1251 2502 1408 2581 hordine,
1427 2502 1509 2569 dum
1525 2504 1710 2572 voluerint.
1729 2509 1776 2574 De
1791 2525 1861 2591 qua
1877 2510 1941 2574 etc:
1961 2506 2088 2592 (Multa

229 2608 380 2739 impiata
407 2673 592 2722 aureorum
615 2656 803 2723 solidorum
825 2655 1203 2742 cousualiutouovucm).
1223 2659 1266 2724 Et
1282 2659 1375 2724 hunc
1398 2657 1536 2725 brebem
1554 2658 1677 2743 scripsi
1701 2677 1768 2744 ego
1795 2661 1966 2746 iaquintus
1992 2667 2091 2731 nota·

230 2810 298 2877 rius
323 2808 383 2894 qui
406 2809 558 2876 interfui.

286 2938 315 3050 †
331 2978 398 3045 ego
414 2963 533 3045 petrus

286 3087 398 3199 †eg0
415 3110 593 3204 lamfreda.

1000 3682 1308 3762 CCCXXX.

1008 3960 1064 4036 A.
1101 3961 1152 4036 D.
1190 3957 1294 4038 980.

292 4306 362 4372 Vter
384 4304 476 4374 dare
494 4320 670 4387 possumus
687 4305 915 4374 utricularium
930 4301 1031 4370 buius
1046 4303 1203 4372 chartae.
1221 4303 1223 4308 ’

285 4406 532 4544 †Trigesimo
554 4457 702 4542 septimo
719 4471 812 4524 anno
835 4453 1051 4539 principatus
1073 4453 1190 4520 domni
1213 4451 1358 4520 Paldoltl
1381 4451 1552 4538 principis
1574 4453 1608 4522 et
1630 4452 1734 4518 tertio
1756 4467 1848 4518 anno
1871 4437 2087 4536 principatus

223 4609 299 4677 eius
315 4608 464 4687 Salerni,
481 4613 517 4676 et
531 4610 630 4676 sexto
645 4625 737 4675 anno
752 4607 970 4692 principatus
985 4605 1102 4698 domni
1118 4604 1262 4672 Paldolfi
1277 4605 1343 4672 filii
1358 4605 1443 4673 eius,
1462 4605 1579 4672 Mense
1595 4603 1685 4671 Maio
1707 4606 1826 4671 octava
1849 4603 2048 4673 indictione.

288 4765 568 4843 Instrumentum,
586 4781 654 4849 quo
677 4763 792 4830 terras
815 4761 853 4828 in
877 4761 1011 4829 Cetaria
1034 4761 1071 4826 in
1094 4759 1206 4827 casali
1229 4759 1347 4828 Fontis
1370 4777 1478 4844 prope
1502 4777 1628 4845 aquam
1648 4756 1758 4842 ipsam
1787 4775 1875 4842 quae
1897 4756 2024 4825 dicitur
2047 4758 2091 4825 dc

224 4918 429 4998 Flesketola,
447 4919 483 5000 et
508 4875 729 4987 medietatem
752 4917 919 4986 ecclesiae
942 4915 1052 4984 sancti
1080 4914 1292 4999 Archangeli
1319 4913 1362 4981 de
1389 4912 1508 4981 eodem
1536 4917 1623 4992 loco,
1641 4916 1813 4982 Iohannes
1829 4911 2088 4997 amalphitanus

224 5073 416 5140 monachus
430 5070 525 5138 filius
540 5071 717 5139 Mauronis
732 5071 868 5139 comitis
884 5071 969 5138 emit
983 5089 1003 5136 a
1017 5072 1182 5138 Mansone
1204 5070 1238 5138 et
1258 5072 1374 5137 Leone
1396 5067 1480 5135 filiis
1502 5065 1631 5134 Marini
1653 5064 1788 5132 iudicis.

289 5225 336 5290 Hi
358 5223 439 5312 fiscos
461 5225 665 5293 terrorum:
697 5242 718 5291 a
748 5241 832 5308 pars
856 5221 1061 5295 occidentis:
1075 5221 1165 5288 sicut
1186 5220 1353 5288 discernit
1376 5221 1454 5305 ipsa
1476 5235 1568 5303 aqua
1590 5216 1633 5284 de
1655 5215 1856 5292 Flesketolc,
1874 5213 1909 5281 et
1930 5228 1952 5278 a
1974 5212 2088 5297 capite

227 5378 273 5446 de
290 5379 368 5464 ipsa
383 5395 471 5464 aqua
490 5378 620 5447 rectum
637 5377 782 5445 saliente
798 5393 861 5461 per
877 5375 989 5460 ipsum
1006 5377 1157 5442 montem
1172 5375 1209 5440 in
1222 5375 1376 5459 partibus
1389 5369 1679 5457 septemtrionalis
1691 5369 1727 5434 et
1738 5365 1970 5450 coniungente
1980 5381 2089 5448 usque

229 5533 269 5598 in
286 5549 386 5600 serra
401 5529 534 5598 maiore
549 5528 592 5597 de
608 5531 725 5597 monte
741 5529 798 5616 qui
815 5529 957 5596 vocatur
973 5528 1123 5595 falcrzu:
1142 5545 1164 5593 a
1180 5543 1262 5612 pars
1285 5525 1429 5592 orientis
1452 5523 1540 5592 sicut
1561 5517 1728 5592 discernit
1749 5519 1840 5596 toro,
1859 5516 1896 5583 in
1920 5533 1987 5600 quo
2008 5515 2088 5600 ipsa

229 5687 389 5769 plescara
404 5685 496 5761 sunt,
515 5681 571 5767 qui
588 5685 639 5750 est
655 5699 677 5749 a
692 5699 797 5766 supra
813 5681 891 5766 ipsa
904 5679 1050 5750 ecclesia
1065 5678 1176 5748 sancti
1191 5677 1409 5762 archangeli,
1419 5679 1453 5745 et
1468 5677 1511 5742 ab
1526 5673 1602 5759 ipso
1618 5673 1696 5738 toru
1711 5671 1844 5739 rectum
1859 5666 2087 5752 descendente

229 5855 327 5906 secus
345 5837 415 5904 tine
431 5835 550 5921 lupeni
567 5852 737 5920 germano
752 5837 813 5902 tuo
833 5835 869 5902 et
891 5833 1045 5918 ipsorum
1063 5831 1224 5918 germani
1240 5830 1303 5898 fllii
1329 5829 1453 5914 lupini,
1473 5827 1531 5913 qui
1555 5826 1699 5892 vocabat
1721 5823 1874 5930 flaibulu,
1894 5823 1930 5921 et
1952 5820 2085 5888 rectum
