5216 7092
612 560 674 624 198
1277 547 1441 622 cobnx
1485 547 1717 620 CAVENSIS

567 789 693 857 ibidem
709 791 996 859 seminaverimus
1012 792 1049 858 in
1064 791 1141 876 ipsa
1157 791 1270 868 rebus,
1290 807 1390 858 omne
1405 808 1534 856 annum
1549 788 1670 857 demus
1685 787 1797 857 eidem
1813 789 1979 858 hecclesie
2001 789 2213 868 terraticum,
2231 793 2408 861 secundum

568 943 851 1011 consuetudinem
866 945 977 1030 ipsius
992 947 1096 1033 locis3
1115 947 1148 1014 et
1162 945 1208 1013 da
1224 945 1292 1030 ipsi
1310 943 1502 1030 supradicti
1526 943 1644 1011 decem
1669 944 1751 1034 anni
1774 947 1936 1028 completi
1960 943 1997 1011 in
2020 945 2135 1020 antea,
2154 943 2233 1010 dum
2257 963 2318 1014 nos
2338 949 2409 1016 illos

567 1096 688 1162 tenere
704 1097 915 1164 voluerimus
933 1097 978 1164 ad
994 1098 1235 1188 lavorandum,
1254 1099 1431 1166 licentiam
1447 1099 1481 1163 et
1496 1098 1702 1182 potestatem
1718 1097 1907 1176 habeamus
1923 1113 1985 1164 nos
2000 1097 2035 1164 et
2050 1097 2179 1164 nostris
2195 1095 2337 1164 heredes
2357 1116 2409 1168 eos

569 1246 686 1314 tenere
701 1248 735 1315 et
751 1246 944 1326 dominare,
961 1251 996 1317 et
1010 1249 1180 1334 frugiare
1199 1251 1234 1319 et
1247 1251 1378 1316 cultare
1393 1249 1506 1334 ipsum
1522 1247 1715 1332 predictum
1731 1248 1908 1315 arbustum
1925 1247 2087 1332 desuper
2108 1246 2199 1315 etde
2215 1248 2330 1316 subter
2344 1250 2408 1316 suis

569 1397 795 1482 temporibus,
808 1401 847 1464 ut
859 1400 946 1466 bene
961 1399 1093 1485 paread
1110 1403 1305 1468 lavoratum
1323 1401 1358 1467 et
1373 1401 1542 1466 cultatum
1554 1420 1563 1484 ;
1577 1401 1612 1465 et
1626 1416 1728 1466 omne
1744 1416 1887 1476 annum,
1901 1397 1944 1464 de
1959 1400 2121 1482 quantum
2138 1399 2254 1464 vinum
2271 1401 2306 1465 et
2315 1402 2414 1467 terra·

567 1551 676 1618 ticum
693 1550 820 1618 exinde
837 1552 975 1631 exierit,
994 1554 1104 1619 totum
1120 1555 1155 1621 et
1169 1552 1326 1620 inolitum
1342 1551 1427 1619 illud
1444 1551 1637 1618 dividamus
1652 1553 1688 1620 in
1704 1553 1840 1620 tertiam
1857 1552 2008 1634 partem:
2027 1568 2108 1634 pars
2131 1551 2243 1633 ipsius
2257 1551 2411 1619 hecclesie

568 1705 691 1770 tollant
705 1693 832 1771 exinde
846 1704 985 1772 tertiam
997 1709 1145 1790 partem,
1160 1709 1195 1774 et
1211 1705 1310 1773 nobis
1325 1703 1449 1772 exinde
1465 1705 1624 1772 tollamus
1635 1702 1702 1770 due
1718 1703 1840 1789 partis3
1854 1704 1889 1770 et
1901 1701 1944 1770 ad
1957 1703 2169 1787 pulmentum
2181 1720 2284 1771 omne
2295 1723 2411 1772 annum

556 1835 646 1940 ¹ipso
663 1855 781 1954 uinum
799 1857 889 1924 inter
906 1873 969 1924 nos
986 1857 1180 1924 dividamus
1194 1858 1232 1925 in
1247 1856 1387 1924 tertiam
1404 1858 1558 1942 partem;
1575 1856 1701 1940 etipse
1717 1855 1849 1933 vinum,
1867 1873 1966 1939 quem
1985 1853 2029 1921 ad
2052 1870 2132 1938 pars
2155 1856 2325 1940 prephate
2344 1858 2413 1924 hec·

570 2007 673 2076 clesie
688 2009 895 2076 hevenerint
910 2026 1047 2078 omnem
1062 2029 1203 2088 annum,
1219 2028 1283 2108 nos
1298 2013 1333 2078 et
1347 2009 1478 2078 nostris
1494 2007 1644 2076 heredes
1660 2025 1737 2074 cum
1752 2024 1870 2074 carros
1885 2012 1920 2074 et
1943 2007 2047 2074 robes
2068 2007 2103 2074 et
2124 2023 2284 2090 organea
2306 2009 2411 2074 nostra

573 2160 658 2228 illud
682 2179 800 2228 eorum
819 2165 995 2246 portemus
1011 2163 1175 2250 usquead
1193 2165 1259 2248 ipsi
1278 2165 1383 2248 pariti
1399 2163 1444 2230 de
1460 2163 1613 2239 nuceria,
1631 2162 1690 2230 ubi
1706 2163 1839 2230 abuerit
1854 2177 2010 2244 organea
2032 2176 2094 2225 sua
2117 2159 2272 2242 reposita
2293 2158 2414 2243 adipso

572 2279 691 2378 vinum
710 2313 960 2397 recipiendum,
979 2317 1014 2382 et
1028 2331 1092 2383 nos
1108 2317 1305 2383 conoiemus
1322 2316 1354 2382 ei
1370 2315 1483 2399 ipsum
1502 2331 1695 2398 organeum
1711 2330 1829 2380 eorum
1853 2312 1896 2378 de
1918 2313 2075 2378 nostrum
2098 2309 2220 2376 ordine
2244 2313 2280 2376 et
2302 2325 2415 2392 expen-

464 2451 467 2460 ’
574 2462 681 2542 dium,
701 2465 760 2530 ubi
784 2483 993 2549 reponamus
1010 2468 1086 2552 ipsa
1102 2469 1254 2535 sortione
1271 2482 1390 2532 eorum
1405 2465 1448 2532 de
1465 2466 1540 2550 ipso
1555 2466 1687 2542 vinum,
1707 2483 1774 2550 que
1789 2482 1810 2530 a
1826 2481 1887 2532 nos
1904 2465 1936 2531 ei
1953 2465 1990 2530 in
2013 2464 2106 2530 sorte
2127 2460 2294 2538 evenerit,
2330 2462 2344 2525 t
2363 2477 2416 2527 nos

572 2616 769 2684 nutriamus
787 2617 897 2700 ipsum
913 2619 1101 2697 hominem,
1121 2636 1188 2704 que
1203 2617 1252 2684 ibi
1268 2616 1436 2688 direxerit
1450 2616 1492 2683 ad
1511 2617 1587 2702 ipsa
1602 2615 1788 2692 vindemia,
1807 2615 1849 2683 de
1864 2616 1982 2683 nostra
1997 2612 2145 2681 vivenda
2166 2610 2352 2680 secundum
2366 2627 2417 2676 no

575 2769 651 2833 stra
673 2769 912 2853 possivilitate,
932 2771 1012 2837 dum
1028 2770 1154 2838 ibidem
1171 2771 1308 2838 steterit
1322 2769 1364 2836 ad
1381 2770 1457 2855 ipso
1473 2770 1592 2837 vinum
1609 2767 1859 2852 recipiendum.
1878 2767 1957 2834 etsi
1973 2783 2036 2834 nos
2060 2769 2112 2834 vel
2135 2767 2267 2833 nostris
2289 2763 2417 2832 heredes

573 2919 615 2987 de
637 2872 871 3008 principatum
889 2925 1103 2993 salernitano
1119 2926 1309 2994 exierimus
1325 2924 1367 2991 ad
1383 2923 1623 3001 habitandum,
1642 2925 1713 2990 tota
1728 2924 1763 2990 et
1777 2922 1896 2989 inolita
1915 2921 1991 3005 ipsa
2008 2921 2110 2987 rebus
2126 2919 2283 2986 robertos
2306 2916 2346 2983 ad
2367 2935 2416 3000 po

573 3079 732 3146 testatem
746 3076 788 3144 de
801 3076 966 3146 iamdicta
982 3079 1163 3166 hecclesia3
1177 3083 1211 3147 et
1225 3080 1284 3148 ubi
1300 3079 1395 3146 insra
1406 3078 1640 3162 principatum
1653 3074 1868 3144 salernitano
1883 3073 1975 3141 infra
1986 3071 2156 3157 quadtuor
2171 3071 2258 3137 anni
2270 3069 2417 3137 fuerimus

573 3231 704 3298 reversi
723 3232 766 3298 ad
791 3232 1031 3328 habitandum,
1053 3236 1126 3301 tota
1143 3238 1178 3302 et
1201 3233 1323 3302 inolita
1339 3235 1414 3318 ipsa
1437 3235 1539 3299 rebus
1559 3230 1704 3298 redeant
1726 3230 1769 3296 ad
1785 3229 1937 3296 nostram
1960 3228 2015 3294 vel
2038 3226 2081 3292 de
2102 3223 2231 3292 nostris
2256 3221 2419 3290 heredibus

574 3386 776 3468 potestatem
800 3384 837 3451 in
853 3383 1007 3468 predicta
1023 3385 1171 3464 ratione,
1191 3385 1280 3452 sicut
1295 3385 1454 3470 superius
1469 3384 1611 3468 legitur.
1630 3381 1720 3466 quod
1737 3382 1766 3450 si
1782 3384 1846 3448 hec
1862 3380 1980 3446 omnia
1995 3376 2234 3462 suprascripta
2250 3375 2324 3460 ipse
2337 3372 2419 3440 dom·

576 3553 642 3602 nus
665 3535 771 3601 abbas
796 3537 830 3601 et
852 3552 999 3621 suosque
1014 3554 1227 3606 successores
1243 3538 1297 3603 vel
1313 3553 1396 3621 pars
1421 3536 1531 3620 ipsius
1554 3533 1723 3602 hecclesie
1745 3532 1842 3598 nobis
1865 3533 1919 3597 vel
1942 3528 1984 3594 ad
2007 3529 2135 3596 nostris
2158 3525 2340 3594 heredibus
2360 3539 2420 3590 uon

578 3684 808 3771 adinplererit
830 3689 865 3756 et
887 3689 1018 3774 aliquid
1035 3688 1161 3757 exinde
1177 3686 1441 3767 contradixerit,
1461 3703 1667 3772 componere
1682 3685 1851 3778 obligavit
1863 3701 1902 3750 se
1918 3683 1992 3766 ipse
2007 3679 2152 3747 domnus
2167 3680 2271 3746 abbas
2285 3678 2318 3744 et
2338 3692 2420 3742 suos-

577 3855 642 3921 que
665 3855 876 3908 successores
892 3841 927 3906 et
942 3859 1025 3924 pars
1040 3841 1208 3926 prephate
1223 3838 1390 3907 hecclesie
1406 3855 1468 3923 per
1485 3838 1562 3922 ipsa
1577 3837 1694 3905 eadem
1707 3834 1836 3920 guadio
1852 3833 1895 3899 ad
1912 3827 2184 3916 componendum
2203 3827 2291 3894 mibi
2306 3825 2360 3910 qui
2375 3842 2420 3890 su-

577 4008 642 4074 pra
665 3991 783 4068 ciceri,
801 3993 854 4057 vel
879 3990 921 4058 ad
945 3992 1032 4058 meis
1047 3991 1231 4059 heredibus
1247 3991 1500 4076 quinquaginta
1515 4007 1637 4057 aureos
1653 3987 1779 4056 solidos
1796 3985 2041 4054 constantines.

637 4116 748 4230 †ego
764 4146 865 4230 guiso
881 4148 1036 4215 notarius
1052 4146 1193 4214 interfui
1209 4148 1243 4214 et
1259 4148 1351 4212 hunc
1367 4146 1504 4212 brebem
1522 4143 1644 4228 scripsi

635 4269 666 4384 †
680 4315 747 4382 ego
763 4300 822 4382 qui
838 4319 944 4384 supra
959 4300 1130 4368 martinus
1145 4300 1316 4385 presbiter
1332 4301 1366 4366 et
1382 4302 1468 4365 abba

635 4423 746 4537 †ego
763 4454 882 4536 petrus

637 4574 666 4684 †
681 4619 748 4686 ego
763 4603 974 4687 quisenoli'us

638 4725 667 4837 †
683 4772 750 4840 ego
765 4756 953 4824 romoaldo.
