<?xml version="1.0" encoding="UTF-8"?>
<!DOCTYPE html PUBLIC "-//W3C//DTD XHTML 1.0 Transitional//EN"
    "http://www.w3.org/TR/xhtml1/DTD/xhtml1-transitional.dtd">
<html xmlns="http://www.w3.org/1999/xhtml" xml:lang="en" lang="en">
 <head>
  <title>
</title>
<meta http-equiv="Content-Type" content="text/html;charset=utf-8" />
  <meta name='ocr-system' content='tesseract 3.04.00' />
  <meta name='ocr-capabilities' content='ocr_page ocr_carea ocr_par ocr_line ocrx_word'/>
</head>
<body>
  <div class='ocr_page' id='page_1' title='image "./codexdiplomatic07aragoog_0252.png"; bbox 0 0 5216 7092; ppageno 0'>
   <div class='ocr_carea' id='block_1_1' title="bbox 969 543 1368 620">
    <p class='ocr_par' dir='ltr' id='par_1_1' title="bbox 969 543 1368 620">
     <span class='ocr_line' id='line_1_1' title="bbox 969 543 1368 620; baseline 0.015 -6"><span class='ocrx_word' id='word_1_1' title='bbox 969 543 1368 620; x_wconf 80' lang='lat' dir='ltr'>DIPLOMATICUS&#39;</span> 
     </span>
    </p>
   </div>
   <div class='ocr_carea' id='block_1_2' title="bbox 972 999 1300 1081">
    <p class='ocr_par' dir='ltr' id='par_1_2' title="bbox 972 999 1300 1081">
     <span class='ocr_line' id='line_1_2' title="bbox 972 999 1300 1081; baseline 0.003 -3"><span class='ocrx_word' id='word_1_2' title='bbox 972 999 1300 1081; x_wconf 84' lang='lat' dir='ltr'>CCCXLIX.</span> 
     </span>
    </p>
   </div>
   <div class='ocr_carea' id='block_1_3' title="bbox 990 1245 1286 1326">
    <p class='ocr_par' dir='ltr' id='par_1_3' title="bbox 990 1245 1286 1326">
     <span class='ocr_line' id='line_1_3' title="bbox 990 1245 1286 1326; baseline -0.017 -6"><span class='ocrx_word' id='word_1_3' title='bbox 990 1245 1046 1322; x_wconf 90' lang='lat' dir='ltr'>A.</span> <span class='ocrx_word' id='word_1_4' title='bbox 1083 1246 1135 1324; x_wconf 90' lang='lat' dir='ltr'>D.</span> <span class='ocrx_word' id='word_1_5' title='bbox 1172 1245 1286 1326; x_wconf 85' lang='grc'><strong>983..</strong></span> 
     </span>
    </p>
   </div>
   <div class='ocr_carea' id='block_1_4' title="bbox 105 1550 2068 3470">
    <p class='ocr_par' dir='ltr' id='par_1_4' title="bbox 204 1550 2068 2102">
     <span class='ocr_line' id='line_1_4' title="bbox 272 1550 2068 1640; baseline 0.006 -24"><span class='ocrx_word' id='word_1_6' title='bbox 272 1550 404 1618; x_wconf 76' lang='lat' dir='ltr'>Tewtns</span> <span class='ocrx_word' id='word_1_7' title='bbox 425 1553 525 1619; x_wconf 83' lang='lat' dir='ltr'>haias</span> <span class='ocrx_word' id='word_1_8' title='bbox 546 1552 765 1622; x_wconf 80' lang='lat' dir='ltr'>membranae</span> <span class='ocrx_word' id='word_1_9' title='bbox 787 1553 824 1618; x_wconf 78' lang='lat' dir='ltr'>tu</span> <span class='ocrx_word' id='word_1_10' title='bbox 846 1570 885 1620; x_wconf 87' lang='lat' dir='ltr'>co</span> <span class='ocrx_word' id='word_1_11' title='bbox 908 1554 1045 1621; x_wconf 81' lang='lat' dir='ltr'>tautam</span> <span class='ocrx_word' id='word_1_12' title='bbox 1067 1575 1091 1623; x_wconf 86' lang='lat' dir='ltr'><em>a</em></span> <span class='ocrx_word' id='word_1_13' title='bbox 1107 1555 1333 1637; x_wconf 73' lang='lat' dir='ltr'><strong><em>praecedenti</em></strong></span> <span class='ocrx_word' id='word_1_14' title='bbox 1357 1556 1503 1640; x_wconf 76' lang='lat' dir='ltr'>differt,</span> <span class='ocrx_word' id='word_1_15' title='bbox 1528 1559 1566 1624; x_wconf 74' lang='lat' dir='ltr'><em>a</em></span> <span class='ocrx_word' id='word_1_16' title='bbox 1592 1558 1849 1627; x_wconf 75' lang='lat' dir='ltr'>instrumentum</span> <span class='ocrx_word' id='word_1_17' title='bbox 1878 1563 2068 1630; x_wconf 65' lang='lat' dir='ltr'>aurarum</span> 
     </span>
     <span class='ocr_line' id='line_1_5' title="bbox 204 1700 2066 1790; baseline 0.007 -22"><span class='ocrx_word' id='word_1_18' title='bbox 204 1703 314 1784; x_wconf 82' lang='lat' dir='ltr'>suarii</span> <span class='ocrx_word' id='word_1_19' title='bbox 330 1720 454 1772; x_wconf 80' lang='lat' dir='ltr'>coram</span> <span class='ocrx_word' id='word_1_20' title='bbox 467 1704 584 1772; x_wconf 80' lang='lat' dir='ltr'>iudice</span> <span class='ocrx_word' id='word_1_21' title='bbox 600 1703 724 1783; x_wconf 82' lang='lat' dir='ltr'>Leone,</span> <span class='ocrx_word' id='word_1_22' title='bbox 742 1705 777 1769; x_wconf 82' lang='lat' dir='ltr'>ct</span> <span class='ocrx_word' id='word_1_23' title='bbox 791 1703 862 1786; x_wconf 79' lang='lat' dir='ltr'>ipse</span> <span class='ocrx_word' id='word_1_24' title='bbox 877 1700 1013 1770; x_wconf 83' lang='lat' dir='ltr'>Simeon</span> <span class='ocrx_word' id='word_1_25' title='bbox 1027 1707 1171 1773; x_wconf 75' lang='lat' dir='ltr'>tentam</span> <span class='ocrx_word' id='word_1_26' title='bbox 1182 1724 1309 1790; x_wconf 78' lang='lat' dir='ltr'>quoqne</span> <span class='ocrx_word' id='word_1_27' title='bbox 1325 1710 1468 1790; x_wconf 79' lang='lat' dir='ltr'>partem</span> <span class='ocrx_word' id='word_1_28' title='bbox 1485 1709 1694 1790; x_wconf 74' lang='lat' dir='ltr'><em>praedictae</em></span> <span class='ocrx_word' id='word_1_29' title='bbox 1715 1711 1875 1780; x_wconf 81' lang='lat' dir='ltr'>ecclcsiae</span> <span class='ocrx_word' id='word_1_30' title='bbox 1900 1709 1962 1780; x_wconf 85' lang='lat' dir='ltr'>SS.</span> <span class='ocrx_word' id='word_1_31' title='bbox 1982 1712 2066 1780; x_wconf 81' lang='lat' dir='ltr'>Phi-</span> 
     </span>
     <span class='ocr_line' id='line_1_6' title="bbox 206 1857 2064 1944; baseline 0.006 -22"><span class='ocrx_word' id='word_1_32' title='bbox 206 1857 292 1940; x_wconf 75' lang='lat' dir='ltr'>tippi</span> <span class='ocrx_word' id='word_1_33' title='bbox 308 1859 345 1923; x_wconf 85' lang='lat' dir='ltr'>et</span> <span class='ocrx_word' id='word_1_34' title='bbox 364 1857 477 1928; x_wconf 84' lang='lat' dir='ltr'>Iacoti</span> <span class='ocrx_word' id='word_1_35' title='bbox 494 1860 671 1938; x_wconf 68' lang='lat' dir='ltr'>octenae</span> <span class='ocrx_word' id='word_1_36' title='bbox 685 1858 868 1926; x_wconf 82' lang='lat' dir='ltr'>donaverit</span> <span class='ocrx_word' id='word_1_37' title='bbox 883 1859 1025 1927; x_wconf 80' lang='lat' dir='ltr'>cuidant</span> <span class='ocrx_word' id='word_1_38' title='bbox 1043 1860 1205 1929; x_wconf 78' lang='lat' dir='ltr'><em>Andreae</em></span> <span class='ocrx_word' id='word_1_39' title='bbox 1222 1861 1315 1944; x_wconf 68' lang='lat' dir='ltr'>Mani</span> <span class='ocrx_word' id='word_1_40' title='bbox 1336 1861 1418 1942; x_wconf 76' lang='lat' dir='ltr'>ttio.</span> <span class='ocrx_word' id='word_1_41' title='bbox 1449 1863 1546 1928; x_wconf 81' lang='lat' dir='ltr'>Idan</span> <span class='ocrx_word' id='word_1_42' title='bbox 1570 1865 1740 1943; x_wconf 81' lang='lat' dir='ltr'>notarius,</span> <span class='ocrx_word' id='word_1_43' title='bbox 1757 1881 1824 1930; x_wconf 83' lang='lat' dir='ltr'>non</span> <span class='ocrx_word' id='word_1_44' title='bbox 1839 1864 1945 1932; x_wconf 82' lang='lat' dir='ltr'>iidnn</span> <span class='ocrx_word' id='word_1_45' title='bbox 1966 1868 2064 1934; x_wconf 84' lang='lat' dir='ltr'>testes</span> 
     </span>
     <span class='ocr_line' id='line_1_7' title="bbox 206 2009 867 2102; baseline -0.003 -24"><span class='ocrx_word' id='word_1_46' title='bbox 206 2028 310 2095; x_wconf 74' lang='lat' dir='ltr'>neque</span> <span class='ocrx_word' id='word_1_47' title='bbox 324 2009 409 2090; x_wconf 75' lang='lat' dir='ltr'>fines</span> <span class='ocrx_word' id='word_1_48' title='bbox 423 2013 492 2095; x_wconf 77' lang='lat' dir='ltr'>qut,</span> <span class='ocrx_word' id='word_1_49' title='bbox 502 2014 541 2078; x_wconf 84' lang='lat' dir='ltr'>nt</span> <span class='ocrx_word' id='word_1_50' title='bbox 557 2029 604 2078; x_wconf 80' lang='lat' dir='ltr'>ea</span> <span class='ocrx_word' id='word_1_51' title='bbox 619 2011 755 2102; x_wconf 80' lang='lat' dir='ltr'>charta,</span> <span class='ocrx_word' id='word_1_52' title='bbox 773 2013 867 2079; x_wconf 84' lang='lat' dir='ltr'>sunt:</span> 
     </span>
    </p>

    <p class='ocr_par' dir='ltr' id='par_1_5' title="bbox 105 2163 2065 3314">
     <span class='ocr_line' id='line_1_8' title="bbox 266 2163 2065 2254; baseline 0.004 -22"><span class='ocrx_word' id='word_1_53' title='bbox 266 2165 313 2232; x_wconf 90' lang='lat' dir='ltr'>De</span> <span class='ocrx_word' id='word_1_54' title='bbox 329 2164 446 2248; x_wconf 85' lang='lat' dir='ltr'>prima</span> <span class='ocrx_word' id='word_1_55' title='bbox 462 2181 543 2249; x_wconf 86' lang='lat' dir='ltr'>pars</span> <span class='ocrx_word' id='word_1_56' title='bbox 559 2164 649 2249; x_wconf 91' lang='lat' dir='ltr'>quod</span> <span class='ocrx_word' id='word_1_57' title='bbox 667 2165 718 2231; x_wconf 88' lang='lat' dir='ltr'>est</span> <span class='ocrx_word' id='word_1_58' title='bbox 732 2163 775 2232; x_wconf 92' lang='lat' dir='ltr'>de</span> <span class='ocrx_word' id='word_1_59' title='bbox 789 2163 866 2248; x_wconf 87' lang='lat' dir='ltr'>ipso</span> <span class='ocrx_word' id='word_1_60' title='bbox 882 2165 1008 2243; x_wconf 89' lang='lat' dir='ltr'>ortum,</span> <span class='ocrx_word' id='word_1_61' title='bbox 1024 2163 1109 2232; x_wconf 89' lang='lat' dir='ltr'>inde</span> <span class='ocrx_word' id='word_1_62' title='bbox 1124 2169 1204 2233; x_wconf 86' lang='lat' dir='ltr'>sunt</span> <span class='ocrx_word' id='word_1_63' title='bbox 1227 2167 1263 2232; x_wconf 91' lang='lat' dir='ltr'>in</span> <span class='ocrx_word' id='word_1_64' title='bbox 1287 2165 1433 2233; x_wconf 90' lang='lat' dir='ltr'>latitudo</span> <span class='ocrx_word' id='word_1_65' title='bbox 1448 2167 1543 2250; x_wconf 87' lang='lat' dir='ltr'>passi</span> <span class='ocrx_word' id='word_1_66' title='bbox 1567 2165 1801 2252; x_wconf 84' lang='lat' dir='ltr'>quadraginta</span> <span class='ocrx_word' id='word_1_67' title='bbox 1823 2170 1963 2236; x_wconf 88' lang='lat' dir='ltr'>nobem:</span> <span class='ocrx_word' id='word_1_68' title='bbox 1983 2188 2065 2254; x_wconf 84' lang='lat' dir='ltr'>pars</span> 
     </span>
     <span class='ocr_line' id='line_1_9' title="bbox 209 2314 2063 2404; baseline 0.004 -22"><span class='ocrx_word' id='word_1_69' title='bbox 209 2314 294 2400; x_wconf 91' lang='lat' dir='ltr'>quod</span> <span class='ocrx_word' id='word_1_70' title='bbox 312 2317 369 2383; x_wconf 88' lang='lat' dir='ltr'>est</span> <span class='ocrx_word' id='word_1_71' title='bbox 382 2335 404 2383; x_wconf 88' lang='lat' dir='ltr'>a</span> <span class='ocrx_word' id='word_1_72' title='bbox 418 2315 532 2384; x_wconf 88' lang='lat' dir='ltr'>medio</span> <span class='ocrx_word' id='word_1_73' title='bbox 546 2316 657 2384; x_wconf 88' lang='lat' dir='ltr'>limite</span> <span class='ocrx_word' id='word_1_74' title='bbox 672 2319 792 2384; x_wconf 90' lang='lat' dir='ltr'>nostra</span> <span class='ocrx_word' id='word_1_75' title='bbox 815 2316 988 2397; x_wconf 85' lang='lat' dir='ltr'>donatori,</span> <span class='ocrx_word' id='word_1_76' title='bbox 1007 2317 1087 2386; x_wconf 89' lang='lat' dir='ltr'>inde</span> <span class='ocrx_word' id='word_1_77' title='bbox 1110 2320 1191 2386; x_wconf 89' lang='lat' dir='ltr'>sunt</span> <span class='ocrx_word' id='word_1_78' title='bbox 1212 2318 1306 2403; x_wconf 87' lang='lat' dir='ltr'>passi</span> <span class='ocrx_word' id='word_1_79' title='bbox 1330 2337 1393 2402; x_wconf 89' lang='lat' dir='ltr'>per</span> <span class='ocrx_word' id='word_1_80' title='bbox 1416 2317 1598 2404; x_wconf 80' lang='lat' dir='ltr'>longitudo</span> <span class='ocrx_word' id='word_1_81' title='bbox 1621 2325 1768 2389; x_wconf 74' lang='lat' dir='ltr'>seranta</span> <span class='ocrx_word' id='word_1_82' title='bbox 1790 2321 1875 2389; x_wconf 86' lang='lat' dir='ltr'>duo:</span> <span class='ocrx_word' id='word_1_83' title='bbox 1893 2323 1937 2390; x_wconf 93' lang='lat' dir='ltr'>de</span> <span class='ocrx_word' id='word_1_84' title='bbox 1959 2323 2063 2391; x_wconf 86' lang='lat' dir='ltr'>tertio</span> 
     </span>
     <span class='ocr_line' id='line_1_10' title="bbox 208 2465 2064 2558; baseline 0.004 -26"><span class='ocrx_word' id='word_1_85' title='bbox 208 2467 315 2534; x_wconf 86' lang='lat' dir='ltr'>latere</span> <span class='ocrx_word' id='word_1_86' title='bbox 333 2465 423 2550; x_wconf 91' lang='lat' dir='ltr'>quod</span> <span class='ocrx_word' id='word_1_87' title='bbox 440 2469 493 2533; x_wconf 91' lang='lat' dir='ltr'>est</span> <span class='ocrx_word' id='word_1_88' title='bbox 507 2468 552 2533; x_wconf 90' lang='lat' dir='ltr'>ab</span> <span class='ocrx_word' id='word_1_89' title='bbox 566 2467 643 2551; x_wconf 87' lang='lat' dir='ltr'>ipsa</span> <span class='ocrx_word' id='word_1_90' title='bbox 658 2485 769 2546; x_wconf 89' lang='lat' dir='ltr'>serra,</span> <span class='ocrx_word' id='word_1_91' title='bbox 789 2467 871 2534; x_wconf 90' lang='lat' dir='ltr'>inde</span> <span class='ocrx_word' id='word_1_92' title='bbox 894 2471 975 2535; x_wconf 89' lang='lat' dir='ltr'>sunt</span> <span class='ocrx_word' id='word_1_93' title='bbox 996 2469 1089 2554; x_wconf 85' lang='lat' dir='ltr'>passi</span> <span class='ocrx_word' id='word_1_94' title='bbox 1113 2469 1366 2554; x_wconf 78' lang='lat' dir='ltr'>quinquaginta</span> <span class='ocrx_word' id='word_1_95' title='bbox 1388 2471 1506 2537; x_wconf 88' lang='lat' dir='ltr'>hocto:</span> <span class='ocrx_word' id='word_1_96' title='bbox 1535 2488 1557 2538; x_wconf 89' lang='lat' dir='ltr'>a</span> <span class='ocrx_word' id='word_1_97' title='bbox 1577 2473 1701 2556; x_wconf 89' lang='lat' dir='ltr'>quarto</span> <span class='ocrx_word' id='word_1_98' title='bbox 1723 2474 1833 2540; x_wconf 81' lang='lat' dir='ltr'>latore</span> <span class='ocrx_word' id='word_1_99' title='bbox 1855 2473 1946 2558; x_wconf 91' lang='lat' dir='ltr'>quod</span> <span class='ocrx_word' id='word_1_100' title='bbox 1968 2475 2020 2542; x_wconf 88' lang='lat' dir='ltr'>est</span> <span class='ocrx_word' id='word_1_101' title='bbox 2042 2491 2064 2540; x_wconf 84' lang='lat' dir='ltr'>a</span> 
     </span>
     <span class='ocr_line' id='line_1_11' title="bbox 208 2619 2065 2714; baseline 0.005 -29"><span class='ocrx_word' id='word_1_102' title='bbox 208 2619 276 2686; x_wconf 87' lang='lat' dir='ltr'>fine</span> <span class='ocrx_word' id='word_1_103' title='bbox 292 2621 457 2704; x_wconf 85' lang='lat' dir='ltr'>stephani</span> <span class='ocrx_word' id='word_1_104' title='bbox 473 2620 590 2689; x_wconf 90' lang='lat' dir='ltr'>clerici</span> <span class='ocrx_word' id='word_1_105' title='bbox 606 2621 669 2687; x_wconf 87' lang='lat' dir='ltr'>filii</span> <span class='ocrx_word' id='word_1_106' title='bbox 686 2619 875 2688; x_wconf 85' lang='lat' dir='ltr'>theoderici</span> <span class='ocrx_word' id='word_1_107' title='bbox 891 2621 1086 2706; x_wconf 83' lang='lat' dir='ltr'>presbiteri,</span> <span class='ocrx_word' id='word_1_108' title='bbox 1106 2621 1186 2692; x_wconf 91' lang='lat' dir='ltr'>inde</span> <span class='ocrx_word' id='word_1_109' title='bbox 1201 2624 1279 2692; x_wconf 91' lang='lat' dir='ltr'>sunt</span> <span class='ocrx_word' id='word_1_110' title='bbox 1293 2622 1388 2707; x_wconf 88' lang='lat' dir='ltr'>passi</span> <span class='ocrx_word' id='word_1_111' title='bbox 1412 2622 1659 2708; x_wconf 83' lang='lat' dir='ltr'>quadraginta.</span> <span class='ocrx_word' id='word_1_112' title='bbox 1685 2625 1811 2692; x_wconf 87' lang='lat' dir='ltr'>iterum</span> <span class='ocrx_word' id='word_1_113' title='bbox 1832 2625 1876 2694; x_wconf 88' lang='lat' dir='ltr'>de</span> <span class='ocrx_word' id='word_1_114' title='bbox 1898 2627 1974 2714; x_wconf 86' lang='lat' dir='ltr'>ipsa</span> <span class='ocrx_word' id='word_1_115' title='bbox 1995 2629 2065 2696; x_wconf 86' lang='lat' dir='ltr'>alia</span> 
     </span>
     <span class='ocr_line' id='line_1_12' title="bbox 207 2771 2065 2863; baseline 0.004 -25"><span class='ocrx_word' id='word_1_116' title='bbox 207 2771 306 2855; x_wconf 85' lang='lat' dir='ltr'>pecia</span> <span class='ocrx_word' id='word_1_117' title='bbox 325 2771 367 2840; x_wconf 88' lang='lat' dir='ltr'>de</span> <span class='ocrx_word' id='word_1_118' title='bbox 383 2777 481 2839; x_wconf 86' lang='lat' dir='ltr'>terra</span> <span class='ocrx_word' id='word_1_119' title='bbox 496 2774 600 2842; x_wconf 89' lang='lat' dir='ltr'>habet</span> <span class='ocrx_word' id='word_1_120' title='bbox 615 2775 678 2842; x_wconf 87' lang='lat' dir='ltr'>has</span> <span class='ocrx_word' id='word_1_121' title='bbox 693 2773 793 2840; x_wconf 85' lang='lat' dir='ltr'>fines:</span> <span class='ocrx_word' id='word_1_122' title='bbox 809 2791 830 2838; x_wconf 89' lang='lat' dir='ltr'>a</span> <span class='ocrx_word' id='word_1_123' title='bbox 846 2773 960 2858; x_wconf 85' lang='lat' dir='ltr'>primo</span> <span class='ocrx_word' id='word_1_124' title='bbox 976 2774 1090 2858; x_wconf 88' lang='lat' dir='ltr'>capite</span> <span class='ocrx_word' id='word_1_125' title='bbox 1106 2775 1198 2859; x_wconf 86' lang='lat' dir='ltr'>passi</span> <span class='ocrx_word' id='word_1_126' title='bbox 1213 2779 1279 2844; x_wconf 88' lang='lat' dir='ltr'>XX</span> <span class='ocrx_word' id='word_1_127' title='bbox 1295 2777 1467 2860; x_wconf 89' lang='lat' dir='ltr'>quattuor:</span> <span class='ocrx_word' id='word_1_128' title='bbox 1482 2793 1504 2843; x_wconf 85' lang='lat' dir='ltr'>a</span> <span class='ocrx_word' id='word_1_129' title='bbox 1518 2776 1631 2843; x_wconf 88' lang='lat' dir='ltr'>medio</span> <span class='ocrx_word' id='word_1_130' title='bbox 1645 2776 1757 2844; x_wconf 90' lang='lat' dir='ltr'>limite</span> <span class='ocrx_word' id='word_1_131' title='bbox 1771 2778 1930 2863; x_wconf 85' lang='lat' dir='ltr'>stephani</span> <span class='ocrx_word' id='word_1_132' title='bbox 1947 2779 2065 2846; x_wconf 87' lang='lat' dir='ltr'>clerici</span> 
     </span>
     <span class='ocr_line' id='line_1_13' title="bbox 105 2899 2062 3016; baseline 0.007 -28"><span class='ocrx_word' id='word_1_133' title='bbox 105 2984 108 2988; x_wconf 83' lang='grc'><em>.</em></span> <span class='ocrx_word' id='word_1_134' title='bbox 203 2926 294 3010; x_wconf 87' lang='lat' dir='ltr'>passi</span> <span class='ocrx_word' id='word_1_135' title='bbox 313 2927 546 3013; x_wconf 83' lang='lat' dir='ltr'>qnadraginta</span> <span class='ocrx_word' id='word_1_136' title='bbox 567 2931 703 2994; x_wconf 90' lang='lat' dir='ltr'>octo:a</span> <span class='ocrx_word' id='word_1_137' title='bbox 728 2928 831 2996; x_wconf 90' lang='lat' dir='ltr'>tertio</span> <span class='ocrx_word' id='word_1_138' title='bbox 857 2899 967 2995; x_wconf 81' lang='lat' dir='ltr'>latere</span> <span class='ocrx_word' id='word_1_139' title='bbox 993 2927 1082 3013; x_wconf 91' lang='lat' dir='ltr'>quod</span> <span class='ocrx_word' id='word_1_140' title='bbox 1109 2931 1162 2996; x_wconf 86' lang='lat' dir='ltr'>est</span> <span class='ocrx_word' id='word_1_141' title='bbox 1188 2929 1233 2995; x_wconf 88' lang='lat' dir='ltr'>ab</span> <span class='ocrx_word' id='word_1_142' title='bbox 1260 2929 1338 3013; x_wconf 87' lang='lat' dir='ltr'>ipsa</span> <span class='ocrx_word' id='word_1_143' title='bbox 1364 2947 1475 3008; x_wconf 87' lang='lat' dir='ltr'>serra,</span> <span class='ocrx_word' id='word_1_144' title='bbox 1495 2928 1577 2996; x_wconf 88' lang='lat' dir='ltr'>inde</span> <span class='ocrx_word' id='word_1_145' title='bbox 1604 2932 1686 2996; x_wconf 87' lang='lat' dir='ltr'>sunt</span> <span class='ocrx_word' id='word_1_146' title='bbox 1711 2931 1804 3015; x_wconf 85' lang='lat' dir='ltr'>passi</span> <span class='ocrx_word' id='word_1_147' title='bbox 1832 2931 2001 3016; x_wconf 86' lang='lat' dir='ltr'>triginta:</span> <span class='ocrx_word' id='word_1_148' title='bbox 2020 2932 2062 3002; x_wconf 91' lang='lat' dir='ltr'>de</span> 
     </span>
     <span class='ocr_line' id='line_1_14' title="bbox 207 3076 2063 3166; baseline 0.004 -24"><span class='ocrx_word' id='word_1_149' title='bbox 207 3080 336 3162; x_wconf 84' lang='lat' dir='ltr'>quarta</span> <span class='ocrx_word' id='word_1_150' title='bbox 350 3080 463 3145; x_wconf 80' lang='lat' dir='ltr'>autern</span> <span class='ocrx_word' id='word_1_151' title='bbox 481 3096 577 3163; x_wconf 88' lang='lat' dir='ltr'>pars,</span> <span class='ocrx_word' id='word_1_152' title='bbox 596 3077 686 3163; x_wconf 89' lang='lat' dir='ltr'>quod</span> <span class='ocrx_word' id='word_1_153' title='bbox 701 3081 752 3146; x_wconf 85' lang='lat' dir='ltr'>est</span> <span class='ocrx_word' id='word_1_154' title='bbox 766 3095 787 3143; x_wconf 91' lang='lat' dir='ltr'>a</span> <span class='ocrx_word' id='word_1_155' title='bbox 801 3076 914 3145; x_wconf 88' lang='lat' dir='ltr'>medio</span> <span class='ocrx_word' id='word_1_156' title='bbox 929 3077 1040 3146; x_wconf 86' lang='lat' dir='ltr'>limite</span> <span class='ocrx_word' id='word_1_157' title='bbox 1054 3081 1241 3165; x_wconf 67' lang='lat' dir='ltr'>nostraque</span> <span class='ocrx_word' id='word_1_158' title='bbox 1256 3079 1429 3159; x_wconf 82' lang='lat' dir='ltr'>donatori,</span> <span class='ocrx_word' id='word_1_159' title='bbox 1448 3079 1528 3166; x_wconf 88' lang='lat' dir='ltr'>inde</span> <span class='ocrx_word' id='word_1_160' title='bbox 1543 3081 1625 3148; x_wconf 87' lang='lat' dir='ltr'>sunt</span> <span class='ocrx_word' id='word_1_161' title='bbox 1639 3079 1733 3166; x_wconf 89' lang='lat' dir='ltr'>passi</span> <span class='ocrx_word' id='word_1_162' title='bbox 1749 3099 1856 3166; x_wconf 85' lang='lat' dir='ltr'>usque</span> <span class='ocrx_word' id='word_1_163' title='bbox 1872 3081 1908 3148; x_wconf 93' lang='lat' dir='ltr'>in</span> <span class='ocrx_word' id='word_1_164' title='bbox 1924 3081 2063 3166; x_wconf 82' lang='lat' dir='ltr'>priores</span> 
     </span>
     <span class='ocr_line' id='line_1_15' title="bbox 207 3189 2003 3314; baseline -0.001 -20"><span class='ocrx_word' id='word_1_165' title='bbox 207 3229 293 3297; x_wconf 84' lang='lat' dir='ltr'>fines</span> <span class='ocrx_word' id='word_1_166' title='bbox 312 3228 486 3298; x_wconf 88' lang='lat' dir='ltr'>redientes</span> <span class='ocrx_word' id='word_1_167' title='bbox 500 3229 757 3314; x_wconf 81' lang='lat' dir='ltr'>quinquaginta</span> <span class='ocrx_word' id='word_1_168' title='bbox 772 3231 848 3296; x_wconf 89' lang='lat' dir='ltr'>octo</span> <span class='ocrx_word' id='word_1_169' title='bbox 863 3232 935 3298; x_wconf 88' lang='lat' dir='ltr'>etc:</span> <span class='ocrx_word' id='word_1_170' title='bbox 2000 3189 2003 3195; x_wconf 11' lang='lat' dir='ltr'>A</span> 
     </span>
    </p>

    <p class='ocr_par' dir='ltr' id='par_1_6' title="bbox 259 3355 759 3470">
     <span class='ocr_line' id='line_1_16' title="bbox 259 3355 759 3470; baseline 0.004 -21"><span class='ocrx_word' id='word_1_171' title='bbox 259 3355 289 3468; x_wconf 93' lang='lat'>†</span> <span class='ocrx_word' id='word_1_172' title='bbox 304 3401 374 3468; x_wconf 84' lang='lat' dir='ltr'>ego</span> <span class='ocrx_word' id='word_1_173' title='bbox 390 3383 449 3469; x_wconf 91' lang='lat' dir='ltr'>qui</span> <span class='ocrx_word' id='word_1_174' title='bbox 463 3401 570 3470; x_wconf 87' lang='lat' dir='ltr'>supra</span> <span class='ocrx_word' id='word_1_175' title='bbox 585 3384 639 3452; x_wconf 86' lang='lat' dir='ltr'>leo</span> <span class='ocrx_word' id='word_1_176' title='bbox 660 3381 759 3451; x_wconf 83' lang='lat' dir='ltr'>iudos</span> 
     </span>
    </p>
   </div>
   <div class='ocr_carea' id='block_1_5' title="bbox 259 3504 960 3620">
    <p class='ocr_par' dir='ltr' id='par_1_7' title="bbox 259 3504 960 3620">
     <span class='ocr_line' id='line_1_17' title="bbox 259 3504 960 3620; baseline 0.006 -19"><span class='ocrx_word' id='word_1_177' title='bbox 259 3504 289 3616; x_wconf 93' lang='lat'><em>†</em></span> <span class='ocrx_word' id='word_1_178' title='bbox 308 3552 376 3618; x_wconf 85' lang='lat' dir='ltr'>ego</span> <span class='ocrx_word' id='word_1_179' title='bbox 393 3533 486 3600; x_wconf 88' lang='lat' dir='ltr'>maio</span> <span class='ocrx_word' id='word_1_180' title='bbox 501 3531 665 3602; x_wconf 89' lang='lat' dir='ltr'>diaconus</span> <span class='ocrx_word' id='word_1_181' title='bbox 679 3537 715 3601; x_wconf 90' lang='lat' dir='ltr'>et</span> <span class='ocrx_word' id='word_1_182' title='bbox 729 3535 960 3620; x_wconf 87' lang='lat' dir='ltr'>primicerius.</span> 
     </span>
    </p>
   </div>
   <div class='ocr_carea' id='block_1_6' title="bbox 1034 4041 1228 4124">
    <p class='ocr_par' dir='ltr' id='par_1_8' title="bbox 1034 4041 1228 4124">
     <span class='ocr_line' id='line_1_18' title="bbox 1034 4041 1228 4124; baseline -0.005 0"><span class='ocrx_word' id='word_1_183' title='bbox 1034 4041 1228 4124; x_wconf 83' lang='lat' dir='ltr'>CCGL.</span> 
     </span>
    </p>
   </div>
   <div class='ocr_carea' id='block_1_7' title="bbox 987 4283 1273 4364">
    <p class='ocr_par' dir='ltr' id='par_1_9' title="bbox 987 4283 1273 4364">
     <span class='ocr_line' id='line_1_19' title="bbox 987 4283 1273 4364; baseline 0.014 -4"><span class='ocrx_word' id='word_1_184' title='bbox 987 4285 1043 4362; x_wconf 82' lang='lat' dir='ltr'>A.</span> <span class='ocrx_word' id='word_1_185' title='bbox 1079 4286 1130 4362; x_wconf 92' lang='lat' dir='ltr'>D.</span> <span class='ocrx_word' id='word_1_186' title='bbox 1168 4283 1273 4364; x_wconf 86' lang='grc'><strong>983.</strong></span> 
     </span>
    </p>
   </div>
   <div class='ocr_carea' id='block_1_8' title="bbox 264 4543 2059 4684">
    <p class='ocr_par' dir='ltr' id='par_1_10' title="bbox 264 4543 2059 4684">
     <span class='ocr_line' id='line_1_20' title="bbox 264 4543 2059 4684; baseline 0.002 -22"><span class='ocrx_word' id='word_1_187' title='bbox 264 4543 821 4680; x_wconf 83' lang='lat' dir='ltr'>†1nnominedominisecund0</span> <span class='ocrx_word' id='word_1_188' title='bbox 844 4611 937 4661; x_wconf 84' lang='lat' dir='ltr'>anno</span> <span class='ocrx_word' id='word_1_189' title='bbox 960 4594 1180 4680; x_wconf 83' lang='lat' dir='ltr'>principatus</span> <span class='ocrx_word' id='word_1_190' title='bbox 1204 4595 1321 4663; x_wconf 91' lang='lat' dir='ltr'>domni</span> <span class='ocrx_word' id='word_1_191' title='bbox 1344 4595 1454 4664; x_wconf 88' lang='lat' dir='ltr'>nostri</span> <span class='ocrx_word' id='word_1_192' title='bbox 1479 4595 1639 4664; x_wconf 84' lang='lat' dir='ltr'>mansoni</span> <span class='ocrx_word' id='word_1_193' title='bbox 1662 4596 1807 4682; x_wconf 86' lang='lat' dir='ltr'>gloriosi</span> <span class='ocrx_word' id='word_1_194' title='bbox 1832 4597 2003 4684; x_wconf 86' lang='lat' dir='ltr'>principis</span> <span class='ocrx_word' id='word_1_195' title='bbox 2024 4601 2059 4667; x_wconf 88' lang='lat' dir='ltr'>et</span> 
     </span>
    </p>
   </div>
   <div class='ocr_carea' id='block_1_9' title="bbox 197 4745 2058 5754">
    <p class='ocr_par' dir='ltr' id='par_1_11' title="bbox 197 4745 2058 5754">
     <span class='ocr_line' id='line_1_21' title="bbox 199 4745 2054 4834; baseline 0.003 -22"><span class='ocrx_word' id='word_1_196' title='bbox 199 4745 396 4832; x_wconf 87' lang='lat' dir='ltr'>imperialis</span> <span class='ocrx_word' id='word_1_197' title='bbox 411 4746 552 4831; x_wconf 88' lang='lat' dir='ltr'>patricii</span> <span class='ocrx_word' id='word_1_198' title='bbox 576 4747 612 4813; x_wconf 92' lang='lat' dir='ltr'>et</span> <span class='ocrx_word' id='word_1_199' title='bbox 633 4746 750 4814; x_wconf 88' lang='lat' dir='ltr'>domni</span> <span class='ocrx_word' id='word_1_200' title='bbox 774 4747 918 4815; x_wconf 92' lang='lat' dir='ltr'>iohanni</span> <span class='ocrx_word' id='word_1_201' title='bbox 942 4747 1116 4834; x_wconf 86' lang='lat' dir='ltr'>principis</span> <span class='ocrx_word' id='word_1_202' title='bbox 1138 4749 1213 4818; x_wconf 91' lang='lat' dir='ltr'>eius</span> <span class='ocrx_word' id='word_1_203' title='bbox 1235 4748 1457 4828; x_wconf 84' lang='lat' dir='ltr'>n1i0,mense</span> <span class='ocrx_word' id='word_1_204' title='bbox 1479 4749 1626 4820; x_wconf 89' lang='lat' dir='ltr'>martius</span> <span class='ocrx_word' id='word_1_205' title='bbox 1648 4749 1832 4818; x_wconf 87' lang='lat' dir='ltr'>undecima</span> <span class='ocrx_word' id='word_1_206' title='bbox 1854 4751 2054 4819; x_wconf 86' lang='lat' dir='ltr'>indictione.</span> 
     </span>
     <span class='ocr_line' id='line_1_22' title="bbox 199 4898 2058 4987; baseline 0.003 -21"><span class='ocrx_word' id='word_1_207' title='bbox 199 4903 282 4968; x_wconf 86' lang='lat' dir='ltr'>ante</span> <span class='ocrx_word' id='word_1_208' title='bbox 296 4917 354 4968; x_wconf 90' lang='lat' dir='ltr'>me</span> <span class='ocrx_word' id='word_1_209' title='bbox 369 4900 540 4968; x_wconf 87' lang='lat' dir='ltr'>iohannes</span> <span class='ocrx_word' id='word_1_210' title='bbox 556 4898 659 4966; x_wconf 85' lang='lat' dir='ltr'>iudex</span> <span class='ocrx_word' id='word_1_211' title='bbox 676 4900 835 4967; x_wconf 88' lang='lat' dir='ltr'>causabit</span> <span class='ocrx_word' id='word_1_212' title='bbox 849 4919 950 4968; x_wconf 87' lang='lat' dir='ltr'>ursus</span> <span class='ocrx_word' id='word_1_213' title='bbox 964 4901 1163 4970; x_wconf 85' lang='lat' dir='ltr'>atrianense</span> <span class='ocrx_word' id='word_1_214' title='bbox 1178 4902 1271 4969; x_wconf 86' lang='lat' dir='ltr'>filius</span> <span class='ocrx_word' id='word_1_215' title='bbox 1285 4901 1430 4969; x_wconf 90' lang='lat' dir='ltr'>iohanni</span> <span class='ocrx_word' id='word_1_216' title='bbox 1457 4901 1628 4987; x_wconf 84' lang='lat' dir='ltr'>inginiusi</span> <span class='ocrx_word' id='word_1_217' title='bbox 1651 4921 1730 4971; x_wconf 90' lang='lat' dir='ltr'>cum</span> <span class='ocrx_word' id='word_1_218' title='bbox 1754 4923 1819 4971; x_wconf 89' lang='lat' dir='ltr'>uru</span> <span class='ocrx_word' id='word_1_219' title='bbox 1843 4905 2058 4973; x_wconf 78' lang='lat' dir='ltr'>atrianen&#39;ses</span> 
     </span>
     <span class='ocr_line' id='line_1_23' title="bbox 200 5049 2057 5138; baseline 0.004 -23"><span class='ocrx_word' id='word_1_220' title='bbox 200 5049 274 5118; x_wconf 87' lang='lat' dir='ltr'>filio</span> <span class='ocrx_word' id='word_1_221' title='bbox 289 5050 435 5118; x_wconf 88' lang='lat' dir='ltr'>iohanni</span> <span class='ocrx_word' id='word_1_222' title='bbox 450 5051 629 5119; x_wconf 89' lang='lat' dir='ltr'>dicendum</span> <span class='ocrx_word' id='word_1_223' title='bbox 645 5051 691 5132; x_wconf 83' lang='lat' dir='ltr'>ei,</span> <span class='ocrx_word' id='word_1_224' title='bbox 711 5055 749 5120; x_wconf 89' lang='lat' dir='ltr'>ut</span> <span class='ocrx_word' id='word_1_225' title='bbox 763 5053 838 5138; x_wconf 87' lang='lat' dir='ltr'>ipse</span> <span class='ocrx_word' id='word_1_226' title='bbox 853 5073 956 5123; x_wconf 81' lang='lat' dir='ltr'>ursus</span> <span class='ocrx_word' id='word_1_227' title='bbox 971 5056 1062 5122; x_wconf 85' lang='lat' dir='ltr'>malo</span> <span class='ocrx_word' id='word_1_228' title='bbox 1075 5053 1223 5122; x_wconf 87' lang='lat' dir='ltr'>hordine</span> <span class='ocrx_word' id='word_1_229' title='bbox 1237 5057 1272 5122; x_wconf 88' lang='lat' dir='ltr'>et</span> <span class='ocrx_word' id='word_1_230' title='bbox 1286 5056 1362 5124; x_wconf 85' lang='lat' dir='ltr'>sino</span> <span class='ocrx_word' id='word_1_231' title='bbox 1377 5056 1511 5124; x_wconf 86' lang='lat' dir='ltr'>ratione</span> <span class='ocrx_word' id='word_1_232' title='bbox 1533 5057 1698 5126; x_wconf 85' lang='lat' dir='ltr'>intrasset</span> <span class='ocrx_word' id='word_1_233' title='bbox 1702 5105 1947 5124; x_wconf 89' lang='grc'><strong>.....</strong></span> <span class='ocrx_word' id='word_1_234' title='bbox 1996 5057 2057 5122; x_wconf 90' lang='lat' dir='ltr'>ho-</span> 
     </span>
     <span class='ocr_line' id='line_1_24' title="bbox 200 5201 2053 5288; baseline 0.005 -21"><span class='ocrx_word' id='word_1_235' title='bbox 200 5201 353 5271; x_wconf 88' lang='lat' dir='ltr'>minibus</span> <span class='ocrx_word' id='word_1_236' title='bbox 376 5202 419 5272; x_wconf 87' lang='lat' dir='ltr'>de</span> <span class='ocrx_word' id='word_1_237' title='bbox 445 5221 528 5271; x_wconf 85' lang='lat' dir='ltr'>casa</span> <span class='ocrx_word' id='word_1_238' title='bbox 554 5205 591 5270; x_wconf 93' lang='lat' dir='ltr'>in</span> <span class='ocrx_word' id='word_1_239' title='bbox 619 5207 720 5272; x_wconf 88' lang='lat' dir='ltr'>rebus</span> <span class='ocrx_word' id='word_1_240' title='bbox 746 5205 889 5275; x_wconf 88' lang='lat' dir='ltr'>eiusde</span> <span class='ocrx_word' id='word_1_241' title='bbox 916 5209 1029 5276; x_wconf 87' lang='lat' dir='ltr'>locum</span> <span class='ocrx_word' id='word_1_242' title='bbox 1054 5208 1123 5275; x_wconf 86' lang='lat' dir='ltr'>iovi</span> <span class='ocrx_word' id='word_1_243' title='bbox 1150 5208 1362 5278; x_wconf 86' lang='lat' dir='ltr'>salernitane</span> <span class='ocrx_word' id='word_1_244' title='bbox 1389 5209 1517 5278; x_wconf 87' lang='lat' dir='ltr'>finibus</span> <span class='ocrx_word' id='word_1_245' title='bbox 1532 5211 1568 5276; x_wconf 90' lang='lat' dir='ltr'>et</span> <span class='ocrx_word' id='word_1_246' title='bbox 1583 5211 1724 5278; x_wconf 68' lang='lat' dir='ltr'>arbans</span> <span class='ocrx_word' id='word_1_247' title='bbox 1745 5207 1826 5275; x_wconf 90' lang='lat' dir='ltr'>inde</span> <span class='ocrx_word' id='word_1_248' title='bbox 1849 5205 2053 5288; x_wconf 63' lang='lat' dir='ltr'>abscidisset,</span> 
     </span>
     <span class='ocr_line' id='line_1_25' title="bbox 199 5353 2057 5448; baseline 0.004 -26"><span class='ocrx_word' id='word_1_249' title='bbox 199 5355 301 5437; x_wconf 86' lang='lat' dir='ltr'>palos</span> <span class='ocrx_word' id='word_1_250' title='bbox 315 5353 398 5422; x_wconf 92' lang='lat' dir='ltr'>inde</span> <span class='ocrx_word' id='word_1_251' title='bbox 412 5356 560 5424; x_wconf 86' lang='lat' dir='ltr'>fecisset.</span> <span class='ocrx_word' id='word_1_252' title='bbox 579 5356 624 5424; x_wconf 88' lang='lat' dir='ltr'>ad</span> <span class='ocrx_word' id='word_1_253' title='bbox 639 5374 679 5426; x_wconf 87' lang='lat' dir='ltr'>ec</span> <span class='ocrx_word' id='word_1_254' title='bbox 695 5356 859 5427; x_wconf 87' lang='lat' dir='ltr'>audiente</span> <span class='ocrx_word' id='word_1_255' title='bbox 875 5359 951 5444; x_wconf 88' lang='lat' dir='ltr'>ipse</span> <span class='ocrx_word' id='word_1_256' title='bbox 967 5377 1069 5428; x_wconf 87' lang='lat' dir='ltr'>ursus</span> <span class='ocrx_word' id='word_1_257' title='bbox 1085 5361 1201 5428; x_wconf 82' lang='lat' dir='ltr'>taliter</span> <span class='ocrx_word' id='word_1_258' title='bbox 1217 5360 1330 5447; x_wconf 88' lang='lat' dir='ltr'>ipsum</span> <span class='ocrx_word' id='word_1_259' title='bbox 1346 5379 1445 5430; x_wconf 86' lang='lat' dir='ltr'>ursus</span> <span class='ocrx_word' id='word_1_260' title='bbox 1461 5359 1627 5429; x_wconf 84' lang='lat' dir='ltr'>adbersus</span> <span class='ocrx_word' id='word_1_261' title='bbox 1642 5377 1680 5427; x_wconf 90' lang='lat' dir='ltr'>se</span> <span class='ocrx_word' id='word_1_262' title='bbox 1701 5361 1897 5439; x_wconf 82' lang='lat' dir='ltr'>causanter,</span> <span class='ocrx_word' id='word_1_263' title='bbox 1915 5377 2057 5448; x_wconf 87' lang='lat' dir='ltr'>respon-</span> 
     </span>
     <span class='ocr_line' id='line_1_26' title="bbox 198 5506 2055 5600; baseline 0.005 -26"><span class='ocrx_word' id='word_1_264' title='bbox 198 5525 276 5574; x_wconf 84' lang='lat' dir='ltr'>sum</span> <span class='ocrx_word' id='word_1_265' title='bbox 294 5506 328 5574; x_wconf 89' lang='lat' dir='ltr'>ei</span> <span class='ocrx_word' id='word_1_266' title='bbox 343 5507 486 5576; x_wconf 88' lang='lat' dir='ltr'>retdidit</span> <span class='ocrx_word' id='word_1_267' title='bbox 501 5509 698 5590; x_wconf 86' lang='lat' dir='ltr'>dicendum,</span> <span class='ocrx_word' id='word_1_268' title='bbox 716 5514 756 5579; x_wconf 89' lang='lat' dir='ltr'>ut</span> <span class='ocrx_word' id='word_1_269' title='bbox 771 5513 808 5579; x_wconf 92' lang='lat' dir='ltr'>in</span> <span class='ocrx_word' id='word_1_270' title='bbox 823 5512 900 5597; x_wconf 85' lang='lat' dir='ltr'>ipso</span> <span class='ocrx_word' id='word_1_271' title='bbox 915 5515 1026 5581; x_wconf 90' lang='lat' dir='ltr'>locum</span> <span class='ocrx_word' id='word_1_272' title='bbox 1042 5514 1111 5583; x_wconf 84' lang='lat' dir='ltr'>iovi</span> <span class='ocrx_word' id='word_1_273' title='bbox 1127 5517 1229 5584; x_wconf 86' lang='lat' dir='ltr'>rebus</span> <span class='ocrx_word' id='word_1_274' title='bbox 1242 5517 1356 5594; x_wconf 89' lang='lat' dir='ltr'>abero,</span> <span class='ocrx_word' id='word_1_275' title='bbox 1374 5516 1428 5583; x_wconf 89' lang='lat' dir='ltr'>set</span> <span class='ocrx_word' id='word_1_276' title='bbox 1441 5515 1575 5583; x_wconf 87' lang='lat' dir='ltr'>nescire</span> <span class='ocrx_word' id='word_1_277' title='bbox 1591 5512 1634 5582; x_wconf 89' lang='lat' dir='ltr'>do</span> <span class='ocrx_word' id='word_1_278' title='bbox 1649 5515 1749 5600; x_wconf 88' lang='lat' dir='ltr'>quale</span> <span class='ocrx_word' id='word_1_279' title='bbox 1763 5515 1868 5584; x_wconf 88' lang='lat' dir='ltr'>rebus</span> <span class='ocrx_word' id='word_1_280' title='bbox 1883 5533 1961 5584; x_wconf 89' lang='lat' dir='ltr'>cum</span> <span class='ocrx_word' id='word_1_281' title='bbox 1978 5535 2055 5584; x_wconf 92' lang='lat' dir='ltr'>eum</span> 
     </span>
     <span class='ocr_line' id='line_1_27' title="bbox 197 5639 2058 5754; baseline 0.006 -30"><span class='ocrx_word' id='word_1_282' title='bbox 197 5659 362 5728; x_wconf 74' lang='lat' dir='ltr'>cenavit.</span> <span class='ocrx_word' id='word_1_283' title='bbox 381 5660 474 5729; x_wconf 92' lang='lat' dir='ltr'>unde</span> <span class='ocrx_word' id='word_1_284' title='bbox 489 5663 580 5734; x_wconf 88' lang='lat' dir='ltr'>inter</span> <span class='ocrx_word' id='word_1_285' title='bbox 596 5663 648 5732; x_wconf 89' lang='lat' dir='ltr'>eis</span> <span class='ocrx_word' id='word_1_286' title='bbox 665 5663 812 5733; x_wconf 88' lang='lat' dir='ltr'>iudicavi</span> <span class='ocrx_word' id='word_1_287' title='bbox 829 5668 865 5734; x_wconf 90' lang='lat' dir='ltr'>et</span> <span class='ocrx_word' id='word_1_288' title='bbox 879 5685 944 5752; x_wconf 88' lang='lat' dir='ltr'>per</span> <span class='ocrx_word' id='word_1_289' title='bbox 961 5670 1080 5752; x_wconf 87' lang='lat' dir='ltr'>partes</span> <span class='ocrx_word' id='word_1_290' title='bbox 1102 5639 1174 5736; x_wconf 79' lang='lat' dir='ltr'>illis</span> <span class='ocrx_word' id='word_1_291' title='bbox 1196 5666 1352 5736; x_wconf 88' lang='lat' dir='ltr'>wadiare</span> <span class='ocrx_word' id='word_1_292' title='bbox 1375 5666 1441 5734; x_wconf 81' lang='lat' dir='ltr'>teci</span> <span class='ocrx_word' id='word_1_293' title='bbox 1464 5684 1527 5753; x_wconf 87' lang='lat' dir='ltr'>per</span> <span class='ocrx_word' id='word_1_294' title='bbox 1550 5668 1666 5752; x_wconf 85' lang='lat' dir='ltr'>partes</span> <span class='ocrx_word' id='word_1_295' title='bbox 1689 5685 1792 5754; x_wconf 89' lang='lat' dir='ltr'>super</span> <span class='ocrx_word' id='word_1_296' title='bbox 1814 5667 1933 5737; x_wconf 87' lang='lat' dir='ltr'>eadem</span> <span class='ocrx_word' id='word_1_297' title='bbox 1956 5669 2058 5737; x_wconf 87' lang='lat' dir='ltr'>rebus</span> 
     </span>
    </p>
   </div>
   <div class='ocr_carea' id='block_1_10' title="bbox 198 5813 2057 5907">
    <p class='ocr_par' dir='ltr' id='par_1_12' title="bbox 198 5813 2057 5907">
     <span class='ocr_line' id='line_1_28' title="bbox 198 5813 2057 5907; baseline 0.005 -28"><span class='ocrx_word' id='word_1_298' title='bbox 198 5817 338 5898; x_wconf 83' lang='lat' dir='ltr'>portare</span> <span class='ocrx_word' id='word_1_299' title='bbox 354 5813 502 5884; x_wconf 86' lang='lat' dir='ltr'>iudicem</span> <span class='ocrx_word' id='word_1_300' title='bbox 519 5819 631 5887; x_wconf 83' lang='lat' dir='ltr'>einos</span> <span class='ocrx_word' id='word_1_301' title='bbox 646 5820 681 5887; x_wconf 88' lang='lat' dir='ltr'>et</span> <span class='ocrx_word' id='word_1_302' title='bbox 697 5817 772 5904; x_wconf 86' lang='lat' dir='ltr'>ipse</span> <span class='ocrx_word' id='word_1_303' title='bbox 789 5837 890 5888; x_wconf 87' lang='lat' dir='ltr'>ursus</span> <span class='ocrx_word' id='word_1_304' title='bbox 906 5819 1053 5904; x_wconf 85' lang='lat' dir='ltr'>predicti</span> <span class='ocrx_word' id='word_1_305' title='bbox 1068 5819 1211 5888; x_wconf 88' lang='lat' dir='ltr'>iohanni</span> <span class='ocrx_word' id='word_1_306' title='bbox 1228 5820 1397 5905; x_wconf 83' lang='lat' dir='ltr'>inginiusi</span> <span class='ocrx_word' id='word_1_307' title='bbox 1415 5820 1666 5890; x_wconf 80' lang='lat' dir='ltr'>monstrarent</span> <span class='ocrx_word' id='word_1_308' title='bbox 1689 5821 1804 5907; x_wconf 85' lang='lat' dir='ltr'>ipsum</span> <span class='ocrx_word' id='word_1_309' title='bbox 1827 5822 1932 5889; x_wconf 87' lang='lat' dir='ltr'>alium</span> <span class='ocrx_word' id='word_1_310' title='bbox 1956 5837 2057 5890; x_wconf 87' lang='lat' dir='ltr'>ursus</span> 
     </span>
    </p>
   </div>
   <div class='ocr_carea' id='block_1_11' title="bbox 0 0 2612 7092">
    <p class='ocr_par' dir='ltr' id='par_1_13' title="bbox 0 0 2612 7092">
     <span class='ocr_line' id='line_1_29' title="bbox 0 0 2612 7092; baseline 0 0"><span class='ocrx_word' id='word_1_311' title='bbox 0 0 2612 7092; x_wconf 95' lang='lat' dir='ltr'> </span> 
     </span>
    </p>
   </div>
  </div>
 </body>
</html>
