5216 7092
606 611 667 672 182
1288 596 1453 669 counit
1496 597 1732 668 CAVENSIS
1779 695 1787 709 θ

565 841 794 932 incipientem
811 841 925 926 primo
943 859 1007 926 per
1023 843 1110 908 haec
1125 839 1232 926 fines3
1249 838 1291 907 de
1306 837 1421 922 prima
1432 855 1516 923 pars
1531 837 1619 922 quod
1634 839 1684 906 est
1700 855 1722 905 a
1736 837 1804 905 fine
1826 838 1902 924 ipsa
1918 841 2154 918 aecclaesiam,
2176 842 2256 911 inde
2278 847 2400 914 suntad

565 993 712 1062 extensa
728 993 872 1060 brachia
886 991 1038 1059 hominis
1053 990 1237 1060 mediocris
1252 1007 1404 1074 persona
1419 991 1514 1073 passi
1531 988 1785 1074 quadraginta:
1804 990 1846 1056 de
1862 985 2014 1058 secunda
2028 1009 2109 1076 pars
2124 991 2214 1077 quod
2237 995 2291 1060 est
2312 1011 2331 1060 a
2348 996 2402 1066 fine

563 1143 644 1227 ipsa
659 1145 756 1210 terra
777 1147 1003 1228 nostramque
1026 1143 1188 1211 donatori
1204 1142 1298 1228 passi
1322 1141 1550 1226 septuaginta
1573 1143 1740 1228 quinque:
1759 1141 1802 1209 de
1826 1143 1928 1209 tertio
1951 1145 2067 1233 capite
2083 1144 2173 1230 quod
2197 1148 2248 1215 est
2268 1163 2290 1212 a
2311 1148 2401 1216 medio

563 1295 677 1362 limite
692 1294 821 1362 andree
835 1295 900 1362 filii
917 1297 1004 1381 lupi,
1023 1295 1104 1363 inde
1120 1296 1203 1363 sunt
1217 1293 1308 1380 passi
1326 1293 1529 1378 sexaginta:
1548 1292 1591 1361 dc
1614 1296 1738 1378 quarta
1754 1313 1837 1380 pars
1863 1294 1953 1382 'quod
1979 1298 2032 1366 est
2058 1314 2081 1364 a
2107 1296 2230 1365 mediis
2256 1299 2400 1370 limitibus

566 1451 790 1536 nostramque
805 1450 966 1518 donatori
982 1452 1016 1519 et
1026 1450 1118 1535 petri
1134 1451 1199 1518 filii
1215 1449 1300 1529 sadi,
1316 1449 1396 1516 inde
1411 1451 1492 1516 sunt
1507 1449 1601 1533 passi
1612 1451 1807 1534 nonaginta
1818 1451 1970 1536 quinque
1984 1469 2091 1536 usque
2105 1451 2153 1517 im
2169 1452 2307 1537 prioras
2317 1453 2398 1522 fines.

441 1609 446 1622 ·
563 1603 658 1670 Inter
673 1603 739 1669 iste
754 1621 903 1688 namquo
919 1604 998 1673 finis
1014 1603 1049 1671 et
1064 1621 1224 1673 mensure
1240 1621 1306 1689 que
1322 1598 1530 1688 protegitur,
1548 1583 1592 1670 ox
1610 1583 1686 1686 ipsa
1699 1604 1795 1668 terra
1817 1603 1852 1669 et
1878 1603 1922 1670 de
1949 1603 2026 1688 ipsa
2053 1604 2278 1672 aecclessiam
2305 1606 2401 1674 taliter

562 1751 625 1820 tibi
648 1753 816 1821 donamus
837 1757 872 1823 et
894 1755 1153 1835 confirmamus,
1168 1757 1207 1821 ut
1230 1755 1280 1822 sic
1300 1757 1334 1822 te
1356 1753 1528 1839 percipiat
1550 1755 1672 1821 tollere
1694 1753 1738 1820 de
1753 1753 1925 1840 integram
1941 1754 2137 1837 portionem
2155 1754 2267 1839 ipsam
2283 1756 2400 1823 tertiam

561 1909 698 1989 partem
725 1904 769 1972 de
792 1905 910 1973 omnia
936 1909 971 1973 et
993 1907 1029 1971 in
1054 1906 1224 1984 omnibus
1250 1903 1439 1990 dequibus
1463 1905 1564 1971 modo
1591 1903 1727 1972 videtur
1750 1903 1798 1971 ibi
1821 1907 1925 1972 abere
1949 1907 1984 1971 ot
2006 1904 2131 1989 quibus
2153 1904 2191 1971 in
2219 1909 2322 1972 antea
2349 1905 2401 1974 deo

375 2123 384 2142 ,
553 2057 754 2124 auxiliante
776 2058 943 2143 paruerit.
969 2058 1042 2124 sive
1075 2057 1290 2125 offertionem
1313 2074 1374 2124 seu
1420 2105 1666 2122 .....
1715 2057 1755 2124 ut
1778 2017 1848 2123 non
1871 2057 2049 2140 presumat
2075 2055 2118 2122 do
2144 2055 2275 2124 nostris
2294 2057 2398 2142 aliquit

472 2169 477 2178 „
560 2206 797 2276 minuereve]
823 2208 1029 2275 subtrahere
1056 2207 1097 2274 ad
1126 2225 1222 2275 suam
1249 2208 1510 2292 proprietatem.
1535 2205 1578 2274 de
1601 2223 1668 2293 quo
1691 2223 1756 2291 pro
1790 2207 2135 2275 constabiliscendam
2163 2225 2230 2275 ano
2263 2211 2400 2276 nostram

560 2356 780 2426 donationem
802 2358 997 2443 recepimus
1019 2376 1041 2424 a
1062 2361 1097 2425 te
1120 2357 1179 2443 qui
1203 2375 1309 2442 supra
1330 2356 1530 2424 donatorem
1554 2356 1711 2423 nostrum
1734 2357 1907 2441 launegilt
1929 2355 2060 2424 camiso
2082 2375 2172 2443 uno;
2195 2357 2330 2426 finitum
2359 2363 2402 2427 est

561 2510 654 2576 enim
675 2514 727 2578 Ea
749 2511 882 2579 scilicet
904 2483 1090 2590 rationem,
1116 2512 1154 2576 ut
1175 2509 1298 2576 amodo
1320 2513 1355 2576 et
1380 2527 1517 2594 semper
1541 2511 1611 2575 tam
1634 2510 1754 2593 tuqui
1776 2507 2030 2594 supradictum
2046 2506 2248 2576 donatorem
2262 2513 2401 2577 nostrum

536 2637 664 2746 'quam
686 2665 721 2731 et
742 2664 812 2730 tuis
834 2663 1021 2732 heredibus
1046 2663 1278 2749 supradictam
1302 2665 1457 2730 nostram
1481 2662 1702 2729 donationem
1726 2663 1763 2730 in
1797 2663 1987 2746 integrum,
2012 2663 2103 2730 sicut
2136 2681 2243 2748 supra
2276 2663 2400 2746 legitur,

560 2815 692 2881 habere
714 2817 748 2881 et
772 2799 1117 2899 possiderebaleatis
1139 2818 1175 2883 et
1197 2815 1335 2884 faciatis
1361 2815 1488 2884 exinde
1504 2813 1804 2901 quemammodum
1820 2815 1885 2881 tibi
1907 2815 1962 2882 vel
1986 2813 2029 2881 ad
2045 2813 2116 2881 tuis
2134 2813 2327 2893 heredibus,
2343 2816 2404 2899 pla·

561 2966 684 3033 cuerit.
710 2969 745 3034 et
760 2970 826 3035 hoo
841 2971 1114 3054 repromittimus
1129 2988 1192 3040 nos
1208 2975 1243 3040 et
1258 2973 1396 3038 nostros
1418 2970 1562 3039 heredes
1578 2970 1774 3054 obligamus
1789 2968 1852 3036 tihi
1868 2971 1902 3038 et
1914 2969 1958 3036 ad
1974 2969 2044 3036 tuis
2066 2966 2261 3048 heredibus,
2277 2969 2315 3034 ut
2327 2969 2403 3034 hanc

561 3121 718 3188 nostram
734 3119 954 3190 donationem
971 3140 1033 3191 nos
1049 3123 1148 3191 vobis
1163 3123 1207 3188 ab
1230 3122 1389 3190 omnibus
1411 3123 1609 3190 hominibus
1623 3121 1790 3188 antistare
1805 3122 1841 3189 et
1862 3119 2048 3189 defendere
2070 3087 2254 3188 debeamus
2282 3137 2340 3204 per
2360 3117 2404 3184 in·

561 3275 653 3342 vitis.
673 3274 763 3358 quod
780 3275 809 3342 si
817 3293 891 3342 non
904 3275 1119 3360 potuerimus
1131 3276 1192 3342 aut
1207 3275 1432 3354 noluerimus,
1448 3275 1642 3360 ferquidum
1659 3273 1787 3341 donum
1803 3273 1904 3360 hirta
1919 3272 2022 3340 edicti
2036 3272 2149 3339 tinore
2163 3271 2201 3338 in
2212 3270 2329 3352 eodem
2339 3272 2403 3337 ioco

563 3425 658 3492 vobis
674 3441 880 3510 componere
896 3426 1123 3508 placitamus:
1140 3422 1184 3491 de
1199 3423 1348 3490 colludio
1365 3425 1493 3501 eutem,
1519 3424 1547 3490 si
1565 3441 1587 3490 a
1602 3441 1661 3492 vos
1683 3422 1813 3508 pulsati
1837 3421 2004 3490 fuerimus
2020 3421 2065 3489 ad
2080 3422 2201 3489 sancta
2222 3419 2279 3489 dei
2294 3421 2405 3502 myste

560 3576 628 3654 ria,
646 3577 731 3644 satis
748 3577 844 3644 vobis
859 3577 1028 3645 faciamus
1043 3577 1231 3646 secundum
1248 3578 1372 3661 legem,
1388 3579 1423 3643 et
1439 3578 1529 3643 hanc
1544 3580 1675 3644 cartam
1691 3578 1830 3644 firmam
1845 3578 1881 3644 et
1893 3575 2053 3644 stabilem
2070 3575 2274 3660 permaneat
2288 3573 2322 3640 in
2334 3587 2401 3656 per·

564 3731 667 3813 petuo
682 3731 848 3814 tempore.
869 3732 972 3808 Quem
989 3733 1024 3798 te
1040 3731 1172 3798 alarico
1187 3731 1314 3798 clerico
1329 3735 1433 3816 atque
1448 3731 1584 3800 notario
1601 3731 1720 3799 taliter
1736 3731 1888 3800 scribere
1903 3729 2104 3814 rogavimus
2119 3729 2155 3796 et
2169 3727 2320 3794 intertui.

623 3883 744 3948 Actum
762 3883 800 3950 in
816 3882 957 3950 civitate
972 3884 1101 3951 lucerie
1117 3883 1307 3953 indictione
1322 3883 1469 3954 feliciter

618 4005 730 4120 †ogo
748 4034 979 4119 teudetgrimo
995 4037 1167 4121 presbiter

616 4157 729 4271 †ego
745 4185 804 4272 qui
820 4204 926 4273 supra
941 4187 1098 4258 sadeltrit
1113 4183 1211 4257 iudas

557 4343 2192 4688 emenone-neg«

1996 4649 2002 4660 x

619 4713 728 4826 †ego
746 4742 914 4813 iohannes
930 4746 1077 4814 clericus

614 4865 643 4977 †
659 4909 726 4978 ego
742 4893 835 4960 maio
850 4893 1012 4963 diaconus
1028 4898 1064 4963 et
1080 4895 1310 4982 primicerius.

615 5224 638 5295 ⁴)
653 5241 708 5300 ogo
723 5225 798 5281 falco
814 5223 853 5281 itu
866 5223 947 5281 nobi.
1021 5264 1025 5272 .
