5286 7098
1034 614 1411 690 DIPLOMthCUS
2059 634 2096 696 ul

287 879 345 930 sos
368 861 572 946 octuaginta
585 879 660 939 seu,
679 861 790 927 totum
806 857 849 926 ad
872 858 970 926 iuxto
985 875 1125 943 passum
1141 859 1273 941 homini
1289 859 1540 928 mensuratum.
1559 861 1624 928 hec
1639 876 1722 928 vero
1737 870 1805 938 res‘,
1824 859 1970 945 qualiter
1985 863 2145 946 superius

285 1013 367 1084 finis
389 1016 423 1083 et
437 1014 612 1082 mensurio
627 1013 738 1100 posite
752 1015 845 1092 sunt,
862 1014 975 1079 totum
997 1012 1035 1079 in
1052 1011 1227 1096 integrum
1244 1029 1322 1078 cum
1339 1011 1453 1078 omnia
1468 1013 1561 1080 intro
1580 1033 1617 1082 se
1635 1013 1813 1082 abentibus
1833 1015 2057 1100 omnibusque
2072 1017 2144 1084 suis

242 1179 246 1186 ’
284 1135 508 1250 pertinentiis
529 1171 564 1232 et
588 1183 665 1232 cum
689 1163 763 1235 vice
785 1163 829 1246 de
853 1165 911 1231 bia
934 1182 997 1232 sua
1019 1163 1084 1230 tibi
1107 1163 1278 1231 nominati
1301 1164 1453 1248 gualleri
1476 1163 1691 1234 donavimus.
1718 1165 1809 1233 unde
1831 1165 1874 1234 de
1896 1167 2016 1234 inclita
2038 1169 2142 1236 rebus

286 1317 363 1402 ipsa
383 1317 478 1384 inira
493 1317 568 1401 ipse
584 1317 664 1384 finis
679 1319 714 1386 et
729 1317 905 1384 mensurio
928 1317 1059 1384 nullam
1082 1315 1181 1384 nobis
1203 1318 1256 1384 vel
1279 1316 1382 1384 uxori
1406 1335 1481 1386 mee
1503 1317 1561 1403 qui
1584 1335 1689 1402 supra
1712 1317 1870 1396 cristalli,
1891 1321 1951 1386 aut
1973 1320 2144 1403 genetrici

285 1485 429 1553 meaque
451 1468 580 1546 azzoni,
596 1469 650 1534 vel
674 1468 800 1552 cuiqua
822 1465 1022 1534 hominibus
1044 1468 1103 1533 aut
1126 1467 1163 1533 in
1187 1466 1308 1552 quabis
1332 1467 1490 1552 partibus
1505 1465 1631 1536 exinde
1646 1468 1772 1536 restitit
1787 1470 1846 1536 aut
1861 1469 2007 1539 dicimus
2030 1488 2144 1540 rema·

287 1635 373 1685 nere
395 1579 596 1704 sortionem5
621 1619 684 1696 set,
703 1619 792 1686 sicut
807 1619 967 1702 superius
989 1593 1155 1698 diaimus,
1182 1620 1255 1686 tota
1281 1621 1316 1686 et
1338 1620 1458 1688 inclita
1478 1607 1582 1688 rebus
1605 1621 1683 1705 ipsa
1705 1639 1768 1706 per
1791 1622 1866 1706 ipse
1889 1623 1968 1692 finis
1991 1625 2025 1690 et
2048 1642 2143 1692 men-

287 1770 382 1837 surie
404 1769 470 1838 tibi
492 1770 706 1851 donavimus,
726 1771 770 1839 ad
786 1769 952 1838 securiter
972 1789 1013 1837 ac
1030 1770 1178 1838 firmiter
1200 1770 1322 1838 amodo
1338 1773 1372 1838 et
1387 1789 1522 1856 semper
1538 1775 1576 1840 tu
1591 1774 1725 1858 tuisque
1743 1773 1925 1844 heredibus
1940 1775 2017 1843 illut
2039 1779 2143 1846 aben·

285 1919 381 2000 dum,
406 1922 662 2008 possidendum,
688 1922 949 2002 dominandum,
969 1919 1083 1991 omnia
1105 1923 1233 1991 exinde
1249 1923 1440 1992 faciendum
1458 1923 1547 2009 quod
1564 1925 1741 1995 volueritis
1756 1926 1885 2012 absque
1900 1926 2143 2014 cuiuscumque

287 2074 531 2142 contrarietate
552 2079 605 2144 vel
621 2076 858 2161 requisitione.
886 2081 921 2145 et
936 2093 1001 2160 pro
1016 2076 1290 2144 confirmandam
1314 2079 1348 2144 et
1371 2077 1650 2146 staviliscendam
1666 2081 1757 2146 hanc
1773 2081 1892 2146 nostra
1906 2079 2101 2160 donatione,
2121 2100 2143 2150 a

286 2227 460 2309 presentis
482 2201 709 2312 iuxta'legem
725 2231 899 2315 launegilt
915 2230 1107 2298 comuniter
1122 2247 1144 2297 a
1160 2233 1195 2297 te
1209 2229 1336 2296 exinde
1351 2231 1544 2315 recepimus
1558 2228 1738 2298 duodecim
1754 2230 1881 2298 solidos
1896 2233 1939 2300 de
1955 2233 2034 2312 tari,
2054 2233 2143 2301 sicut

285 2380 378 2446 inter
392 2397 456 2449 nos
471 2382 644 2449 combenit
659 2383 697 2449 in
713 2384 825 2451 omnis
840 2383 1101 2470 deliberatione;
1117 2384 1284 2468 finitoque
1300 2385 1469 2468 launegilt
1480 2384 1571 2470 apud
1584 2403 1647 2453 nes
1659 2402 1701 2453 ea
1711 2386 1855 2464 ratione,
1871 2405 1935 2471 per
1948 2404 2038 2454 vona
2052 2406 2143 2455 com·

285 2529 462 2601 benientia
484 2551 546 2603 nos
567 2535 724 2608 iamdicti
746 2537 902 2606 cristallo
916 2539 950 2606 et
972 2553 1050 2604 azzo
1076 2537 1206 2622 guadia
1228 2536 1291 2603 tibi
1315 2536 1462 2624 predicti
1486 2531 1635 2622 gualieri
1662 2536 1832 2616 dedimus
1857 2540 1892 2606 et
1917 2537 2140 2641 mediatorem

284 2683 349 2750 tibi
372 2685 549 2770 posuimus
567 2687 747 2772 jaquintus
770 2688 942 2756 castaldus
964 2689 1115 2772 cognato
1138 2705 1251 2756 meum
1273 2707 1339 2774 quc
1361 2689 1508 2758 cristalli
1530 2689 1624 2757 filius
1647 2687 1819 2775 quondam
1842 2687 1951 2755 totoni
1967 2689 2085 2757 clerici
2108 2692 2143 2756 et

284 2835 421 2924 abbati3
448 2841 484 2906 et
505 2811 567 2923 per
593 2840 671 2924 ipsa
693 2840 823 2924 guadia
846 2839 1077 2926 obligavimus
1094 2857 1157 2908 nos
1182 2841 1378 2926 nostrisque
1401 2840 1583 2910 heredibus
1613 2841 1737 2908 amodo
1761 2844 1797 2909 et
1815 2858 1951 2927 semper
1974 2836 2164 2911 antistan-'

284 2987 366 3055 dum
387 2991 422 3057 et
443 2990 693 3060 defensandum
718 2994 782 3062 tibi
805 2997 925 3080 tuique
949 2995 1134 3064 heredibus
1161 2995 1233 3062 tota
1259 2996 1293 3064 et
1314 2995 1437 3062 inclita
1459 2995 1698 3080 suprascripta
1731 2995 1852 3062 nostra
1877 2993 2065 3063 donatione
2094 2995 2141 3064 da

288 3141 399 3209 omnis
415 3143 570 3213 homines
593 3145 754 3232 omnique
768 3147 936 3231 partibus.
952 3146 1042 3232 quod
1058 3146 1089 3214 si
1104 3147 1222 3214 taliter
1237 3145 1317 3214 illut
1332 3147 1430 3214 vobis
1445 3145 1628 3215 defensare
1642 3163 1713 3214 non
1728 3147 1951 3231 potuerimus,
1969 3146 2139 3215 undenos
2198 3227 2201 3236 p

284 3267 478 3381 nostrisque
492 3295 674 3366 heredibus
688 3299 751 3366 tibi
766 3297 1086 3383 tuiqueheredibus
1100 3299 1175 3366 ausi
1190 3298 1358 3366 fuerimus
1375 3299 1504 3378 iurare,
1523 3301 1561 3365 ut
1582 3301 1742 3367 nostrum
1764 3315 1834 3366 non
1857 3300 1947 3368 esset
1968 3299 2127 3380 colludio,

288 3449 370 3514 tunc
385 3465 446 3518 nos
461 3449 656 3535 nostrisque
671 3449 857 3520 heredibus
872 3467 936 3534 per
952 3449 1030 3534 ipsa
1053 3449 1183 3533 guadia
1205 3448 1268 3516 tibi
1291 3450 1408 3535 tuique
1430 3449 1615 3518 heredibus
1637 3450 1758 3517 demus
1779 3449 1849 3517 alia
1871 3451 1969 3517 tanta
1983 3453 2018 3518 et
2032 3452 2135 3519 talem

290 3603 504 3671 consimilem
518 3622 593 3672 rem
609 3623 688 3673 cum
703 3606 776 3673 suis
790 3603 935 3674 edificiis
950 3605 986 3670 in
1001 3601 1121 3672 eodem
1138 3605 1225 3684 loco,
1244 3606 1355 3690 qualis
1371 3605 1442 3673 illis
1458 3605 1579 3673 diebus
1594 3607 1658 3672 hec
1673 3606 1796 3672 nostra
1809 3601 1995 3672 donatione
2016 3604 2143 3688 parue-

291 3754 348 3834 rit,
366 3759 401 3824 et
416 3757 510 3823 omni
525 3758 680 3842 tempore
695 3757 774 3826 illut
790 3757 887 3824 vobis
902 3755 1118 3825 defensemus
1133 3755 1179 3822 da
1202 3757 1314 3824 omnis
1330 3757 1488 3825 homines
1505 3758 1667 3842 omnique
1683 3757 1854 3841 partibus.
1873 3757 1962 3844 quod
1977 3759 2008 3825 si
2023 3757 2140 3825 taliter

280 3893 406 3975 'omnia
421 3909 656 3996 suprascripta
669 3929 732 3980 nos
748 3913 942 3996 nostrisque
958 3910 1143 3980 heredibus
1157 3909 1223 3977 tibi
1238 3911 1356 3994 tuique
1379 3909 1563 3980 heredibus
1586 3929 1656 3978 non
1679 3909 1993 3994 adimpleverimus,
2012 3911 2046 3976 et
2062 3927 2144 3994 que·

292 4059 451 4128 sierimus
466 4062 589 4148 aliquit
603 4063 731 4132 exinde
752 4081 931 4132 removere
946 4065 1007 4130 aut
1022 4065 1197 4142 contrane,
1216 4063 1251 4130 et
1265 4062 1503 4146 quodcumque
1519 4062 1735 4130 causationes
1750 4063 1846 4129 vobis
1862 4061 1942 4130 inde
1957 4079 2143 4147 preposue-

288 4213 406 4293 rimus,
430 4217 514 4282 tunc
536 4217 686 4302 primum
709 4219 860 4285 omnium
878 4218 1012 4303 questio
1027 4221 1062 4284 et
1076 4217 1231 4287 causatio
1245 4221 1367 4286 nostra
1382 4219 1415 4286 et
1431 4216 1473 4284 de
1490 4217 1619 4285 nostris
1642 4213 1823 4284 heredibus
1847 4214 1957 4283 modis
1980 4215 2139 4284 omnibus

287 4367 357 4435 sint
371 4367 500 4436 exinde
521 4371 630 4438 tacita
652 4373 698 4472 et
709 4390 829 4456 vacua,
846 4375 881 4440 et
896 4371 1047 4456 triginta
1061 4371 1138 4438 auri
1153 4369 1280 4438 solides
1296 4370 1507 4438 costantinus
1522 4386 1726 4454 componere
1742 4367 1970 4453 obligavimus
1992 4385 2056 4435 nos
2077 4387 2139 4436 nc-

284 4518 429 4604 strisque
451 4520 634 4590 heredibus
656 4491 719 4589 tibi
735 4524 853 4608 tuique
868 4521 1065 4601 heredibus,
1085 4523 1119 4589 et
1133 4539 1197 4606 per
1219 4519 1351 4602 imbitis
1367 4519 1484 4587 omnia
1507 4518 1746 4604 suprascripta
1761 4519 1857 4589 vobis
1873 4519 2135 4605 adimpleamus.

284 4673 319 4739 et
345 4672 480 4756 quando
502 4674 682 4744 volueritis
697 4693 759 4762 per
774 4693 834 4744 vos
849 4676 937 4762 ipsis
951 4675 1033 4744 inde
1047 4676 1138 4745 esset
1152 4675 1320 4754 auctores,
1339 4674 1440 4742 facite
1455 4690 1519 4742 nos
1535 4673 1729 4758 nostrisque
1743 4671 1927 4741 heredibus
1942 4671 2022 4740 inde
2038 4671 2139 4752 scire,

285 4826 320 4892 et
331 4823 426 4892 infra
439 4825 496 4894 die
507 4827 610 4894 tertia
620 4825 739 4898 demus
754 4829 851 4897 vobis
867 4827 1071 4915 supradicta
1086 4829 1223 4896 cartula
1237 4829 1345 4906 salba,
1362 4828 1398 4894 et
1412 4779 1582 4912 eum-ipsa
1597 4827 1729 4894 cartula
1742 4825 1776 4894 et
1791 4843 1870 4892 cum
1886 4823 2142 4893 alterationem

286 4993 390 5058 quam
407 4978 489 5046 iude
501 4980 680 5055 abueritis,
695 4983 899 5067 potestatem
911 4982 1047 5050 abeatis
1063 4981 1138 5050 vice
1152 4983 1272 5048 nostra
1287 4981 1325 5049 in
1340 4980 1500 5048 omnibus
1515 4977 1595 5048 inde
1609 4995 1754 5046 causare
1768 4978 1803 5076 et
1818 4977 1921 5044 finem
1937 4977 2050 5044 facere
2060 4993 2143 5061 qua-

286 5130 366 5198 liter
388 5131 504 5210 vultis,
522 5133 557 5199 et
571 5134 705 5200 cartula
719 5134 798 5218 ipsa
812 5135 898 5218 aput
913 5149 976 5201 nos
992 5133 1157 5202 remittite
1173 5132 1345 5202 abendum
1357 5132 1394 5199 in
1409 5130 1652 5217 suprascripta
1666 5128 1818 5214 ratione3
1831 5143 1914 5193 nam
1929 5123 2064 5211 quando
2079 5141 2142 5192 nos

287 5280 482 5364 quesieritis
496 5273 578 5352 inde
594 5285 697 5352 abere
713 5239 882 5365 auctores,
896 5303 961 5353 nos
977 5285 1091 5352 autem
1103 5282 1298 5367 nostrisque
1312 5281 1498 5350 heredibus
1512 5277 1726 5348 defensemus
1740 5277 1820 5344 illut
1834 5275 1897 5341 tibi
1911 5274 2030 5360 tuique
2045 5277 2143 5343 here-

287 5429 387 5501 dibus
401 5432 449 5501 da
462 5434 538 5520 ipsa
552 5453 663 5505 uxore
677 5456 757 5507 mea
771 5441 807 5507 et
821 5439 868 5506 da
883 5436 1040 5521 predicta
1053 5435 1232 5522 genetrice
1247 5452 1326 5502 mea
1340 5435 1376 5501 et
1389 5433 1434 5500 da
1448 5433 1562 5503 omnis
1576 5429 1734 5500 homines
1749 5428 1910 5514 omnique
1923 5427 2089 5513 partibus,
2108 5431 2161 5524 et

288 5587 403 5674 omnia
424 5586 522 5656 vobis
544 5587 820 5676 adimpleamus,
846 5594 1015 5678 quantum
1038 5592 1073 5658 et
1094 5587 1263 5676 quomodo
1286 5587 1446 5673 superius
1469 5585 1611 5671 legitur,
1641 5603 1705 5670 per
1727 5582 1962 5669 suprascripta
1988 5581 2142 5665 obligata

287 5757 390 5825 pena.
409 5740 445 5808 et
459 5738 577 5810 taliter
600 5741 752 5811 scribere
767 5743 967 5829 rogavimus
982 5743 1016 5810 te
1032 5742 1151 5828 petrus
1165 5739 1333 5808 notarius.
1354 5741 1469 5806 actum
1485 5737 1633 5804 salerno.
1660 5780 1664 5794 .

344 5864 374 5976 †
389 5909 459 5976 ago
476 5873 655 5963 richardus
671 5897 829 5964 notarius
