5252 7102
993 606 1368 682 [thLOMATlCUS
1420 619 1422 634 '
1454 619 1458 628 '
1996 619 2059 682 299

243 874 321 922 cum
339 872 445 921 unum
462 855 498 922 et
522 872 628 920 unum
652 854 822 931 salomon,
840 870 911 920 nna
934 851 1081 919 moralia
1104 851 1163 942 iop
1185 854 1221 919 et
1242 851 1313 920 dua
1335 852 1583 938 questionaria,
1602 858 1636 924 et
1659 856 1876 939 gestarulum
1894 855 1921 943 ¹)
1938 871 2054 934 unum,
2075 859 2109 924 et

245 1025 354 1073 unum
370 1006 508 1073 manule
535 1004 656 1084 serice,
675 1009 710 1072 et
725 1007 890 1073 sestaeem
905 1023 1028 1072 unum:
1047 1007 1111 1117 trec
1136 1006 1248 1074 omnis
1271 1005 1505 1092 suprascripta
1528 1008 1629 1074 rebus
1653 1007 1822 1085 sterilem,
1841 1009 1876 1075 et
1899 1023 2032 1092 pannos
2054 1024 2107 1075 se-

245 1159 337 1228 ricos
353 1163 387 1228 et
402 1159 537 1239 calices,
557 1163 590 1228 et
606 1161 761 1245 pateres,
775 1161 810 1228 et
827 1157 1001 1227 codicibus
1017 1158 1054 1225 in
1069 1158 1189 1227 eadem
1207 1161 1353 1229 ecclesia
1368 1163 1487 1230 sancte
1502 1161 1624 1240 marie,
1647 1179 1712 1247 que
1727 1179 1790 1230 nos
1806 1179 1828 1228 a
1844 1161 1934 1228 nobo
1952 1163 2109 1229 constru-

246 1310 365 1376 ximus
380 1309 593 1388 fundamine,
612 1311 690 1377 illut
705 1310 903 1394 optulimus.
923 1310 1039 1375 tamen
1062 1309 1142 1394 ipsa
1157 1311 1260 1376 rebus
1283 1311 1439 1378 stavilem
1464 1311 1512 1378 ibi
1537 1311 1739 1378 offeruimus
1763 1330 1838 1378 curn
1862 1311 1975 1379 omnis
1999 1295 2110 1379 moni-

248 1478 328 1528 men
343 1460 385 1527 dc
403 1460 488 1544 ipsis
504 1463 606 1528 rebus
621 1461 876 1546 pertinentibus
891 1465 925 1531 et
941 1480 1019 1528 cum
1037 1461 1112 1530 vice
1128 1461 1172 1529 de
1188 1462 1254 1530 biis
1269 1465 1305 1530 et
1319 1463 1450 1531 auditis
1465 1463 1551 1542 suis
1568 1464 1719 1549 qualiter
1744 1461 1820 1531 illut
1835 1466 1994 1548 paratum
2014 1463 2113 1530 abui·

248 1629 338 1690 mus,
357 1629 435 1679 enm
451 1613 610 1680 omnibns
626 1614 698 1681 suis
713 1613 936 1698 pertinentiis
951 1615 1002 1682 sie
1018 1615 1175 1682 inclitum
1191 1615 1270 1682 illut
1294 1615 1330 1682 in
1354 1614 1498 1682 eandem
1522 1617 1644 1684 sancta
1667 1615 1816 1684 ecclesia
1839 1595 2049 1683 offeruimus
2065 1616 2109 1682 ad

251 1761 421 1832 securiter
444 1767 478 1834 et
493 1759 639 1832 firmiter
655 1764 776 1833 amodo
792 1767 827 1833 et
841 1783 974 1851 semper
992 1784 1072 1851 pars
1089 1766 1196 1852 ipsius
1218 1767 1362 1835 ecclesie
1385 1767 1523 1852 eiusque
1545 1769 1698 1835 rectores
1721 1766 1857 1835 easdem
1880 1769 1983 1836 rebus
2009 1769 2113 1836 aben·
2156 1761 2158 1766 ’

247 1915 341 1997 dum,
361 1917 449 2002 quod
473 1919 632 2002 superius
654 1918 817 1997 diximus,
837 1918 1100 1997 dominandum,
1120 1918 1376 2004 possidendum,
1395 1921 1514 1986 omnia
1537 1919 1663 1988 exinde
1689 1919 1897 2000 laciendum,
1916 1920 2007 2005 quod
2030 1940 2114 2007 pars

252 2069 363 2154 ipsius
380 2071 524 2139 ecclesie
539 2071 723 2155 placuerit,
738 2073 862 2157 absque
875 2071 966 2138 omni
981 2053 1263 2158 contrarietatem
1276 2075 1311 2140 et
1326 2071 1585 2158 requisitionem
1602 2077 1719 2142 nostra
1735 2073 1793 2158 qui
1810 2090 1916 2159 supra
1932 2073 2113 2159 principos

250 2227 287 2292 et
311 2223 354 2292 de
376 2227 513 2294 nostros
535 2226 627 2292 filios
650 2227 685 2292 et
707 2225 853 2296 heredes
877 2229 936 2294 aut
959 2223 1117 2312 cuiquam
1141 2229 1350 2294 hominibus
1370 2231 1484 2312 preter
1508 2227 1618 2313 ipsum
1634 2228 1801 2296 molinum
1818 2226 1861 2296 de
1878 2229 1990 2295 locum
2015 2228 2112 2296 lirini

247 2375 363 2456 dubio,
383 2378 471 2464 quod
487 2381 647 2464 superins
662 2377 711 2446 ibi
731 2379 947 2460 offeruimus,
966 2399 1037 2448 non
1054 2383 1181 2448 abeant
1195 2383 1401 2466 potestatem
1418 2399 1502 2465 pars
1520 2381 1631 2466 ipsius
1654 2383 1796 2450 ecclesie
1819 2399 1882 2466 per
1906 2382 2029 2468 quavis
2052 2399 2112 2448 ra-

248 2535 376 2603 tionem
401 2537 455 2603 vel
480 2553 604 2602 umano
629 2537 773 2621 ingenio
796 2536 875 2604 illut
896 2535 981 2604 dare
1004 2555 1064 2603 seu
1088 2537 1256 2620 thignare
1278 2537 1334 2602 vel
1350 2534 1394 2601 ,in
1417 2535 1570 2619 qualibet
1587 2533 1745 2619 partibus
1762 2533 1929 2612 alienare,
1948 2535 2001 2601 set
2018 2551 2106 2600 sem·

246 2701 309 2766 per
331 2689 537 2769 permaneat
560 2686 597 2753 in
621 2687 698 2771 ipsa
720 2687 924 2773 ecclesiam3
950 2686 1036 2756 etsi
1059 2685 1218 2771 partibus
1242 2687 1352 2770 ipsius
1383 2687 1528 2756 ecclesie
1558 2704 1621 2771 per
1652 2688 1904 2784 qualecumque
1934 2683 2106 2751 rationem

133 2859 136 2867 ·
246 2837 301 2902 vel
319 2836 463 2920 ingenio
478 2837 592 2922 ipsum
611 2840 778 2905 molinum
797 2839 939 2907 cuilibet
954 2839 1110 2924 partibus
1127 2839 1212 2907 dare
1228 2817 1479 2925 presunpserit,
1498 2839 1742 2925 presentaliter
1764 2839 1923 2906 rebertar
1947 2839 1990 2906 ad
2016 2844 2111 2924 pote·

230 2993 375 3058 statem
390 2992 433 3059 dc
450 2996 587 3061 nostros
604 2994 760 3072 heredes,
778 2997 812 3063 et
835 2994 912 3078 ipsa
935 2993 1079 3062 heredes
1104 2997 1242 3063 nostras
1266 3013 1330 3080 per
1346 3012 1413 3060 unc
1428 2993 1573 3079 scriptio
1597 2993 1687 3061 siant
1710 2993 1879 3078 obligatas
1902 3011 1966 3077 per
1989 3010 2108 3060 omnes

248 3144 355 3223 vices,
373 3147 519 3229 quantos
535 3146 629 3230 ipsos
646 3147 715 3214 iam
731 3145 950 3234 supradictos
966 3145 1134 3213 molinum
1147 3144 1266 3212 datum
1278 3141 1436 3230 paruerit
1446 3144 1481 3214 et
1491 3142 1532 3210 ad
1549 3161 1665 3211 eorum
1679 3145 1883 3228 potestatem
1894 3144 2105 3229 pervenerit,

245 3293 380 3363 easdem
400 3297 566 3362 molinum
585 3297 621 3364 in
637 3296 783 3364 eandem
801 3298 948 3365 ecclesia
963 3297 1163 3365 mittendum
1181 3299 1216 3365 et
1232 3296 1464 3366 reducendum
1482 3299 1544 3364 suh
1567 3298 1641 3364 eius
1667 3265 1858 3364 dominium
1882 3295 1918 3363 in
1942 3295 2108 3363 iamdicta

243 3443 431 3516 rationem.
460 3451 507 3517 De
531 3466 598 3534 qua
620 3467 684 3516 nos
718 3448 911 3534 supradicti
946 3450 1117 3538 iohannes
1140 3454 1174 3516 et
1190 3447 1386 3534 ,sikelgaita
1408 3447 1539 3515 domini
1562 3446 1680 3514 Gratia
1702 3446 1879 3532 principes
1913 3447 2108 3532 obligamus

245 3600 449 3686 nostrosque
464 3601 554 3668 lilios
571 3605 605 3668 et
621 3602 765 3670 heredes
775 3623 785 3688 ;
803 3603 920 3669 tamen
935 3619 1001 3686 ego
1017 3600 1219 3687 supradicta
1234 3557 1362 3668 mulier
1377 3619 1441 3685 per
1460 3617 1665 3667 consensum
1682 3601 1717 3666 et
1738 3601 1962 3667 volumtatem
1986 3616 2108 3684 supra·
2140 3605 2150 3628 ·

245 3750 331 3818 dicti
346 3752 465 3821 domni
481 3755 624 3822 iohanni
641 3755 787 3840 gloriosi
803 3755 957 3841 principi
973 3755 1048 3822 viro
1065 3774 1160 3822 meus
1176 3760 1210 3823 et
1226 3774 1295 3823 nna
1311 3773 1388 3821 curn
1406 3755 1503 3822 illum
1528 3755 1721 3838 obligamus
1744 3770 1808 3821 nos
1831 3752 2008 3836 nostrique
2025 3751 2108 3819 filiis

245 3908 280 3972 et
302 3907 448 3976 heredes
472 3909 604 3976 amodo
618 3914 651 3980 et
676 3929 813 3996 semper
837 3908 1072 3978 antistandum
1095 3911 1129 3978 et
1152 3907 1397 3976 defensandum
1421 3869 1544 3974 inolita¹
1564 3904 1765 3990 supradicta
1792 3908 1945 3972 nostram
1970 3905 2107 3972 libatio-

243 4079 336 4141 nem,
356 4063 505 4146 qualiter
529 4063 686 4149 superius
712 4065 877 4144 diximus,
897 4065 934 4133 in
961 4063 1120 4149 predicta
1146 4064 1268 4130 sancta
1294 4062 1440 4129 ecclesia
1466 4063 1510 4127 ab
1537 4061 1697 4126 omnibus
1724 4056 1920 4125 hominibus
1947 4054 2106 4141 omnique

242 4213 411 4295 partibus.
430 4220 560 4300 preter,
580 4218 718 4302 quando
730 4238 791 4304 per
803 4239 839 4288 se
851 4220 945 4304 ipsos
956 4217 1128 4285 voluerint
1144 4214 1299 4301 partibus
1316 4213 1425 4300 ipsius
1441 4213 1585 4282 ecclesie
1601 4212 1677 4279 fieri
1694 4213 1832 4278 autores
1848 4212 1882 4276 et
1894 4209 2102 4285 defensores,

244 4362 423 4432 licentiam
439 4369 474 4434 et
489 4371 695 4454 potestatem
713 4372 840 4439 abeant
855 4369 928 4438 vice
943 4372 1063 4437 nostra
1090 4369 1127 4436 in
1155 4369 1314 4436 omnibus
1340 4365 1421 4434 inde
1449 4382 1594 4432 causare
1621 4365 1656 4430 et
1681 4347 1785 4429 finem
1814 4360 1936 4438 dicere,
1956 4357 2105 4442 qualiter

243 4519 427 4600 voluerint,
446 4527 481 4590 et
498 4542 560 4607 per
576 4543 612 4592 se
629 4525 708 4592 illut
732 4523 931 4611 defensare3
949 4543 1030 4591 nam
1049 4524 1079 4592 si
1102 4542 1167 4591 nos
1189 4521 1344 4590 iamdicti
1368 4518 1545 4605 principes
1568 4517 1769 4600 nostrosque
1792 4510 1882 4607 filios
1905 4515 1939 4580 et
1962 4510 2106 4579 heredes

244 4677 434 4758 quesierint
448 4679 607 4762 partibus
624 4678 733 4764 ipsius
749 4680 891 4748 ecclesie
907 4679 1011 4748 abere
1026 4679 1163 4746 autores
1179 4679 1214 4745 et
1228 4675 1437 4752 defensores,
1457 4671 1614 4758 partibus
1630 4668 1739 4753 ipsius
1763 4665 1905 4735 ecclesie
1927 4665 2106 4734 remittant

243 4827 285 4894 ad
303 4831 457 4896 nostram
471 4832 678 4915 potestatem
695 4832 807 4898 omnis
821 4832 996 4899 monimen
1013 4830 1056 4898 de
1072 4831 1158 4916 ipsis
1174 4831 1277 4898 rebus
1293 4824 1428 4895 sterilis
1443 4821 1664 4909 pertinentis,
1684 4819 1773 4906 qnod
1797 4816 1900 4884 modo
1923 4814 1968 4883 ad
1991 4815 2106 4882 desen-

244 4980 378 5048 sionem
396 4980 440 5048 ad
455 4980 613 5066 partibus
629 4982 738 5068 ipsius
752 4984 897 5052 ecclesie
919 5000 984 5068 pro
1008 4982 1093 5068 ipsis
1114 4983 1220 5049 rebus
1242 4978 1411 5056 dedimus,
1429 4979 1465 5043 et
1486 4992 1549 5042 nos
1562 4941 1652 5041 'illos
1675 4971 1904 5070 defensemus,
1923 4967 2011 5033 sient
2033 4964 2104 5032 iam

242 5132 407 5214 diximus,
426 5137 471 5202 ab
487 5135 600 5202 omnis
614 5136 773 5204 homines
790 5137 951 5224 omnique
965 5136 1138 5221 partibus.
1156 5138 1203 5204 De
1218 5151 1288 5219 qua
1304 5149 1367 5200 nos
1384 5133 1555 5198 iohannes
1571 5129 1605 5194 et
1622 5123 1806 5208 sikelgaita
1829 5118 1959 5188 domini
1983 5115 2105 5183 Gratia

242 5287 418 5372 principes
435 5289 630 5374 obligamus
646 5307 710 5358 nos
726 5290 903 5376 nostrique
919 5289 1001 5357 filiis
1015 5292 1050 5356 et
1071 5286 1228 5366 heredes,
1248 5289 1287 5353 ut
1310 5287 1340 5354 si
1364 5278 1499 5370 aliquit,
1517 5281 1559 5348 de
1582 5276 1751 5365 quomodo
1774 5271 1934 5358 superius
1956 5269 2101 5355 legitur,

242 5438 409 5522 quesierit
423 5441 599 5508 remobere
614 5442 674 5508 aut
689 5443 861 5520 contrare,
880 5443 915 5508 et
930 5442 1049 5508 taliter
1066 5439 1184 5507 omnia
1198 5436 1438 5524 suprascripta
1460 5452 1529 5501 non
1552 5426 1858 5514 adimpleberimus
1880 5423 1923 5490 ad
1946 5423 2104 5509 partibus

243 5591 355 5676 ipsius
371 5591 524 5670 ecclesie,
542 5593 626 5660 tunc
649 5611 711 5678 per
734 5593 860 5660 bonam
888 5591 1176 5662 combenientiam
1204 5592 1399 5675 obligamus
1427 5602 1490 5652 nos
1518 5581 1697 5666 nostrique
1721 5578 1805 5649 filiis
1830 5579 1864 5647 ct
1889 5575 2033 5645 heredes
2060 5572 2103 5640 ad

300 5880 325 5954 ⁴)
343 5881 524 5954 declaratum,
540 5884 623 5942 idest·
633 5889 820 5956 amictorium.
