5286 7098
983 651 1351 734 triptottnr‘lobs
2003 669 2042 732 43

238 905 310 967 tum
333 899 362 966 si
386 901 529 984 parutus
553 898 670 975 fuerit,
696 895 787 981 quod
812 896 887 962 illut
909 911 975 978 ego
999 895 1035 960 in
1060 893 1261 962 beneficium
1285 893 1439 961 tenuero.
1467 895 1556 980 <pared
1580 895 1609 964 si
1633 897 1759 975 taliter,
1787 897 1992 982 utsuperius
2007 899 2096 982 tegi-

235 1057 304 1132 tur,
329 1053 416 1120 mibi
433 1071 505 1119 non
528 1050 782 1136 adimpleberit,
801 1023 882 1116 tunc
898 1067 958 1133 per
981 1048 1057 1132 ipsa
1080 1046 1207 1132 guadio
1230 1047 1425 1132 bobligabit
1446 1052 1541 1122 sect
1562 1068 1642 1118 suos
1657 1051 1801 1120 heredes
1823 1051 1866 1119 ad
1886 1069 2095 1136 componen-

236 1205 318 1272 dum
343 1205 442 1284 rnibi,
468 1223 528 1274 seu
543 1205 599 1271 oui
617 1205 755 1272 brebem
779 1201 844 1271 iste
866 1201 901 1267 in
929 1220 1070 1268 manum
1097 1201 1263 1286 paruerit,
1289 1201 1407 1268 decem
1431 1203 1558 1270 solidos
1577 1203 1799 1280 costantinos,
1825 1207 1945 1290 etipse
1961 1206 2092 1274 eicerus

235 1357 394 1442 apposuit
417 1359 452 1424 et
474 1355 644 1441 obligabit
670 1373 708 1422 se
730 1355 830 1422 nobis
853 1352 895 1420 ad
918 1352 1174 1438 pignerandum
1197 1353 1310 1422 omnis
1334 1354 1485 1439 pignera
1508 1372 1570 1421 sua
1597 1355 1755 1439 legitima
1778 1374 1878 1442 quam
1902 1361 1935 1425 et
1962 1358 2090 1440 inlegi-

234 1511 331 1578 tima.
358 1511 393 1576 et
414 1511 508 1577 bunc
533 1511 669 1577 brebem
694 1507 816 1592 scripsi
842 1525 907 1588 ego
932 1504 1173 1573 constantinus
1197 1505 1353 1572 notarius
1376 1507 1435 1590 qui
1460 1508 1615 1584 interfui,

296 1639 575 1751 †Qmmm

293 1787 405 1903 †ego
421 1813 618 1883 romoaldus
638 1911 640 1914 Ι

294 1939 323 2052 †
338 1983 405 2052 ego
420 1964 652 2050 agbenardus

1023 2473 1303 2554 CCXLVI.

1015 2719 1070 2796 A.
1108 2719 1158 2797 D.
1195 2717 1299 2798 966.

293 2975 390 3111 †1n
412 3025 553 3094 nomine
576 3027 706 3093 domini
731 3027 906 3094 tricesimo
930 3027 1054 3111 quarto
1081 3042 1172 3094 anno
1194 3026 1412 3111 principatus
1424 3025 1541 3093 domni
1555 3026 1666 3093 nostri
1690 3026 1807 3110 gisolfi
1830 3029 1981 3112 glorioso
1998 3028 2094 3112 prin-

223 3195 327 3265 ceps,
353 3195 472 3247 mense
495 3179 669 3247 hoctubrii
692 3178 827 3246 decima
854 3178 1054 3248 indictione.
1081 3180 1360 3249 memoratorium
1384 3181 1475 3246 factu
1499 3198 1521 3246 a
1548 3197 1604 3247 me
1626 3181 1744 3264 petrus
1755 3181 1926 3266 presbiter
1937 3183 1971 3248 et
1986 3185 2092 3249 abbas

234 3335 351 3400 rector
373 3334 517 3402 ecclesie
540 3334 652 3401 saneti
677 3331 833 3411 maximi,
857 3350 898 3400 eo
922 3331 1010 3418 quod
1035 3333 1235 3422 innoceria
1257 3336 1338 3401 ante
1362 3335 1538 3419 presentia
1561 3334 1652 3420 petri
1679 3333 1830 3418 gastaldi
1861 3335 1896 3401 et
1924 3333 2092 3400 subscrib-

236 3487 349 3553 torum
371 3485 510 3555 testium
534 3485 716 3553 lavorandi
742 3484 865 3555 ordine
887 3484 1033 3553 tradidit
1056 3485 1166 3573 atique
1189 3486 1283 3555 dedit
1306 3487 1395 3554 mari
1418 3489 1511 3556 filius
1535 3487 1726 3578 amelgardi
1744 3506 1811 3556 una
1826 3486 1923 3572 pecia
1938 3486 1981 3554 de
1998 3489 2093 3554 terra

233 3659 311 3708 cum
335 3640 516 3709 arvoribus
541 3641 670 3718 vitatis,
697 3660 798 3725 quem
822 3640 867 3707 da
892 3641 967 3724 ipso
990 3641 1080 3708 mari
1104 3641 1301 3709 conbincuit
1323 3659 1387 3728 pro
1410 3642 1569 3727 partibus
1591 3642 1702 3726 ipsius
1723 3641 1877 3720 ecclesie,
1895 3659 1962 3725 que
1985 3645 2038 3708 est
2056 3642 2092 3707 in

234 3795 345 3858 locum
380 3795 593 3861 barvazzanu
617 3793 672 3860 ubi
704 3791 894 3861 rusticianu
917 3790 1066 3872 dicitur,
1093 3813 1158 3879 que
1181 3795 1284 3862 babet
1307 3795 1413 3861 finis:
1439 3794 1482 3862 de
1517 3794 1627 3861 tribus
1654 3794 1812 3878 partibus
1842 3792 1912 3860 tine
1946 3793 2089 3861 ecclesie

235 3943 345 4010 sancti
368 3943 528 4023 maximi,
554 3947 588 4014 et
610 3943 651 4013 de
673 3961 745 4011 una
770 3947 867 4029 parte
889 3945 959 4012 dne
982 3945 1049 4011 via.
1074 3947 1139 4012 bec
1163 3946 1233 4011 tota
1259 3945 1335 4028 ipsa
1358 3944 1579 4030 peciaipsius
1595 3944 1733 4012 maniat
1751 3942 1974 4012 lavorandum
1990 3941 2084 4011 dedit

235 4096 396 4181 usquein
421 4095 592 4180 quadtuor
615 4114 723 4163 annos
746 4096 932 4180 completos
956 4095 1018 4162 tali
1042 4094 1175 4174 ordine,
1202 4099 1239 4161 ut
1262 4094 1385 4162 amodo
1407 4096 1442 4161 et
1464 4111 1570 4180 usque
1593 4094 1658 4178 ipsi
1688 4095 1845 4179 quattuor
1876 4111 1982 4160 annos
2017 4095 2088 4161 suis

236 4247 446 4333 temporibus
469 4263 528 4314 eos
550 4248 710 4314 lavorare
732 4245 775 4313 de
799 4264 904 4331 super
931 4249 966 4312 et
991 4245 1034 4312 de
1056 4246 1185 4321 subter,
1213 4248 1250 4312 ut
1273 4247 1358 4312 bene
1378 4247 1501 4328 pareat
1523 4245 1715 4312 lavoratum
1743 4244 1778 4311 et
1789 4244 1966 4320 cultatum,
1981 4245 2013 4310 et
2029 4243 2087 4308 ubi

235 4401 409 4478 meruerit,
427 4416 566 4469 arvores
588 4400 624 4465 et
646 4399 733 4467 vites
748 4416 809 4466 eos
826 4396 952 4466 ividem
977 4399 1136 4482 plantare
1158 4399 1193 4464 et
1215 4396 1461 4483 propaginare,
1483 4398 1518 4464 et
1532 4413 1633 4463 omne
1656 4413 1786 4462 annum
1802 4412 1865 4480 per
1882 4395 1956 4479 ipse
1972 4393 2089 4462 vinde-

235 4551 300 4620 mie
321 4551 421 4620 daret
442 4551 543 4618 nobis
565 4555 600 4619 ot
627 4553 663 4619 iu
688 4551 846 4636 partibus
869 4549 977 4634 ipsius
1000 4550 1145 4617 ecclesie
1172 4548 1393 4617 medictatem
1417 4549 1491 4634 ipso
1510 4549 1641 4626 vinum,
1668 4549 1702 4614 et
1724 4546 1791 4614 sibi
1814 4547 1941 4614 babeat
1964 4545 2089 4612 medie·

236 4704 337 4770 tatem
350 4725 360 4789 ;
384 4707 419 4771 et
441 4703 522 4771 dum
547 4721 652 4788 super
678 4703 756 4788 ipsa
778 4701 952 4769 vindemia
974 4720 1038 4768 nos
1061 4703 1120 4768 aut
1146 4701 1269 4768 missos
1292 4702 1427 4770 nostros
1457 4699 1665 4776 steterimus
1691 4697 1788 4766 daret
1812 4699 1912 4766 nobis
1943 4697 2088 4766 mandu-

235 4873 314 4923 care
336 4859 372 4924 et
395 4857 523 4935 vibere,
549 4855 638 4924 sicut
660 4855 718 4923 ille
740 4854 1000 4923 manducaberit
1027 4857 1061 4921 et
1083 4853 1207 4921 viberit
1232 4855 1269 4920 in
1295 4871 1376 4922 casa
1410 4873 1485 4931 sua,
1508 4855 1542 4920 ct
1571 4852 1647 4935 ipsa
1679 4849 1865 4918 medietate
1895 4850 2014 4916 nostra
2048 4849 2089 4917 de

238 5009 311 5091 ipso
334 5009 452 5076 vinum
477 5009 536 5077 ille
558 5008 741 5078 adduceret
762 5007 862 5076 nobis
885 5009 942 5074 bic
964 5007 1001 5073 in
1025 5005 1171 5074 nuceria
1192 5006 1236 5074 ad
1259 5007 1327 5091 ipsi
1352 5005 1469 5091 pariti,
1494 5007 1529 5072 et
1551 5003 1752 5072 terraticum
1785 5001 1829 5068 de
1858 5001 1936 5086 ipsa
1967 4999 2088 5068 eadem

238 5169 328 5231 terra
343 5163 448 5231 daret
462 5163 559 5230 nobis
575 5165 609 5230 et
623 5163 660 5230 in
676 5163 833 5248 partibus
846 5161 955 5246 ipsius
970 5159 1112 5228 ecclesie
1126 5159 1313 5226 secundum
1330 5119 1607 5226 consuetudinem
1624 5156 1666 5224 de
1689 5155 1763 5240 ipso
1779 5157 1902 5221 locum.
1921 5153 1952 5218 si
1974 5155 2088 5220 autem

240 5319 309 5403 ipse
325 5318 415 5387 mari
427 5317 546 5387 eteius
558 5316 703 5385 heredes
720 5314 842 5384 amodo
854 5316 889 5381 et
900 5331 1005 5398 usque
1020 5314 1096 5398 ipso
1112 5311 1336 5380 constitutum
1351 5311 1393 5378 de
1408 5327 1512 5394 super
1528 5311 1561 5377 et
1576 5307 1619 5374 de
1635 5308 1752 5374 subter
1767 5305 1843 5390 ipsa
1857 5305 1977 5372 eadem
1989 5306 2089 5390 pecia

237 5475 277 5544 de
288 5478 384 5544 terra
399 5491 474 5542 cum
489 5472 671 5588 furoribus
686 5470 805 5536 vitatis
821 5484 890 5534 non
907 5467 1084 5533 lavoraret
1098 5467 1132 5533 et
1146 5465 1297 5531 cultarct
1310 5463 1381 5532 suis
1397 5460 1621 5545 temporibus,
1639 5459 1674 5526 et
1696 5455 1918 5523 medietatem
1941 5454 2017 5539 ipso
2041 5457 2092 5522 ui-

237 5647 316 5695 num
332 5632 368 5696 et
381 5629 457 5712 ipso
472 5626 672 5696 terraticum
688 5641 789 5690 omne
805 5629 935 5688 annum
951 5619 1049 5686 nobis
1063 5620 1098 5686 et
1113 5617 1151 5685 in
1166 5616 1324 5702 partibus
1341 5613 1449 5699 ipsius
1475 5611 1618 5678 ecclesie
1644 5627 1713 5676 non
1740 5581 1874 5677 dederit
1900 5611 1934 5676 et
1960 5608 2087 5688 omnia,

238 5783 383 5866 qualiter
400 5780 606 5867 prelegitur,
624 5777 725 5846 nobis
740 5779 774 5842 et
790 5775 826 5840 in
841 5774 1049 5859 prephatam
1064 5771 1209 5838 ccclesia
1223 5787 1293 5836 non
1310 5763 1565 5850 adimpleberit,
1585 5765 1670 5830 etat
1692 5763 1899 5848 completum
1923 5761 2088 5858 constitu-

238 5939 306 6003 tum
322 5937 402 6021 ipsa
411 5931 530 6004 eadem
547 5931 646 6016 peoia
661 5930 704 5997 de
721 5933 817 5998 terra
833 5929 869 5994 at
884 5927 1050 6012 potestate
1064 5925 1186 5992 nostra
1200 5927 1235 5990 et
1258 5920 1367 6006 ipsius
1390 5917 1533 5986 ecclesie
1557 5935 1627 5982 non
1651 5915 1841 5992 hemiserit,
1861 5913 2032 5998 obligavit
2055 5932 2090 5982 se
