5286 7098
1031 577 1400 650 diplomaticus
2057 592 2097 652 75

288 821 364 904 ipsa
378 821 540 888 chartula
556 820 807 904 langovardica
823 819 986 899 continet,
1006 836 1107 905 quam
1124 819 1224 886 nobis
1241 818 1322 886 lecit
1344 835 1428 902 pars
1451 819 1604 903 episcopi
1628 818 1843 898 salernitani,
1862 821 1997 886 havetis
2020 818 2147 886 exinde

291 993 349 1043 ros
363 977 398 1041 et
413 973 520 1042 vestri
537 971 681 1042 heredes
697 972 913 1042 medietatem
931 977 965 1041 et
981 992 1045 1041 nos
1059 975 1094 1040 et
1109 971 1222 1038 nostri
1237 971 1384 1039 heredes
1401 969 1636 1050 medietatem,
1650 975 1688 1038 ut
1711 973 1829 1040 omnia
1852 991 1956 1040 causa
1978 973 2021 1040 de
2044 973 2142 1051 sonti,

289 1128 454 1210 quantum
471 1143 534 1210 per
551 1125 663 1209 ipsam
681 1128 878 1193 chartulam
896 1123 1182 1210 langovardicam
1200 1125 1365 1190 hauemus
1388 1123 1570 1206 scripturn,
1589 1123 1723 1207 partire
1745 1122 1931 1191 deveamus
1953 1141 2017 1192 uos
2040 1127 2074 1191 et
2090 1141 2155 1191 vos

291 1295 355 1361 per
371 1275 590 1346 medietatem
608 1280 642 1344 et
658 1295 719 1362 per
742 1295 805 1344 sex
830 1279 949 1344 uncias
965 1277 1075 1343 solum
1092 1278 1256 1360 quantum
1275 1273 1401 1342 ividem
1418 1273 1592 1360 pastinari
1610 1293 1676 1358 ego
1692 1293 1767 1340 cum
1785 1293 1861 1342 meo
1883 1275 2067 1362 expendi03
2092 1276 2150 1342 de-
2168 1307 2180 1324 ν

290 1447 389 1497 veam
414 1428 544 1498 exinde
568 1429 688 1498 tollore
711 1446 778 1513 ego
794 1417 1014 1498 medietatem
1030 1445 1095 1512 pro
1112 1429 1189 1513 ipsa
1204 1428 1447 1512 pastinatione,
1466 1427 1591 1510 etipsa
1607 1427 1676 1494 alia
1691 1426 1885 1495 medietatis
1901 1427 1968 1494 siat
1982 1430 2100 1494 nostra
2115 1429 2150 1495 ct

294 1584 422 1680 vestra,¹
435 1582 676 1651 etdividamus
688 1600 745 1652 eos
758 1585 866 1650 noset
883 1603 943 1651 uros
960 1601 1021 1668 per
1039 1581 1267 1660 medietatem,
1286 1581 1375 1649 sicut
1398 1584 1468 1646 iam
1493 1580 1657 1658 diximus,
1676 1582 1710 1646 et
1733 1582 1768 1646 in
1792 1579 1952 1648 omnibus
1975 1580 2150 1658 uobiscum

289 1733 418 1810 exinde
435 1733 663 1802 diffinivimus
686 1737 721 1800 et
744 1721 919 1802 emisimus
943 1732 1039 1801 vobis
1055 1731 1182 1800 exinde
1198 1751 1264 1799 ano
1279 1733 1475 1816 plenariam
1492 1732 1710 1798 securitatem
1728 1729 1766 1797 in
1783 1748 1921 1798 ornnem
1937 1731 2153 1812 deliveratio-

288 1904 371 1954 nem
394 1889 428 1954 et
445 1887 482 1953 in
500 1904 637 1953 omnem
653 1887 902 1967 decisitiouem,
922 1892 960 1954 ut
975 1889 1004 1956 si
1021 1906 1083 1972 per
1106 1888 1226 1972 quovis
1242 1889 1408 1971 tempore,
1427 1904 1490 1970 per
1506 1885 1626 1970 quovis
1642 1885 1852 1964 modumve]
1868 1877 2060 1970 ingenium,
2078 1887 2152 1953 sive

289 2055 355 2106 nos
377 2040 437 2105 aut
459 2037 603 2107 heredes
626 2038 748 2114 nostri,
768 2056 827 2104 vos
843 2039 903 2104 aut
920 2037 1062 2106 heredes
1085 2038 1190 2105 vestri
1207 2036 1332 2105 exindo
1347 2054 1492 2121 querere
1509 2040 1569 2102 aut
1592 2039 1754 2104 contrare
1776 2037 2074 2120 presumserimus,
2100 2057 2150 2106 se-

291 2191 442 2274 xaginta
465 2192 658 2273 bytianteos
680 2192 776 2258 vobis
799 2209 1005 2276 componere
1027 2193 1273 2277 promittimus,
1293 2192 1327 2258 et
1341 2209 1379 2258 ec
1402 2192 1563 2258 chartula
1585 2189 1631 2256 sit
1653 2189 1766 2256 firma.
1786 2192 1903 2275 preter
1920 2207 2150 2280 memoramus

290 2342 333 2409 de
356 2347 520 2428 quantum
543 2344 749 2427 pariendum
775 2342 879 2412 luerit
902 2343 991 2428 quod
1014 2361 1079 2428 ego
1104 2343 1230 2412 ividem
1254 2341 1495 2427 pastiuassem,
1521 2343 1702 2426 postquam
1725 2340 1805 2406 lecit
1828 2341 1933 2408 michi
1955 2341 2148 2408 chartulam

290 2512 374 2578 pars
389 2494 555 2580 episcopii
571 2495 787 2573 salernitani,
807 2495 1001 2562 cl'etantum
1024 2494 1130 2563 deveo
1153 2495 1277 2562 tollere
1300 2493 1518 2562 medietatem
1544 2511 1607 2576 pro
1630 2493 1708 2576 ipsa
1730 2472 1973 2577 pastinatione.
1999 2469 2078 2575 quia
2101 2493 2151 2558 sio

291 2645 389 2714 nobis
405 2645 499 2714 stetit
514 2649 595 2712 anta
610 2645 783 2729 presentia
802 2646 950 2714 testium.

351 2767 380 2880 †
401 2813 467 2880 ego
483 2759 601 2863 taurus
618 2796 710 2862 lilius
725 2796 887 2880 stephani
902 2794 945 2862 de
961 2795 1081 2878 lupino
1097 2796 1222 2861 comite
1238 2793 1280 2861 de
1296 2793 1432 2861 marino
1448 2793 1570 2858 comite
1586 2794 1683 2881 testis
1698 2812 1773 2860 sum
1797 2765 1826 2877 †

350 2922 378 3030 †
401 2951 563 3034 pantaleo
586 2948 679 3016 filius
703 2949 810 3015 leonis
833 2947 875 3016 de
898 2951 998 3013 tauro
1021 2947 1064 3012 de
1088 2949 1186 3014 leone
1208 2947 1333 3013 comite
1355 2946 1451 3015 testis
1473 2964 1547 3012 sum

350 3074 378 3187 †
400 3119 467 3192 ego
483 3104 537 3169 leo
553 3102 644 3169 filius
660 3101 772 3167 mauri
790 3100 833 3168 de
850 3101 1018 3186 gregorio
1033 3101 1156 3167 comite
1170 3100 1267 3167 testis
1283 3118 1358 3166 suun

348 3225 377 3338 †
400 3271 467 3337 ego
489 3271 592 3320 ursus
615 3252 728 3320 scriva
750 3252 886 3336 scripsi.

1081 3851 1360 3932 CCLXXI.

1081 4128 1135 4203 A.
1175 4127 1226 4204 D.
1262 4121 1365 4202 972.

352 4411 386 4545 †
409 4465 447 4528 ln
465 4464 605 4529 nomine
622 4457 753 4524 domini
770 4456 1038 4541 quadragesimo
1054 4471 1147 4536 anno
1164 4453 1378 4538 principatus
1393 4451 1509 4517 domni
1526 4449 1634 4516 nostri
1659 4451 1774 4534 gisolfi
1798 4451 1941 4534 gloriosi
1967 4452 2147 4536 principis,

298 4633 415 4684 mense
428 4615 607 4683 december
622 4615 738 4698 prima
754 4610 953 4678 indictione.
974 4605 1256 4675 memoratorium
1281 4606 1407 4672 sactum
1432 4622 1452 4670 a
1474 4603 1574 4670 nobis
1597 4605 1716 4686 petrus
1739 4603 1830 4670 filius
1854 4605 1978 4688 papari
2002 4609 2036 4670 at
2059 4605 2148 4672 mari

296 4767 391 4836 filius
405 4769 625 4853 ermengari,
637 4785 677 4834 eo
693 4765 782 4850 quod
799 4767 878 4832 ante
893 4763 1079 4848 subscripti
1096 4763 1200 4829 testes
1217 4779 1278 4845 per
1297 4762 1385 4825 bona
1400 4756 1650 4824 comtenieutia
1664 4757 1810 4824 tradidit
1825 4759 1923 4824 nobis
1938 4757 2080 4826 adell'eri
2092 4775 2147 4824 ca-

296 4920 426 4990 staldus
441 4919 534 4987 filius
549 4918 721 5004 (larundam
740 4919 895 4986 moncole
910 4935 981 4984 una
996 4917 1094 5001 pecia
1110 4914 1153 4982 de
1168 4918 1273 4990 terra,
1292 4911 1381 4997 quod
1398 4910 1524 4978 mulier
1540 4910 1681 4976 nornine
1704 4909 1861 4993 iaquinta
1877 4927 1966 4976 uxor
1983 4910 2057 4977 eius
2073 4909 2147 4976 fllia

299 5072 473 5158 quondam
491 5071 634 5157 iaquinti
653 5057 757 5138 habet
772 5072 809 5136 in
826 5072 937 5136 locum
955 5069 1153 5136 correciano
1168 5068 1295 5134 finibus
1311 5065 1546 5142 salernitanis,
1562 5082 1624 5148 per
1639 5081 1676 5130 as
1688 5063 1767 5130 finis
1778 5065 1812 5130 et
1823 5061 2007 5130 mensuria:
2023 5060 2065 5126 de
2078 5079 2148 5126 una

296 5229 396 5323 parte
418 5227 488 5293 line
511 5225 600 5292 sicut
616 5223 695 5306 ripa
706 5222 749 5289 de
761 5223 848 5289 caba
863 5221 1040 5298 discernit,
1060 5220 1227 5304 quomodo
1242 5218 1400 5295 rebolvit,
1415 5219 1496 5284 sunt
1509 5215 1636 5285 exinde
1648 5215 1738 5299 passi
1752 5212 1973 5298 septuaginta
1983 5211 2144 5295 quinque:

298 5395 320 5443 a
338 5377 496 5461 partibus
512 5373 658 5442 meridie
670 5373 737 5462 fine
751 5373 841 5458 petri
858 5371 973 5440 clerici
990 5370 1053 5437 filii
1070 5371 1189 5454 potoni
1205 5377 1239 5437 et
1255 5370 1323 5436 line
1339 5386 1480 5453 meaque
1495 5367 1636 5434 nornine
1650 5365 1738 5430 mari
1754 5367 1789 5430 et
1801 5363 1944 5447 iaquinti
1962 5379 2147 5446 germanus

207 5544 211 5550 ·
295 5545 404 5604 meus,
423 5529 513 5594 sicut
528 5525 750 5595 terminatum
767 5527 829 5601 est,
848 5527 929 5590 sunt
944 5521 1068 5589 exinde
1085 5521 1176 5606 passi
1192 5520 1376 5604 sexaginta
1392 5519 1553 5604 quinque:
1572 5518 1615 5581 ab
1629 5513 1773 5582 orientis
1796 5514 1864 5582 fine
1887 5513 1996 5597 ipsius
2019 5515 2144 5598 papari

298 5679 449 5763 genitori
466 5697 541 5746 meo
558 5677 662 5762 petri,
681 5681 715 5744 et
730 5675 812 5743 inde
827 5677 908 5742 sunt
922 5675 1014 5758 passi
1031 5673 1261 5759 quadraginta
1276 5691 1336 5740 sex
1353 5670 1396 5738 ad
1413 5671 1501 5737 iusto
1518 5685 1656 5753 pamum
1673 5667 1804 5737 homini
1821 5669 2065 5736 mensuratum.
2081 5667 2145 5732 hec
2169 5743 2172 5750 Ι

297 5847 379 5898 vero
395 5833 510 5908 rebus,
531 5830 678 5914 qualiter
695 5829 852 5912 superius
873 5829 952 5894 finis
976 5828 1086 5912 posite
1108 5829 1187 5894 suut
1214 5828 1247 5892 et
1271 5823 1544 5908 mensuriaipsa
1567 5823 1750 5906 percurrit,
1770 5825 1842 5889 tota
1864 5825 1899 5889 et
1922 5821 2042 5887 inclita
2067 5837 2143 5884 curn
