<?xml version="1.0" encoding="UTF-8"?>
<!DOCTYPE html PUBLIC "-//W3C//DTD XHTML 1.0 Transitional//EN"
    "http://www.w3.org/TR/xhtml1/DTD/xhtml1-transitional.dtd">
<html xmlns="http://www.w3.org/1999/xhtml" xml:lang="en" lang="en">
 <head>
  <title>
</title>
<meta http-equiv="Content-Type" content="text/html;charset=utf-8" />
  <meta name='ocr-system' content='tesseract 3.04.00' />
  <meta name='ocr-capabilities' content='ocr_page ocr_carea ocr_par ocr_line ocrx_word'/>
</head>
<body>
  <div class='ocr_page' id='page_1' title='image "./codexdiplomatic07aragoog_0258.png"; bbox 0 0 5216 7092; ppageno 0'>
   <div class='ocr_carea' id='block_1_1' title="bbox 961 611 2023 694">
    <p class='ocr_par' dir='ltr' id='par_1_1' title="bbox 961 611 2023 694">
     <span class='ocr_line' id='line_1_1' title="bbox 961 611 2023 694; baseline 0.008 -10"><span class='ocrx_word' id='word_1_1' title='bbox 961 611 1332 684; x_wconf 79' lang='lat' dir='ltr'>anLOMaTlcus</span> <span class='ocrx_word' id='word_1_2' title='bbox 1962 631 2023 694; x_wconf 86' lang='lat'>189</span> 
     </span>
    </p>
   </div>
   <div class='ocr_carea' id='block_1_2' title="bbox 149 854 2074 4614">
    <p class='ocr_par' dir='ltr' id='par_1_2' title="bbox 149 854 2074 4002">
     <span class='ocr_line' id='line_1_2' title="bbox 219 854 2072 949; baseline -0.002 -16"><span class='ocrx_word' id='word_1_3' title='bbox 219 864 305 933; x_wconf 91' lang='lat' dir='ltr'>mihi</span> <span class='ocrx_word' id='word_1_4' title='bbox 322 865 399 949; x_wconf 89' lang='lat' dir='ltr'>ipse</span> <span class='ocrx_word' id='word_1_5' title='bbox 422 863 592 928; x_wconf 91' lang='lat' dir='ltr'>iohannes</span> <span class='ocrx_word' id='word_1_6' title='bbox 615 858 719 926; x_wconf 87' lang='lat' dir='ltr'>iudex</span> <span class='ocrx_word' id='word_1_7' title='bbox 742 856 837 925; x_wconf 83' lang='lat' dir='ltr'>dedit</span> <span class='ocrx_word' id='word_1_8' title='bbox 859 858 895 924; x_wconf 88' lang='lat' dir='ltr'>et</span> <span class='ocrx_word' id='word_1_9' title='bbox 918 855 1139 924; x_wconf 72' lang='lat' dir='ltr'>mediatorem</span> <span class='ocrx_word' id='word_1_10' title='bbox 1163 855 1249 921; x_wconf 91' lang='lat' dir='ltr'>mihi</span> <span class='ocrx_word' id='word_1_11' title='bbox 1272 855 1388 939; x_wconf 81' lang='lat' dir='ltr'>posuit</span> <span class='ocrx_word' id='word_1_12' title='bbox 1410 854 1586 926; x_wconf 81' lang='lat' dir='ltr'>maraldus</span> <span class='ocrx_word' id='word_1_13' title='bbox 1609 859 1701 926; x_wconf 88' lang='lat' dir='ltr'>filius</span> <span class='ocrx_word' id='word_1_14' title='bbox 1724 859 1899 943; x_wconf 87' lang='lat' dir='ltr'>quondam</span> <span class='ocrx_word' id='word_1_15' title='bbox 1922 859 1985 928; x_wconf 88' lang='lat' dir='ltr'>risi</span> <span class='ocrx_word' id='word_1_16' title='bbox 2009 863 2072 929; x_wconf 91' lang='lat' dir='ltr'>tali</span> 
     </span>
     <span class='ocr_line' id='line_1_3' title="bbox 216 1006 2074 1102; baseline -0.003 -17"><span class='ocrx_word' id='word_1_17' title='bbox 216 1017 350 1094; x_wconf 86' lang='lat' dir='ltr'>ordine,</span> <span class='ocrx_word' id='word_1_18' title='bbox 369 1016 407 1080; x_wconf 92' lang='lat' dir='ltr'>ut</span> <span class='ocrx_word' id='word_1_19' title='bbox 423 1012 610 1097; x_wconf 83' lang='lat' dir='ltr'>diligenter</span> <span class='ocrx_word' id='word_1_20' title='bbox 626 1012 755 1094; x_wconf 88' lang='lat' dir='ltr'>absque</span> <span class='ocrx_word' id='word_1_21' title='bbox 770 1008 864 1076; x_wconf 90' lang='lat' dir='ltr'>omni</span> <span class='ocrx_word' id='word_1_22' title='bbox 881 1006 1031 1076; x_wconf 91' lang='lat' dir='ltr'>colludio</span> <span class='ocrx_word' id='word_1_23' title='bbox 1045 1025 1188 1075; x_wconf 82' lang='lat' dir='ltr'>causare</span> <span class='ocrx_word' id='word_1_24' title='bbox 1203 1025 1284 1092; x_wconf 88' lang='lat' dir='ltr'>pars</span> <span class='ocrx_word' id='word_1_25' title='bbox 1308 1007 1415 1092; x_wconf 88' lang='lat' dir='ltr'>ipsius</span> <span class='ocrx_word' id='word_1_26' title='bbox 1437 1009 1603 1094; x_wconf 89' lang='lat' dir='ltr'>episcopii</span> <span class='ocrx_word' id='word_1_27' title='bbox 1625 1028 1703 1102; x_wconf 85' lang='lat' dir='ltr'>cum</span> <span class='ocrx_word' id='word_1_28' title='bbox 1727 1011 1791 1079; x_wconf 84' lang='lat' dir='ltr'>filii</span> <span class='ocrx_word' id='word_1_29' title='bbox 1814 1013 1942 1080; x_wconf 90' lang='lat' dir='ltr'>marini</span> <span class='ocrx_word' id='word_1_30' title='bbox 1966 1013 2074 1081; x_wconf 89' lang='lat' dir='ltr'>iudici</span> 
     </span>
     <span class='ocr_line' id='line_1_4' title="bbox 216 1159 2073 1250; baseline -0.001 -15"><span class='ocrx_word' id='word_1_31' title='bbox 216 1166 412 1236; x_wconf 69' lang='lat' dir='ltr'>adrianensi</span> <span class='ocrx_word' id='word_1_32' title='bbox 429 1164 471 1233; x_wconf 91' lang='lat' dir='ltr'>de</span> <span class='ocrx_word' id='word_1_33' title='bbox 486 1163 561 1248; x_wconf 89' lang='lat' dir='ltr'>ipsa</span> <span class='ocrx_word' id='word_1_34' title='bbox 577 1163 680 1230; x_wconf 89' lang='lat' dir='ltr'>rebus</span> <span class='ocrx_word' id='word_1_35' title='bbox 694 1159 737 1228; x_wconf 93' lang='lat' dir='ltr'>de</span> <span class='ocrx_word' id='word_1_36' title='bbox 750 1160 889 1238; x_wconf 89' lang='lat' dir='ltr'>cetaria,</span> <span class='ocrx_word' id='word_1_37' title='bbox 905 1178 1005 1246; x_wconf 90' lang='lat' dir='ltr'>quam</span> <span class='ocrx_word' id='word_1_38' title='bbox 1022 1161 1097 1244; x_wconf 90' lang='lat' dir='ltr'>ipse</span> <span class='ocrx_word' id='word_1_39' title='bbox 1113 1159 1267 1244; x_wconf 83' lang='lat' dir='ltr'>areghisi</span> <span class='ocrx_word' id='word_1_40' title='bbox 1283 1178 1345 1244; x_wconf 90' lang='lat' dir='ltr'>per</span> <span class='ocrx_word' id='word_1_41' title='bbox 1360 1159 1436 1244; x_wconf 89' lang='lat' dir='ltr'>ipsa</span> <span class='ocrx_word' id='word_1_42' title='bbox 1451 1161 1588 1228; x_wconf 90' lang='lat' dir='ltr'>cartula</span> <span class='ocrx_word' id='word_1_43' title='bbox 1603 1162 1690 1229; x_wconf 90' lang='lat' dir='ltr'>mihi</span> <span class='ocrx_word' id='word_1_44' title='bbox 1704 1161 1799 1230; x_wconf 91' lang='lat' dir='ltr'>dedit</span> <span class='ocrx_word' id='word_1_45' title='bbox 1815 1165 1849 1230; x_wconf 93' lang='lat' dir='ltr'>et</span> <span class='ocrx_word' id='word_1_46' title='bbox 1865 1182 1946 1248; x_wconf 89' lang='lat' dir='ltr'>pars</span> <span class='ocrx_word' id='word_1_47' title='bbox 1962 1165 2073 1250; x_wconf 90' lang='lat' dir='ltr'>ipsius</span> 
     </span>
     <span class='ocr_line' id='line_1_5' title="bbox 167 1309 2073 1410; baseline -0.003 -20"><span class='ocrx_word' id='word_1_48' title='bbox 167 1404 169 1410; x_wconf 21' lang='lat'><strong><em>¹</em></strong></span> <span class='ocrx_word' id='word_1_49' title='bbox 217 1319 386 1405; x_wconf 89' lang='lat' dir='ltr'>episcopii</span> <span class='ocrx_word' id='word_1_50' title='bbox 404 1317 483 1384; x_wconf 92' lang='lat' dir='ltr'>illut</span> <span class='ocrx_word' id='word_1_51' title='bbox 497 1312 779 1383; x_wconf 72' lang='lat' dir='ltr'>commutationis</span> <span class='ocrx_word' id='word_1_52' title='bbox 795 1309 917 1378; x_wconf 89' lang='lat' dir='ltr'>ordine</span> <span class='ocrx_word' id='word_1_53' title='bbox 934 1311 1043 1396; x_wconf 89' lang='lat' dir='ltr'>ipsius</span> <span class='ocrx_word' id='word_1_54' title='bbox 1060 1311 1216 1395; x_wconf 86' lang='lat' dir='ltr'>areghisi</span> <span class='ocrx_word' id='word_1_55' title='bbox 1231 1309 1351 1378; x_wconf 90' lang='lat' dir='ltr'>datum</span> <span class='ocrx_word' id='word_1_56' title='bbox 1365 1312 1464 1398; x_wconf 85' lang='lat' dir='ltr'>abet3</span> <span class='ocrx_word' id='word_1_57' title='bbox 1481 1313 1560 1378; x_wconf 90' lang='lat' dir='ltr'>etsi</span> <span class='ocrx_word' id='word_1_58' title='bbox 1575 1330 1655 1396; x_wconf 90' lang='lat' dir='ltr'>pars</span> <span class='ocrx_word' id='word_1_59' title='bbox 1671 1312 1777 1398; x_wconf 88' lang='lat' dir='ltr'>ipsius</span> <span class='ocrx_word' id='word_1_60' title='bbox 1792 1315 1958 1400; x_wconf 90' lang='lat' dir='ltr'>episcopii</span> <span class='ocrx_word' id='word_1_61' title='bbox 1975 1318 2073 1385; x_wconf 89' lang='lat' dir='ltr'>abin-</span> 
     </span>
     <span class='ocr_line' id='line_1_6' title="bbox 214 1463 2069 1557; baseline -0.001 -18"><span class='ocrx_word' id='word_1_62' title='bbox 214 1491 293 1543; x_wconf 87' lang='lat' dir='ltr'>cere</span> <span class='ocrx_word' id='word_1_63' title='bbox 309 1470 485 1557; x_wconf 90' lang='lat' dir='ltr'>potuerint</span> <span class='ocrx_word' id='word_1_64' title='bbox 500 1468 569 1552; x_wconf 92' lang='lat' dir='ltr'>ipsi</span> <span class='ocrx_word' id='word_1_65' title='bbox 584 1467 649 1534; x_wconf 86' lang='lat' dir='ltr'>filii</span> <span class='ocrx_word' id='word_1_66' title='bbox 664 1467 793 1534; x_wconf 91' lang='lat' dir='ltr'>marini</span> <span class='ocrx_word' id='word_1_67' title='bbox 811 1465 918 1534; x_wconf 91' lang='lat' dir='ltr'>iudici</span> <span class='ocrx_word' id='word_1_68' title='bbox 940 1467 995 1532; x_wconf 87' lang='lat' dir='ltr'>vel</span> <span class='ocrx_word' id='word_1_69' title='bbox 1018 1465 1091 1534; x_wconf 89' lang='lat' dir='ltr'>suis</span> <span class='ocrx_word' id='word_1_70' title='bbox 1114 1464 1300 1532; x_wconf 87' lang='lat' dir='ltr'>heredibus</span> <span class='ocrx_word' id='word_1_71' title='bbox 1322 1463 1365 1533; x_wconf 92' lang='lat' dir='ltr'>de</span> <span class='ocrx_word' id='word_1_72' title='bbox 1386 1465 1466 1550; x_wconf 93' lang='lat' dir='ltr'>ipsa</span> <span class='ocrx_word' id='word_1_73' title='bbox 1489 1467 1603 1543; x_wconf 90' lang='lat' dir='ltr'>rebus,</span> <span class='ocrx_word' id='word_1_74' title='bbox 1621 1467 1703 1532; x_wconf 88' lang='lat' dir='ltr'>tuuc</span> <span class='ocrx_word' id='word_1_75' title='bbox 1727 1485 1790 1534; x_wconf 94' lang='lat' dir='ltr'>nos</span> <span class='ocrx_word' id='word_1_76' title='bbox 1812 1469 1973 1536; x_wconf 87' lang='lat' dir='ltr'>abeamus</span> <span class='ocrx_word' id='word_1_77' title='bbox 1996 1470 2069 1548; x_wconf 92' lang='lat' dir='ltr'>illa,</span> 
     </span>
     <span class='ocr_line' id='line_1_7' title="bbox 214 1615 2070 1708; baseline -0.003 -14"><span class='ocrx_word' id='word_1_78' title='bbox 214 1626 306 1694; x_wconf 88' lang='lat' dir='ltr'>sicut</span> <span class='ocrx_word' id='word_1_79' title='bbox 322 1624 396 1708; x_wconf 88' lang='lat' dir='ltr'>ipse</span> <span class='ocrx_word' id='word_1_80' title='bbox 411 1622 546 1689; x_wconf 87' lang='lat' dir='ltr'>cartule</span> <span class='ocrx_word' id='word_1_81' title='bbox 562 1620 680 1687; x_wconf 89' lang='lat' dir='ltr'>nostre</span> <span class='ocrx_word' id='word_1_82' title='bbox 694 1619 859 1703; x_wconf 84' lang='lat' dir='ltr'>continet3</span> <span class='ocrx_word' id='word_1_83' title='bbox 872 1619 906 1687; x_wconf 89' lang='lat' dir='ltr'>et</span> <span class='ocrx_word' id='word_1_84' title='bbox 916 1617 945 1684; x_wconf 91' lang='lat' dir='ltr'>si</span> <span class='ocrx_word' id='word_1_85' title='bbox 957 1617 1118 1686; x_wconf 80' lang='lat' dir='ltr'>forsitans</span> <span class='ocrx_word' id='word_1_86' title='bbox 1134 1617 1202 1703; x_wconf 89' lang='lat' dir='ltr'>ipsi</span> <span class='ocrx_word' id='word_1_87' title='bbox 1214 1617 1278 1686; x_wconf 84' lang='lat' dir='ltr'>dlii</span> <span class='ocrx_word' id='word_1_88' title='bbox 1292 1617 1423 1684; x_wconf 68' lang='lat' dir='ltr'>‘marini</span> <span class='ocrx_word' id='word_1_89' title='bbox 1438 1615 1544 1685; x_wconf 92' lang='lat' dir='ltr'>iudici</span> <span class='ocrx_word' id='word_1_90' title='bbox 1560 1618 1595 1684; x_wconf 88' lang='lat' dir='ltr'>et</span> <span class='ocrx_word' id='word_1_91' title='bbox 1606 1619 1677 1685; x_wconf 88' lang='lat' dir='ltr'>suis</span> <span class='ocrx_word' id='word_1_92' title='bbox 1693 1617 1875 1688; x_wconf 90' lang='lat' dir='ltr'>heredibus</span> <span class='ocrx_word' id='word_1_93' title='bbox 1886 1619 2070 1692; x_wconf 87' lang='lat' dir='ltr'>advincere</span> 
     </span>
     <span class='ocr_line' id='line_1_8' title="bbox 212 1769 2071 1862; baseline 0 -18"><span class='ocrx_word' id='word_1_94' title='bbox 212 1776 392 1862; x_wconf 88' lang='lat' dir='ltr'>potuerint</span> <span class='ocrx_word' id='word_1_95' title='bbox 413 1791 495 1858; x_wconf 89' lang='lat' dir='ltr'>pars</span> <span class='ocrx_word' id='word_1_96' title='bbox 525 1771 636 1858; x_wconf 87' lang='lat' dir='ltr'>ipsius</span> <span class='ocrx_word' id='word_1_97' title='bbox 663 1771 830 1856; x_wconf 89' lang='lat' dir='ltr'>episcopii</span> <span class='ocrx_word' id='word_1_98' title='bbox 857 1769 899 1837; x_wconf 91' lang='lat' dir='ltr'>de</span> <span class='ocrx_word' id='word_1_99' title='bbox 924 1771 1001 1855; x_wconf 87' lang='lat' dir='ltr'>ipsa</span> <span class='ocrx_word' id='word_1_100' title='bbox 1027 1771 1140 1848; x_wconf 87' lang='lat' dir='ltr'>rebus,</span> <span class='ocrx_word' id='word_1_101' title='bbox 1158 1771 1192 1836; x_wconf 93' lang='lat' dir='ltr'>et</span> <span class='ocrx_word' id='word_1_102' title='bbox 1219 1787 1300 1854; x_wconf 90' lang='lat' dir='ltr'>pars</span> <span class='ocrx_word' id='word_1_103' title='bbox 1327 1769 1437 1854; x_wconf 90' lang='lat' dir='ltr'>ipsius</span> <span class='ocrx_word' id='word_1_104' title='bbox 1463 1769 1629 1856; x_wconf 88' lang='lat' dir='ltr'>episcopii</span> <span class='ocrx_word' id='word_1_105' title='bbox 1656 1772 1799 1842; x_wconf 85' lang='lat' dir='ltr'>fecerint</span> <span class='ocrx_word' id='word_1_106' title='bbox 1822 1776 1919 1844; x_wconf 89' lang='lat' dir='ltr'>nobis</span> <span class='ocrx_word' id='word_1_107' title='bbox 1945 1775 2071 1844; x_wconf 86' lang='lat' dir='ltr'>exinde</span> 
     </span>
     <span class='ocr_line' id='line_1_9' title="bbox 212 1921 2070 2012; baseline 0 -16"><span class='ocrx_word' id='word_1_108' title='bbox 212 1931 343 2008; x_wconf 89' lang='lat' dir='ltr'>iurare,</span> <span class='ocrx_word' id='word_1_109' title='bbox 362 1929 401 1994; x_wconf 90' lang='lat' dir='ltr'>ut</span> <span class='ocrx_word' id='word_1_110' title='bbox 418 1929 551 1994; x_wconf 89' lang='lat' dir='ltr'>nullum</span> <span class='ocrx_word' id='word_1_111' title='bbox 567 1923 752 1992; x_wconf 87' lang='lat' dir='ltr'>colludium</span> <span class='ocrx_word' id='word_1_112' title='bbox 775 1942 853 1990; x_wconf 90' lang='lat' dir='ltr'>cum</span> <span class='ocrx_word' id='word_1_113' title='bbox 876 1923 928 1990; x_wconf 89' lang='lat' dir='ltr'>eis</span> <span class='ocrx_word' id='word_1_114' title='bbox 952 1921 1078 1990; x_wconf 88' lang='lat' dir='ltr'>exinde</span> <span class='ocrx_word' id='word_1_115' title='bbox 1102 1922 1249 2002; x_wconf 85' lang='lat' dir='ltr'>fecisset,</span> <span class='ocrx_word' id='word_1_116' title='bbox 1269 1924 1351 1992; x_wconf 87' lang='lat' dir='ltr'>tunc</span> <span class='ocrx_word' id='word_1_117' title='bbox 1373 1924 1417 1990; x_wconf 87' lang='lat' dir='ltr'>ab</span> <span class='ocrx_word' id='word_1_118' title='bbox 1440 1923 1501 1990; x_wconf 92' lang='lat' dir='ltr'>illo</span> <span class='ocrx_word' id='word_1_119' title='bbox 1523 1923 1580 1992; x_wconf 89' lang='lat' dir='ltr'>die</span> <span class='ocrx_word' id='word_1_120' title='bbox 1603 1924 1641 1991; x_wconf 96' lang='lat' dir='ltr'>in</span> <span class='ocrx_word' id='word_1_121' title='bbox 1664 1928 1769 1993; x_wconf 87' lang='lat' dir='ltr'>antea</span> <span class='ocrx_word' id='word_1_122' title='bbox 1790 1943 1860 1993; x_wconf 93' lang='lat' dir='ltr'>non</span> <span class='ocrx_word' id='word_1_123' title='bbox 1887 1945 2070 2012; x_wconf 84' lang='lat' dir='ltr'>queramus</span> 
     </span>
     <span class='ocr_line' id='line_1_10' title="bbox 210 2074 2071 2163; baseline 0.001 -15"><span class='ocrx_word' id='word_1_124' title='bbox 210 2083 317 2148; x_wconf 85' lang='lat' dir='ltr'>abere</span> <span class='ocrx_word' id='word_1_125' title='bbox 331 2079 528 2148; x_wconf 87' lang='lat' dir='ltr'>defensores</span> <span class='ocrx_word' id='word_1_126' title='bbox 543 2097 628 2163; x_wconf 86' lang='lat' dir='ltr'>pars</span> <span class='ocrx_word' id='word_1_127' title='bbox 644 2077 753 2162; x_wconf 91' lang='lat' dir='ltr'>ipsius</span> <span class='ocrx_word' id='word_1_128' title='bbox 768 2075 936 2161; x_wconf 89' lang='lat' dir='ltr'>episcopii</span> <span class='ocrx_word' id='word_1_129' title='bbox 953 2074 996 2142; x_wconf 91' lang='lat' dir='ltr'>de</span> <span class='ocrx_word' id='word_1_130' title='bbox 1011 2075 1090 2160; x_wconf 92' lang='lat' dir='ltr'>ipsa</span> <span class='ocrx_word' id='word_1_131' title='bbox 1113 2076 1215 2142; x_wconf 85' lang='lat' dir='ltr'>rebus</span> <span class='ocrx_word' id='word_1_132' title='bbox 1230 2077 1353 2143; x_wconf 88' lang='lat' dir='ltr'>contra</span> <span class='ocrx_word' id='word_1_133' title='bbox 1369 2076 1437 2160; x_wconf 93' lang='lat' dir='ltr'>ipsi</span> <span class='ocrx_word' id='word_1_134' title='bbox 1452 2074 1516 2142; x_wconf 88' lang='lat' dir='ltr'>filii</span> <span class='ocrx_word' id='word_1_135' title='bbox 1532 2077 1658 2144; x_wconf 91' lang='lat' dir='ltr'>marini</span> <span class='ocrx_word' id='word_1_136' title='bbox 1675 2078 1779 2146; x_wconf 91' lang='lat' dir='ltr'>iudici</span> <span class='ocrx_word' id='word_1_137' title='bbox 1795 2082 1849 2147; x_wconf 92' lang='lat' dir='ltr'>vel</span> <span class='ocrx_word' id='word_1_138' title='bbox 1865 2082 1986 2147; x_wconf 91' lang='lat' dir='ltr'>contra</span> <span class='ocrx_word' id='word_1_139' title='bbox 2000 2085 2071 2150; x_wconf 89' lang='lat' dir='ltr'>suis</span> 
     </span>
     <span class='ocr_line' id='line_1_11' title="bbox 212 2227 2069 2318; baseline 0 -18"><span class='ocrx_word' id='word_1_140' title='bbox 212 2231 411 2310; x_wconf 88' lang='lat' dir='ltr'>heredibus,</span> <span class='ocrx_word' id='word_1_141' title='bbox 429 2234 482 2300; x_wconf 89' lang='lat' dir='ltr'>set</span> <span class='ocrx_word' id='word_1_142' title='bbox 497 2233 657 2300; x_wconf 88' lang='lat' dir='ltr'>abeamus</span> <span class='ocrx_word' id='word_1_143' title='bbox 673 2247 736 2298; x_wconf 90' lang='lat' dir='ltr'>nos</span> <span class='ocrx_word' id='word_1_144' title='bbox 752 2232 856 2298; x_wconf 88' lang='lat' dir='ltr'>rebus</span> <span class='ocrx_word' id='word_1_145' title='bbox 870 2230 948 2314; x_wconf 90' lang='lat' dir='ltr'>ipsa</span> <span class='ocrx_word' id='word_1_146' title='bbox 963 2228 1142 2307; x_wconf 88' lang='lat' dir='ltr'>securiter,</span> <span class='ocrx_word' id='word_1_147' title='bbox 1162 2228 1252 2295; x_wconf 86' lang='lat' dir='ltr'>sicut</span> <span class='ocrx_word' id='word_1_148' title='bbox 1266 2227 1420 2295; x_wconf 89' lang='lat' dir='ltr'>continet</span> <span class='ocrx_word' id='word_1_149' title='bbox 1435 2231 1556 2296; x_wconf 91' lang='lat' dir='ltr'>nostre</span> <span class='ocrx_word' id='word_1_150' title='bbox 1579 2231 1797 2316; x_wconf 86' lang='lat' dir='ltr'>scriptiones,</span> <span class='ocrx_word' id='word_1_151' title='bbox 1816 2231 1903 2316; x_wconf 91' lang='lat' dir='ltr'>quod</span> <span class='ocrx_word' id='word_1_152' title='bbox 1927 2250 1948 2298; x_wconf 89' lang='lat' dir='ltr'>a</span> <span class='ocrx_word' id='word_1_153' title='bbox 1970 2237 2069 2318; x_wconf 89' lang='lat' dir='ltr'>parte</span> 
     </span>
     <span class='ocr_line' id='line_1_12' title="bbox 212 2382 2069 2472; baseline 0 -18"><span class='ocrx_word' id='word_1_154' title='bbox 212 2387 258 2454; x_wconf 90' lang='lat' dir='ltr'>de</span> <span class='ocrx_word' id='word_1_155' title='bbox 274 2387 342 2471; x_wconf 92' lang='lat' dir='ltr'>ipsi</span> <span class='ocrx_word' id='word_1_156' title='bbox 356 2385 421 2453; x_wconf 90' lang='grc'><strong>11111</strong></span> <span class='ocrx_word' id='word_1_157' title='bbox 437 2385 565 2453; x_wconf 90' lang='lat' dir='ltr'>marini</span> <span class='ocrx_word' id='word_1_158' title='bbox 581 2385 688 2452; x_wconf 89' lang='lat' dir='ltr'>iudici</span> <span class='ocrx_word' id='word_1_159' title='bbox 706 2383 834 2452; x_wconf 78' lang='lat' dir='ltr'>exinde</span> <span class='ocrx_word' id='word_1_160' title='bbox 847 2385 1000 2458; x_wconf 84' lang='lat' dir='ltr'>abemus,</span> <span class='ocrx_word' id='word_1_161' title='bbox 1015 2400 1079 2450; x_wconf 82' lang='lat' dir='ltr'>nec</span> <span class='ocrx_word' id='word_1_162' title='bbox 1095 2401 1277 2468; x_wconf 88' lang='lat' dir='ltr'>queramus</span> <span class='ocrx_word' id='word_1_163' title='bbox 1292 2382 1405 2467; x_wconf 89' lang='lat' dir='ltr'>ipsam</span> <span class='ocrx_word' id='word_1_164' title='bbox 1420 2383 1703 2467; x_wconf 88' lang='lat' dir='ltr'>compositionem</span> <span class='ocrx_word' id='word_1_165' title='bbox 1728 2387 1772 2450; x_wconf 91' lang='lat' dir='ltr'>ab</span> <span class='ocrx_word' id='word_1_166' title='bbox 1794 2385 1870 2469; x_wconf 93' lang='lat' dir='ltr'>ipso</span> <span class='ocrx_word' id='word_1_167' title='bbox 1893 2387 2069 2472; x_wconf 87' lang='lat' dir='ltr'>episcopio</span> 
     </span>
     <span class='ocr_line' id='line_1_13' title="bbox 209 2534 2068 2624; baseline 0.003 -20"><span class='ocrx_word' id='word_1_168' title='bbox 209 2557 279 2624; x_wconf 90' lang='lat' dir='ltr'>que</span> <span class='ocrx_word' id='word_1_169' title='bbox 293 2539 369 2623; x_wconf 88' lang='lat' dir='ltr'>ipsa</span> <span class='ocrx_word' id='word_1_170' title='bbox 385 2539 521 2606; x_wconf 88' lang='lat' dir='ltr'>cartula</span> <span class='ocrx_word' id='word_1_171' title='bbox 536 2537 816 2606; x_wconf 87' lang='lat' dir='ltr'>commutationis</span> <span class='ocrx_word' id='word_1_172' title='bbox 831 2537 1001 2624; x_wconf 83' lang='lat' dir='ltr'>contiuet3</span> <span class='ocrx_word' id='word_1_173' title='bbox 1018 2537 1069 2604; x_wconf 90' lang='lat' dir='ltr'>set</span> <span class='ocrx_word' id='word_1_174' title='bbox 1084 2539 1199 2603; x_wconf 87' lang='lat' dir='ltr'>tamen</span> <span class='ocrx_word' id='word_1_175' title='bbox 1215 2535 1259 2602; x_wconf 91' lang='lat' dir='ltr'>de</span> <span class='ocrx_word' id='word_1_176' title='bbox 1273 2534 1354 2603; x_wconf 89' lang='lat' dir='ltr'>aliis</span> <span class='ocrx_word' id='word_1_177' title='bbox 1369 2536 1543 2602; x_wconf 87' lang='lat' dir='ltr'>ominibus</span> <span class='ocrx_word' id='word_1_178' title='bbox 1558 2538 1593 2602; x_wconf 87' lang='lat' dir='ltr'>et</span> <span class='ocrx_word' id='word_1_179' title='bbox 1615 2534 1770 2622; x_wconf 89' lang='lat' dir='ltr'>partibus</span> <span class='ocrx_word' id='word_1_180' title='bbox 1793 2537 1947 2608; x_wconf 86' lang='lat' dir='ltr'>defenset</span> <span class='ocrx_word' id='word_1_181' title='bbox 1968 2543 2068 2610; x_wconf 90' lang='lat' dir='ltr'>nobis</span> 
     </span>
     <span class='ocr_line' id='line_1_14' title="bbox 214 2687 2072 2776; baseline 0.002 -19"><span class='ocrx_word' id='word_1_182' title='bbox 214 2691 293 2776; x_wconf 90' lang='lat' dir='ltr'>ipsa</span> <span class='ocrx_word' id='word_1_183' title='bbox 307 2693 411 2758; x_wconf 88' lang='lat' dir='ltr'>rebus</span> <span class='ocrx_word' id='word_1_184' title='bbox 426 2708 508 2776; x_wconf 88' lang='lat' dir='ltr'>pars</span> <span class='ocrx_word' id='word_1_185' title='bbox 531 2691 642 2776; x_wconf 90' lang='lat' dir='ltr'>ipsius</span> <span class='ocrx_word' id='word_1_186' title='bbox 670 2691 838 2776; x_wconf 88' lang='lat' dir='ltr'>episcopii</span> <span class='ocrx_word' id='word_1_187' title='bbox 865 2690 1006 2774; x_wconf 90' lang='lat' dir='ltr'>eiusque</span> <span class='ocrx_word' id='word_1_188' title='bbox 1033 2691 1227 2758; x_wconf 86' lang='lat' dir='ltr'>rectoribus</span> <span class='ocrx_word' id='word_1_189' title='bbox 1254 2691 1289 2756; x_wconf 91' lang='lat' dir='ltr'>et</span> <span class='ocrx_word' id='word_1_190' title='bbox 1315 2687 1510 2774; x_wconf 87' lang='lat' dir='ltr'>adimplead</span> <span class='ocrx_word' id='word_1_191' title='bbox 1535 2689 1635 2758; x_wconf 90' lang='lat' dir='ltr'>nobis</span> <span class='ocrx_word' id='word_1_192' title='bbox 1660 2691 1786 2771; x_wconf 91' lang='lat' dir='ltr'>omnia,</span> <span class='ocrx_word' id='word_1_193' title='bbox 1805 2692 1894 2759; x_wconf 90' lang='lat' dir='ltr'>sicut</span> <span class='ocrx_word' id='word_1_194' title='bbox 1920 2693 2072 2762; x_wconf 90' lang='lat' dir='ltr'>continet</span> 
     </span>
     <span class='ocr_line' id='line_1_15' title="bbox 208 2841 2069 2930; baseline 0.002 -22"><span class='ocrx_word' id='word_1_195' title='bbox 208 2843 321 2928; x_wconf 89' lang='lat' dir='ltr'>ipsam</span> <span class='ocrx_word' id='word_1_196' title='bbox 337 2843 577 2928; x_wconf 88' lang='lat' dir='ltr'>scriptionem,</span> <span class='ocrx_word' id='word_1_197' title='bbox 592 2842 680 2929; x_wconf 93' lang='lat' dir='ltr'>quod</span> <span class='ocrx_word' id='word_1_198' title='bbox 693 2861 777 2929; x_wconf 87' lang='lat' dir='ltr'>pars</span> <span class='ocrx_word' id='word_1_199' title='bbox 794 2843 902 2930; x_wconf 85' lang='lat' dir='ltr'>ipsius</span> <span class='ocrx_word' id='word_1_200' title='bbox 916 2844 1084 2928; x_wconf 89' lang='lat' dir='ltr'>episcopii</span> <span class='ocrx_word' id='word_1_201' title='bbox 1095 2841 1222 2910; x_wconf 88' lang='lat' dir='ltr'>exinde</span> <span class='ocrx_word' id='word_1_202' title='bbox 1236 2842 1351 2910; x_wconf 89' lang='lat' dir='ltr'>emisit</span> <span class='ocrx_word' id='word_1_203' title='bbox 1367 2843 1477 2926; x_wconf 86' lang='lat' dir='ltr'>ipsius</span> <span class='ocrx_word' id='word_1_204' title='bbox 1492 2843 1657 2928; x_wconf 80' lang='lat' dir='ltr'>areghisi.</span> <span class='ocrx_word' id='word_1_205' title='bbox 1672 2846 1708 2913; x_wconf 90' lang='lat' dir='ltr'>et</span> <span class='ocrx_word' id='word_1_206' title='bbox 1718 2844 1747 2912; x_wconf 91' lang='lat' dir='ltr'>si</span> <span class='ocrx_word' id='word_1_207' title='bbox 1759 2845 1875 2912; x_wconf 89' lang='lat' dir='ltr'>taliter</span> <span class='ocrx_word' id='word_1_208' title='bbox 1887 2847 1952 2912; x_wconf 83' lang='lat' dir='ltr'>ele:</span> <span class='ocrx_word' id='word_1_209' title='bbox 1972 2843 2069 2913; x_wconf 75' lang='lat' dir='ltr'>Gora-</span> 
     </span>
     <span class='ocr_line' id='line_1_16' title="bbox 149 2997 2066 3092; baseline 0.002 -28"><span class='ocrx_word' id='word_1_210' title='bbox 149 3007 152 3012; x_wconf 85' lang='grc'><strong>’</strong></span> <span class='ocrx_word' id='word_1_211' title='bbox 204 2999 324 3082; x_wconf 82' lang='lat' dir='ltr'>posita</span> <span class='ocrx_word' id='word_1_212' title='bbox 332 3014 451 3081; x_wconf 80' lang='lat' dir='ltr'>poeno</span> <span class='ocrx_word' id='word_1_213' title='bbox 459 3015 527 3081; x_wconf 80' lang='lat' dir='ltr'>per</span> <span class='ocrx_word' id='word_1_214' title='bbox 542 3001 738 3084; x_wconf 75' lang='lat' dir='ltr'>qaiaqcutos</span> <span class='ocrx_word' id='word_1_215' title='bbox 754 3015 877 3067; x_wconf 79' lang='lat' dir='ltr'>aurcos</span> <span class='ocrx_word' id='word_1_216' title='bbox 892 2997 1016 3067; x_wconf 83' lang='lat' dir='ltr'>solidos</span> <span class='ocrx_word' id='word_1_217' title='bbox 1037 2997 1338 3067; x_wconf 78' lang='lat' dir='ltr'>cmtstqntila&#39;acos.</span> <span class='ocrx_word' id='word_1_218' title='bbox 1357 2999 1608 3092; x_wconf 77' lang='lat' dir='ltr'>verumtamen,</span> <span class='ocrx_word' id='word_1_219' title='bbox 1628 3000 1666 3065; x_wconf 93' lang='lat' dir='ltr'>ut</span> <span class='ocrx_word' id='word_1_220' title='bbox 1688 2997 1851 3079; x_wconf 84' lang='lat' dir='ltr'>diximus,</span> <span class='ocrx_word' id='word_1_221' title='bbox 1870 2997 1899 3066; x_wconf 90' lang='lat' dir='ltr'>si</span> <span class='ocrx_word' id='word_1_222' title='bbox 1916 2999 1984 3084; x_wconf 92' lang='lat' dir='ltr'>ipsi</span> <span class='ocrx_word' id='word_1_223' title='bbox 2000 2999 2066 3068; x_wconf 88' lang='lat' dir='ltr'>fllii</span> 
     </span>
     <span class='ocr_line' id='line_1_17' title="bbox 211 3144 2068 3234; baseline 0.003 -20"><span class='ocrx_word' id='word_1_224' title='bbox 211 3147 339 3217; x_wconf 88' lang='lat' dir='ltr'>marini</span> <span class='ocrx_word' id='word_1_225' title='bbox 354 3148 461 3218; x_wconf 92' lang='lat' dir='ltr'>iudici</span> <span class='ocrx_word' id='word_1_226' title='bbox 476 3153 531 3220; x_wconf 92' lang='lat' dir='ltr'>vel</span> <span class='ocrx_word' id='word_1_227' title='bbox 546 3152 618 3218; x_wconf 89' lang='lat' dir='ltr'>suis</span> <span class='ocrx_word' id='word_1_228' title='bbox 633 3149 817 3218; x_wconf 87' lang='lat' dir='ltr'>heredibus</span> <span class='ocrx_word' id='word_1_229' title='bbox 833 3149 1017 3218; x_wconf 86' lang='lat' dir='ltr'>advincere</span> <span class='ocrx_word' id='word_1_230' title='bbox 1033 3149 1185 3234; x_wconf 90' lang='lat' dir='ltr'>potuerit</span> <span class='ocrx_word' id='word_1_231' title='bbox 1199 3166 1283 3234; x_wconf 88' lang='lat' dir='ltr'>pars</span> <span class='ocrx_word' id='word_1_232' title='bbox 1298 3149 1408 3234; x_wconf 90' lang='lat' dir='ltr'>ipsius</span> <span class='ocrx_word' id='word_1_233' title='bbox 1424 3147 1590 3234; x_wconf 90' lang='lat' dir='ltr'>episcopii</span> <span class='ocrx_word' id='word_1_234' title='bbox 1606 3147 1650 3216; x_wconf 88' lang='lat' dir='ltr'>de</span> <span class='ocrx_word' id='word_1_235' title='bbox 1664 3144 1743 3234; x_wconf 86' lang='lat' dir='ltr'>ips&#39;a</span> <span class='ocrx_word' id='word_1_236' title='bbox 1757 3152 1871 3230; x_wconf 89' lang='lat' dir='ltr'>rebus,</span> <span class='ocrx_word' id='word_1_237' title='bbox 1886 3153 1929 3218; x_wconf 89' lang='lat' dir='ltr'>ab</span> <span class='ocrx_word' id='word_1_238' title='bbox 1940 3151 2001 3219; x_wconf 94' lang='lat' dir='ltr'>illo</span> <span class='ocrx_word' id='word_1_239' title='bbox 2012 3150 2068 3222; x_wconf 90' lang='lat' dir='ltr'>die</span> 
     </span>
     <span class='ocr_line' id='line_1_18' title="bbox 210 3299 2068 3388; baseline 0.001 -19"><span class='ocrx_word' id='word_1_240' title='bbox 210 3303 250 3369; x_wconf 94' lang='lat' dir='ltr'>in</span> <span class='ocrx_word' id='word_1_241' title='bbox 273 3305 381 3370; x_wconf 88' lang='lat' dir='ltr'>antea</span> <span class='ocrx_word' id='word_1_242' title='bbox 404 3321 487 3388; x_wconf 90' lang='lat' dir='ltr'>pars</span> <span class='ocrx_word' id='word_1_243' title='bbox 510 3303 623 3386; x_wconf 88' lang='lat' dir='ltr'>ipsius</span> <span class='ocrx_word' id='word_1_244' title='bbox 645 3302 811 3388; x_wconf 87' lang='lat' dir='ltr'>episcopii</span> <span class='ocrx_word' id='word_1_245' title='bbox 835 3322 907 3370; x_wconf 93' lang='lat' dir='ltr'>non</span> <span class='ocrx_word' id='word_1_246' title='bbox 930 3321 1113 3388; x_wconf 85' lang='lat' dir='ltr'>queramus</span> <span class='ocrx_word' id='word_1_247' title='bbox 1135 3304 1236 3372; x_wconf 90' lang='lat' dir='ltr'>abere</span> <span class='ocrx_word' id='word_1_248' title='bbox 1259 3301 1396 3382; x_wconf 84' lang='lat' dir='ltr'>exinde,</span> <span class='ocrx_word' id='word_1_249' title='bbox 1422 3303 1462 3369; x_wconf 90' lang='lat' dir='ltr'>ut</span> <span class='ocrx_word' id='word_1_250' title='bbox 1483 3299 1612 3368; x_wconf 89' lang='lat' dir='ltr'>dictum</span> <span class='ocrx_word' id='word_1_251' title='bbox 1634 3303 1697 3381; x_wconf 90' lang='lat' dir='ltr'>est,</span> <span class='ocrx_word' id='word_1_252' title='bbox 1723 3299 1917 3372; x_wconf 83' lang='lat' dir='ltr'>defensores</span> <span class='ocrx_word' id='word_1_253' title='bbox 1946 3305 2068 3372; x_wconf 89' lang='lat' dir='ltr'>contra</span> 
     </span>
     <span class='ocr_line' id='line_1_19' title="bbox 209 3441 2067 3542; baseline 0.001 -21"><span class='ocrx_word' id='word_1_254' title='bbox 209 3454 280 3540; x_wconf 89' lang='lat' dir='ltr'>ipsi</span> <span class='ocrx_word' id='word_1_255' title='bbox 295 3455 360 3522; x_wconf 90' lang='grc'><strong>11111</strong></span> <span class='ocrx_word' id='word_1_256' title='bbox 376 3456 508 3523; x_wconf 92' lang='lat' dir='ltr'>marini</span> <span class='ocrx_word' id='word_1_257' title='bbox 525 3455 643 3535; x_wconf 88' lang='lat' dir='ltr'>iudici,</span> <span class='ocrx_word' id='word_1_258' title='bbox 662 3474 726 3524; x_wconf 90' lang='lat' dir='ltr'>nec</span> <span class='ocrx_word' id='word_1_259' title='bbox 741 3457 864 3523; x_wconf 92' lang='lat' dir='ltr'>contra</span> <span class='ocrx_word' id='word_1_260' title='bbox 879 3441 1051 3525; x_wconf 85' lang='lat' dir='ltr'>ominibus</span> <span class='ocrx_word' id='word_1_261' title='bbox 1066 3456 1164 3542; x_wconf 90' lang='lat' dir='ltr'>ipsis,</span> <span class='ocrx_word' id='word_1_262' title='bbox 1183 3457 1240 3542; x_wconf 92' lang='lat' dir='ltr'>qui</span> <span class='ocrx_word' id='word_1_263' title='bbox 1255 3453 1298 3522; x_wconf 91' lang='lat' dir='ltr'>ad</span> <span class='ocrx_word' id='word_1_264' title='bbox 1314 3455 1566 3541; x_wconf 86' lang='lat' dir='ltr'>pastenandum</span> <span class='ocrx_word' id='word_1_265' title='bbox 1580 3457 1706 3523; x_wconf 89' lang='lat' dir='ltr'>tultum</span> <span class='ocrx_word' id='word_1_266' title='bbox 1731 3455 1838 3522; x_wconf 90' lang='lat' dir='ltr'>abunt</span> <span class='ocrx_word' id='word_1_267' title='bbox 1859 3457 1902 3522; x_wconf 90' lang='lat' dir='ltr'>ab</span> <span class='ocrx_word' id='word_1_268' title='bbox 1925 3455 1993 3541; x_wconf 92' lang='lat' dir='ltr'>ipsi</span> <span class='ocrx_word' id='word_1_269' title='bbox 2015 3455 2067 3522; x_wconf 88' lang='lat' dir='ltr'>flli</span> 
     </span>
     <span class='ocr_line' id='line_1_20' title="bbox 207 3607 2069 3714; baseline 0.002 -42"><span class='ocrx_word' id='word_1_270' title='bbox 207 3607 340 3674; x_wconf 91' lang='lat' dir='ltr'>marini</span> <span class='ocrx_word' id='word_1_271' title='bbox 356 3608 463 3688; x_wconf 89' lang='lat' dir='ltr'>iudici</span> <span class='ocrx_word' id='word_1_272' title='bbox 480 3608 575 3677; x_wconf 83' lang='lat' dir='ltr'>infra</span> <span class='ocrx_word' id='word_1_273' title='bbox 590 3610 667 3694; x_wconf 89' lang='lat' dir='ltr'>ipse</span> <span class='ocrx_word' id='word_1_274' title='bbox 682 3609 781 3696; x_wconf 83' lang='lat' dir='ltr'>flnis3</span> <span class='ocrx_word' id='word_1_275' title='bbox 799 3627 880 3676; x_wconf 91' lang='lat' dir='ltr'>nam</span> <span class='ocrx_word' id='word_1_276' title='bbox 899 3611 943 3677; x_wconf 91' lang='lat' dir='ltr'>ab</span> <span class='ocrx_word' id='word_1_277' title='bbox 958 3609 1037 3678; x_wconf 91' lang='lat' dir='ltr'>aliis</span> <span class='ocrx_word' id='word_1_278' title='bbox 1052 3610 1251 3678; x_wconf 89' lang='lat' dir='ltr'>hominibus</span> <span class='ocrx_word' id='word_1_279' title='bbox 1265 3612 1300 3680; x_wconf 88' lang='lat' dir='ltr'>et</span> <span class='ocrx_word' id='word_1_280' title='bbox 1314 3609 1473 3714; x_wconf 88' lang='lat' dir='ltr'>partibus</span> <span class='ocrx_word' id='word_1_281' title='bbox 1487 3609 1641 3678; x_wconf 83' lang='lat' dir='ltr'>defenset</span> <span class='ocrx_word' id='word_1_282' title='bbox 1657 3609 1734 3678; x_wconf 92' lang='lat' dir='ltr'>illut</span> <span class='ocrx_word' id='word_1_283' title='bbox 1748 3609 1848 3677; x_wconf 91' lang='lat' dir='ltr'>nobis</span> <span class='ocrx_word' id='word_1_284' title='bbox 1864 3627 1945 3694; x_wconf 88' lang='lat' dir='ltr'>pars</span> <span class='ocrx_word' id='word_1_285' title='bbox 1959 3608 2069 3694; x_wconf 90' lang='lat' dir='ltr'>ipsius</span> 
     </span>
     <span class='ocr_line' id='line_1_21' title="bbox 205 3759 2070 3851; baseline -0.001 -22"><span class='ocrx_word' id='word_1_286' title='bbox 205 3759 392 3844; x_wconf 86' lang='lat' dir='ltr'>episcopii,</span> <span class='ocrx_word' id='word_1_287' title='bbox 412 3760 502 3828; x_wconf 89' lang='lat' dir='ltr'>sicut</span> <span class='ocrx_word' id='word_1_288' title='bbox 524 3760 601 3847; x_wconf 89' lang='lat' dir='ltr'>ipsa</span> <span class='ocrx_word' id='word_1_289' title='bbox 624 3763 761 3830; x_wconf 92' lang='lat' dir='ltr'>cartula</span> <span class='ocrx_word' id='word_1_290' title='bbox 785 3763 950 3843; x_wconf 88' lang='lat' dir='ltr'>continet,</span> <span class='ocrx_word' id='word_1_291' title='bbox 969 3782 1032 3850; x_wconf 87' lang='lat' dir='ltr'>per</span> <span class='ocrx_word' id='word_1_292' title='bbox 1055 3764 1253 3851; x_wconf 87' lang='lat' dir='ltr'>supradicta</span> <span class='ocrx_word' id='word_1_293' title='bbox 1276 3767 1526 3851; x_wconf 83' lang='lat' dir='ltr'>nobligatione.</span> <span class='ocrx_word' id='word_1_294' title='bbox 1543 3766 1578 3836; x_wconf 91' lang='lat' dir='ltr'>et</span> <span class='ocrx_word' id='word_1_295' title='bbox 1600 3766 1693 3835; x_wconf 90' lang='lat' dir='ltr'>hunc</span> <span class='ocrx_word' id='word_1_296' title='bbox 1708 3765 1847 3832; x_wconf 88' lang='lat' dir='ltr'>brebem</span> <span class='ocrx_word' id='word_1_297' title='bbox 1864 3761 1988 3848; x_wconf 91' lang='lat' dir='ltr'>scripsi</span> <span class='ocrx_word' id='word_1_298' title='bbox 2003 3779 2070 3847; x_wconf 87' lang='lat' dir='ltr'>ego</span> 
     </span>
     <span class='ocr_line' id='line_1_22' title="bbox 206 3912 844 4002; baseline 0.005 -21"><span class='ocrx_word' id='word_1_299' title='bbox 206 3913 433 3998; x_wconf 85' lang='lat' dir='ltr'>aghenardus</span> <span class='ocrx_word' id='word_1_300' title='bbox 447 3915 604 3984; x_wconf 90' lang='lat' dir='ltr'>notarius</span> <span class='ocrx_word' id='word_1_301' title='bbox 619 3916 678 4002; x_wconf 90' lang='lat' dir='ltr'>qui</span> <span class='ocrx_word' id='word_1_302' title='bbox 693 3912 844 3988; x_wconf 82' lang='lat' dir='ltr'>interlui.</span> 
     </span>
    </p>

    <p class='ocr_par' dir='ltr' id='par_1_3' title="bbox 264 4039 607 4153">
     <span class='ocr_line' id='line_1_23' title="bbox 264 4039 607 4153; baseline 0.02 -20"><span class='ocrx_word' id='word_1_303' title='bbox 264 4039 377 4153; x_wconf 80' lang='lat' dir='ltr'>†ego</span> <span class='ocrx_word' id='word_1_304' title='bbox 392 4067 607 4140; x_wconf 80' lang='lat' dir='ltr'>madalfredo</span> 
     </span>
    </p>

    <p class='ocr_par' dir='ltr' id='par_1_4' title="bbox 266 4188 548 4306">
     <span class='ocr_line' id='line_1_24' title="bbox 266 4188 548 4306; baseline 0.014 -20"><span class='ocrx_word' id='word_1_305' title='bbox 266 4188 378 4303; x_wconf 82' lang='lat' dir='ltr'>†ego</span> <span class='ocrx_word' id='word_1_306' title='bbox 394 4219 548 4306; x_wconf 85' lang='lat' dir='ltr'>desigius</span> 
     </span>
    </p>

    <p class='ocr_par' dir='ltr' id='par_1_5' title="bbox 263 4344 499 4477">
     <span class='ocr_line' id='line_1_25' title="bbox 263 4344 499 4477; baseline 0.017 -37"><span class='ocrx_word' id='word_1_307' title='bbox 263 4344 377 4458; x_wconf 84' lang='lat' dir='ltr'>†ego</span> <span class='ocrx_word' id='word_1_308' title='bbox 393 4375 499 4477; x_wconf 78' lang='lat' dir='ltr'>guido</span> 
     </span>
    </p>

    <p class='ocr_par' dir='ltr' id='par_1_6' title="bbox 266 4496 851 4614">
     <span class='ocr_line' id='line_1_26' title="bbox 266 4496 851 4614; baseline 0.007 -21"><span class='ocrx_word' id='word_1_309' title='bbox 266 4496 379 4611; x_wconf 84' lang='lat' dir='ltr'>†ego</span> <span class='ocrx_word' id='word_1_310' title='bbox 394 4527 454 4612; x_wconf 94' lang='lat' dir='ltr'>qui</span> <span class='ocrx_word' id='word_1_311' title='bbox 469 4545 574 4614; x_wconf 87' lang='lat' dir='ltr'>supra</span> <span class='ocrx_word' id='word_1_312' title='bbox 588 4528 732 4598; x_wconf 85' lang='lat' dir='ltr'>ioannes</span> <span class='ocrx_word' id='word_1_313' title='bbox 747 4527 851 4599; x_wconf 83' lang='lat' dir='ltr'>iudex</span> 
     </span>
    </p>
   </div>
   <div class='ocr_carea' id='block_1_3' title="bbox 263 4645 873 4765">
    <p class='ocr_par' dir='ltr' id='par_1_7' title="bbox 263 4645 873 4765">
     <span class='ocr_line' id='line_1_27' title="bbox 263 4645 873 4765; baseline 0.007 -23"><span class='ocrx_word' id='word_1_314' title='bbox 263 4645 295 4760; x_wconf 92' lang='lat'>†</span> <span class='ocrx_word' id='word_1_315' title='bbox 309 4693 377 4760; x_wconf 84' lang='lat' dir='ltr'>ego</span> <span class='ocrx_word' id='word_1_316' title='bbox 391 4677 451 4762; x_wconf 91' lang='lat' dir='ltr'>qui</span> <span class='ocrx_word' id='word_1_317' title='bbox 468 4696 575 4765; x_wconf 87' lang='lat' dir='ltr'>supra</span> <span class='ocrx_word' id='word_1_318' title='bbox 589 4679 743 4748; x_wconf 89' lang='lat' dir='ltr'>ademari</span> <span class='ocrx_word' id='word_1_319' title='bbox 758 4679 873 4750; x_wconf 86' lang='lat' dir='ltr'>iudex.</span> 
     </span>
    </p>
   </div>
   <div class='ocr_carea' id='block_1_4' title="bbox 999 5189 1271 5271">
    <p class='ocr_par' dir='ltr' id='par_1_8' title="bbox 999 5189 1271 5271">
     <span class='ocr_line' id='line_1_28' title="bbox 999 5189 1271 5271; baseline -0.015 0"><span class='ocrx_word' id='word_1_320' title='bbox 999 5189 1271 5271; x_wconf 82' lang='lat' dir='ltr'>GCCLVI.</span> 
     </span>
    </p>
   </div>
   <div class='ocr_carea' id='block_1_5' title="bbox 991 5437 1277 5518">
    <p class='ocr_par' dir='ltr' id='par_1_9' title="bbox 991 5437 1277 5518">
     <span class='ocr_line' id='line_1_29' title="bbox 991 5437 1277 5518; baseline 0.003 -3"><span class='ocrx_word' id='word_1_321' title='bbox 991 5440 1047 5516; x_wconf 90' lang='lat' dir='ltr'>A.</span> <span class='ocrx_word' id='word_1_322' title='bbox 1084 5439 1135 5516; x_wconf 91' lang='lat' dir='ltr'>D.</span> <span class='ocrx_word' id='word_1_323' title='bbox 1173 5437 1277 5518; x_wconf 81' lang='lat'><strong>983.</strong></span> 
     </span>
    </p>
   </div>
   <div class='ocr_carea' id='block_1_6' title="bbox 270 5697 2062 5835">
    <p class='ocr_par' dir='ltr' id='par_1_10' title="bbox 270 5697 2062 5835">
     <span class='ocr_line' id='line_1_30' title="bbox 270 5697 2062 5835; baseline 0 -21"><span class='ocrx_word' id='word_1_324' title='bbox 270 5697 853 5832; x_wconf 81' lang='lat' dir='ltr'>†1nnominedominisecundo</span> <span class='ocrx_word' id='word_1_325' title='bbox 877 5767 969 5818; x_wconf 90' lang='lat' dir='ltr'>anno</span> <span class='ocrx_word' id='word_1_326' title='bbox 999 5750 1213 5835; x_wconf 89' lang='lat' dir='ltr'>principatus</span> <span class='ocrx_word' id='word_1_327' title='bbox 1239 5750 1356 5819; x_wconf 92' lang='lat' dir='ltr'>domni</span> <span class='ocrx_word' id='word_1_328' title='bbox 1381 5751 1492 5818; x_wconf 91' lang='lat' dir='ltr'>nostri</span> <span class='ocrx_word' id='word_1_329' title='bbox 1518 5749 1675 5816; x_wconf 89' lang='lat' dir='ltr'>mansoni</span> <span class='ocrx_word' id='word_1_330' title='bbox 1704 5753 1738 5818; x_wconf 89' lang='lat' dir='ltr'>et</span> <span class='ocrx_word' id='word_1_331' title='bbox 1766 5749 1884 5817; x_wconf 91' lang='lat' dir='ltr'>domni</span> <span class='ocrx_word' id='word_1_332' title='bbox 1918 5748 2062 5816; x_wconf 90' lang='lat' dir='ltr'>iohanni</span> 
     </span>
    </p>
   </div>
   <div class='ocr_carea' id='block_1_7' title="bbox 200 5897 2062 5986">
    <p class='ocr_par' dir='ltr' id='par_1_11' title="bbox 200 5897 2062 5986">
     <span class='ocr_line' id='line_1_31' title="bbox 200 5897 2062 5986; baseline 0 -21"><span class='ocrx_word' id='word_1_333' title='bbox 200 5897 280 5966; x_wconf 87' lang='lat' dir='ltr'>filio</span> <span class='ocrx_word' id='word_1_334' title='bbox 294 5898 370 5967; x_wconf 89' lang='lat' dir='ltr'>eius</span> <span class='ocrx_word' id='word_1_335' title='bbox 386 5901 530 5985; x_wconf 86' lang='lat' dir='ltr'>gloriosi</span> <span class='ocrx_word' id='word_1_336' title='bbox 547 5900 772 5986; x_wconf 86' lang='lat' dir='ltr'>principibus,</span> <span class='ocrx_word' id='word_1_337' title='bbox 792 5921 909 5970; x_wconf 89' lang='lat' dir='ltr'>mense</span> <span class='ocrx_word' id='word_1_338' title='bbox 926 5903 1029 5971; x_wconf 86' lang='lat' dir='ltr'>iulius</span> <span class='ocrx_word' id='word_1_339' title='bbox 1044 5901 1227 5972; x_wconf 88' lang='lat' dir='ltr'>undecima</span> <span class='ocrx_word' id='word_1_340' title='bbox 1242 5900 1441 5968; x_wconf 90' lang='lat' dir='ltr'>indictione.</span> <span class='ocrx_word' id='word_1_341' title='bbox 1463 5901 1747 5969; x_wconf 86' lang='lat' dir='ltr'>memoratorium</span> <span class='ocrx_word' id='word_1_342' title='bbox 1773 5900 1898 5967; x_wconf 81' lang='lat' dir='ltr'>factum</span> <span class='ocrx_word' id='word_1_343' title='bbox 1918 5917 1940 5966; x_wconf 94' lang='lat' dir='ltr'>a</span> <span class='ocrx_word' id='word_1_344' title='bbox 1963 5898 2062 5966; x_wconf 90' lang='lat' dir='ltr'>nobis</span> 
     </span>
    </p>
   </div>
   <div class='ocr_carea' id='block_1_8' title="bbox 0 0 2612 7092">
    <p class='ocr_par' dir='ltr' id='par_1_12' title="bbox 0 0 2612 7092">
     <span class='ocr_line' id='line_1_32' title="bbox 0 0 2612 7092; baseline 0 7"><span class='ocrx_word' id='word_1_345' title='bbox 0 0 2612 7092; x_wconf 95' lang='lat' dir='ltr'> </span> 
     </span>
    </p>
   </div>
  </div>
 </body>
</html>
