5378 7098
985 599 1321 672 MEMBRXNARUM

518 1015 523 1027 Ι
649 1011 655 1024 ,
994 944 1136 1038 Nomen

492 1037 524 1085 :l

492 1133 522 1206 4,
1042 1073 1077 1130 at
1296 1071 1503 1135 Membranae
1530 1072 1747 1135 Summarium
1787 1077 1793 1095 “

329 953 367 1273 Numerus

824 1219 854 1247 -l
927 1194 1015 1256 Anni
1031 1193 1193 1273 Principis

254 1457 449 1520 CCCXLVII
477 1458 538 1518 982
578 1459 752 1520 Decembri
821 1461 865 1520 XI
928 1462 1192 1540 ll.lmperiiBa-
1274 1462 1423 1540 Diplonla
1451 1462 1588 1522 Tribuni
1618 1462 1716 1522 Ducis
1742 1462 1803 1522 Ve-

960 1561 1035 1606 slcu
1058 1550 1090 1602 et
1113 1544 1192 1603 Cou·
1232 1547 1407 1620 raetiarum,
1432 1564 1494 1622 quo
1511 1544 1690 1604 Ecclesiam
1714 1543 1801 1604 beati

959 1642 1107 1686 sraurlul
1132 1629 1192 1688 tra·
1232 1627 1362 1704 Georgii
1379 1626 1543 1702 martyris,
1554 1626 1608 1685 ubi
1624 1625 1717 1692 adest
1730 1645 1803 1702 cap-

959 1716 1043 1767 trum
1060 1710 1192 1780 postob·
1231 1708 1318 1784 pella
1334 1709 1366 1769 S.
1384 1709 1497 1778 Marci,
1514 1727 1589 1767 cum
1605 1714 1670 1766 toto
1687 1706 1797 1766 hedifi-

958 1790 1040 1847 itum
1059 1789 1191 1854 Ioauuls
1231 1794 1293 1858 clo,
1310 1789 1416 1865 libris,
1442 1789 1607 1860 thesauro,
1625 1790 1730 1858 vinea,
1749 1807 1803 1867 pa-

960 1871 1129 1950 Cymiscllp
1231 1871 1363 1930 ludibus
1379 1871 1595 1947 omnibusque
1618 1870 1717 1930 rebus
1734 1889 1802 1928 mo·

1231 1953 1353 2013 bilibus
1370 1959 1403 2012 et
1415 1953 1639 2012 immobilibus
1653 1951 1802 2011 concedit

1230 2034 1342 2094 Ioanni
1365 2035 1556 2094 Mauroceno
1575 2033 1748 2104 monacho,
1767 2041 1802 2093 ut

1232 2117 1461 2176 Monasterium
1487 2117 1575 2174 iuxta
1597 2115 1741 2193 regulam
1767 2114 1798 2174 S.

1230 2197 1398 2256 Benedicti
1418 2196 1462 2256 ibi
1479 2198 1533 2256 slat
1545 2197 1584 2256 ad
1598 2197 1727 2256 laudern
1741 2197 1800 2256 Dei
1835 2249 1854 2290 Α
1871 2253 1892 2294 Μ

1231 2285 1264 2337 el
1279 2279 1450 2340 tuitionem
1466 2279 1602 2357 patriae.
1853 2331 1877 2375 a
1944 2274 1985 2335 13
2029 2281 2089 2344 177

249 2429 448 2494 CCCXLVIII
474 2434 536 2494 983
588 2434 736 2497 Ianuario
818 2436 862 2497 Xl
926 2435 1194 2516 aolmpelliul-
1273 2441 1409 2500 Donatio
1431 2440 1548 2500 tertiae
1572 2439 1673 2518 partis
1697 2439 1800 2499 eccle-

972 2534 1047 2581 suu
1081 2529 1114 2581 et
1141 2523 1192 2582 20.
1234 2522 1301 2581 siae
1326 2523 1382 2583 SS.
1400 2522 1461 2601 Ap.
1479 2520 1619 2598 Philippi
1645 2521 1799 2581 etiacobi

974 2601 1189 2664 Cousraurlul
1232 2623 1305 2663 cum
1323 2612 1410 2662 terra
1427 2603 1614 2682 praedictae
1632 2601 1799 2662 Ecclesiae

972 2683 1085 2746 fratris
1101 2687 1172 2746 eius
1232 2688 1405 2744 coniuncta
1434 2687 1466 2744 in
1498 2684 1567 2743 loco
1597 2683 1651 2760 qui
1682 2683 1801 2742 dicitur

1230 2767 1434 2844 Lolnccupo,
1453 2766 1539 2826 facta
1554 2763 1718 2841 Stephano
1735 2766 1800 2824 cle·

1230 2850 1298 2908 rico
1320 2849 1385 2908 filio
1412 2846 1607 2908 Theoderici
1632 2845 1799 2924 presbyte-

1230 2931 1257 2989 ri
1285 2930 1484 3008 aSymcone
1515 2927 1705 3006 presbytero
1734 2928 1800 2986 filio

1231 3011 1411 3082 Adelcllisi,
1429 3030 1492 3070 una
1512 3025 1586 3070 cum
1609 3008 1749 3068 Falcone
1766 3009 1801 3068 fi-

1230 3092 1272 3152 lio
1290 3094 1359 3151 eius
1376 3112 1392 3152 e
1409 3093 1557 3152 Luceria.
1575 3091 1647 3168 Ipsa
1671 3109 1798 3168 quoque

1231 3193 1309 3233 uxor
1321 3173 1499 3252 supradicti
1515 3171 1688 3241 Falconis
1699 3173 1801 3231 nonli-

1230 3273 1270 3314 ne
1284 3255 1421 3326 Dilecta,
1441 3255 1503 3314 sllia
1527 3251 1689 3331 quondam
1706 3253 1798 3324 Mari,

1229 3336 1508 3396 consentientibus
1537 3336 1606 3394 viro
1637 3340 1670 3393 et
1692 3334 1799 3394 iratri-

1227 3417 1288 3476 bus
1303 3419 1373 3477 eius
1387 3417 1505 3478 loanne
1520 3422 1552 3476 et
1564 3417 1674 3484 Petro,
1691 3434 1797 3476 coram

1227 3499 1335 3558 iudice
1352 3499 1509 3560 Sadelfrit
1525 3500 1622 3558 donat
1639 3497 1737 3556 ctiam
1754 3499 1800 3558 ei-

1227 3580 1301 3638 dem
1329 3582 1492 3659 Slephano
1517 3579 1645 3640 tertiam
1673 3587 1796 3657 partem

1225 3661 1393 3722 Ecclesiae
1414 3667 1447 3722 et
1473 3681 1566 3722 suum
1591 3661 1796 3738 lnorpcllcub,

1227 3749 1358 3819 recepto
1388 3743 1427 3804 ab
1463 3743 1614 3803 omnIhus
1640 3743 1798 3821 lallllcpilt

1154 3839 1156 3848 ·
1222 3827 1442 3904 ρανηὶεουῃο.
1805 3823 1885 3884 -III
1943 3820 1983 3881 92
2030 3823 2086 3888 181

258 3974 433 4037 CCCXLIX
470 3976 531 4039 983
583 3977 735 4042 Ianuario
816 3981 861 4042 XI
926 3982 978 4044 26.
1001 3985 1126 4046 Basllu
1152 3993 1186 4049 et
1267 3987 1365 4046 Aliud
1381 3987 1552 4064 exemplar
1569 3988 1796 4066 praecedentis

933 4065 1185 4128 comessamu-
1227 4070 1449 4128 tlaatranlellti.
1848 4069 1893 4128 III
1942 4067 1983 4128 93
2028 4067 2089 4130 183

933 4165 967 4207 ul
980 4149 1091 4209 fratris
1108 4150 1178 4210 eius

293 4220 395 4283 CCCL
470 4223 532 4284 983
597 4225 712 4286 Martio
815 4225 859 4286 XI
933 4231 965 4290 2.
1016 4230 1183 4293 Mausolus
1272 4229 1399 4292 Galadia
1426 4230 1465 4290 de
1492 4231 1675 4291 iuramento
1705 4250 1796 4309 prae-

957 4312 1186 4374 etloauulsfi-
1228 4313 1354 4384 stando,
1379 4313 1453 4372 data
1487 4311 1574 4372 iuxta
1612 4314 1796 4374 lnandatunl

956 4393 1080 4454 liieius
1228 4393 1357 4454 Ioannis
1386 4392 1502 4452 iudicis
1529 4391 1568 4452 ab
1588 4392 1669 4454 Urso
1701 4397 1798 4454 atria-

1228 4493 1330 4534 nensc
1367 4475 1431 4534 filio
1472 4474 1602 4534 Ioannis
1634 4475 1798 4551 inpiniust

1229 4562 1261 4616 et
1277 4557 1316 4616 ab
1332 4557 1395 4616 alio
1416 4556 1497 4617 Urso
1521 4556 1706 4616 atrianense
1729 4557 1796 4619 lilio

1229 4637 1360 4699 IoannIs
1383 4635 1600 4712 litigantibus
1616 4639 1689 4716 quia
1712 4658 1797 4700 unus

1229 4738 1268 4778 ex
1297 4718 1362 4779 hiis
1391 4719 1524 4779 arbores
1551 4718 1735 4780 absciderat
1764 4721 1796 4780 in

1228 4800 1323 4860 bonis
1347 4801 1483 4860 alterius
1511 4799 1542 4858 in
1572 4799 1642 4862 loco
1659 4801 1730 4862 Iovi
1747 4821 1800 4863 ex·

1229 4887 1279 4940 tra
1308 4881 1494 4942 Salernum.
1848 4882 1893 4944 III
1943 4882 1985 4942 94
2028 4883 2091 4945 183

287 5029 402 5094 eccm
472 5035 534 5097 983
611 5037 715 5116 Aprili
821 5039 864 5100 XI
935 5043 967 5103 2.
1019 5041 1186 5102 Mausolus
1271 5043 1417 5104 Traditio
1434 5043 1474 5103 ad
1490 5061 1546 5104 sex
1568 5061 1669 5105 annos
1692 5051 1799 5106 terrae

959 5123 1188 5185 etIoauulssl-
1229 5123 1269 5184 de
1293 5124 1469 5184 medietate
1497 5127 1578 5204 agri,
1602 5125 1657 5204 qui
1681 5127 1800 5188 dicitur

959 5205 1084 5266 liieius
1229 5207 1319 5266 Hora
1354 5207 1385 5264 in
1420 5207 1491 5267 loco
1524 5208 1689 5279 Nuceria,
1714 5209 1800 5268 facta

1228 5287 1328 5348 Mario
1354 5287 1420 5347 filio
1447 5289 1657 5350 Hamunitils
1694 5289 1798 5349 Nuce-

1228 5369 1278 5428 ria
1294 5387 1311 5426 a
1327 5369 1452 5430 Maionc
1475 5370 1542 5430 filio
1558 5370 1720 5448 quondam
1733 5371 1800 5431 Ma-

1229 5450 1338 5520 ionia,
1364 5469 1420 5528 pro
1447 5457 1602 5512 consueto
1632 5452 1797 5514 terratico.

1229 5530 1801 5610 Expletoautemcotempore,liceat

1229 5611 1337 5672 eidem
1368 5611 1469 5674 Mario
1502 5613 1592 5675 abire
1620 5620 1653 5674 et
1684 5615 1798 5677 tollere

1229 5692 1337 5752 omnia
1360 5711 1430 5754 sua.
1849 5697 1893 5760 111
1944 5697 1985 5758 95
2028 5695 2092 5759 184

281 5843 415 5910 ccctll
476 5847 537 5909 983
613 5849 718 5930 Aprili
820 5850 864 5914 XI
935 5851 966 5913 2.
1019 5853 1186 5914 Mausolus
1271 5854 1422 5916 Venditio
1457 5860 1619 5917 terrarum
1649 5858 1798 5922 Cetariae
