5378 7098
988 673 1356 748 turboltnllcts

994 1183 1333 1263 CCXXVIII.

1021 1470 1077 1541 A.
1114 1465 1165 1542 D.
1202 1463 1304 1544 964.

293 1834 529 1903 Summal't'tlm
552 1836 688 1904 tantiam
710 1833 809 1922 bulas
830 1835 987 1907 obortae.
1014 1837 1177 1903 onustato
1196 1837 1333 1917 punitam
1358 1836 1515 1912 abrasae,
1541 1816 1724 1904 cumanus.

287 1935 530 2072 †Trigesimo
551 1987 701 2056 secundo
722 2005 815 2054 anno
842 1986 1056 2072 principatus
1079 1987 1197 2054 domni
1225 1985 1370 2066 Gisolfi,
1400 2006 1517 2056 mense
1544 1989 1721 2058 Decembri
1747 1993 1869 2059 octava
1893 1992 2092 2064 indictione.

230 2141 414 2208 concessio
436 2143 553 2208 terrae
576 2158 654 2207 cum
676 2140 780 2209 vinea
805 2143 839 2208 et
861 2156 968 2207 vacuo
991 2143 1025 2207 et
1047 2141 1236 2208 castanieto
1258 2143 1292 2210 et
1312 2140 1453 2208 saliceto
1476 2138 1518 2208 de
1540 2141 1614 2209 loco
1636 2141 1757 2210 Lirino
1779 2144 1869 2212 lacta
1892 2147 1999 2214 Leoni
2024 2151 2094 2214 cal-

229 2293 361 2359 zolario
384 2292 457 2358 lilio
483 2293 629 2361 Maionis
653 2292 814 2360 monachi
838 2311 859 2360 a
882 2292 1080 2360 Grimoaldo
1104 2294 1306 2376 presbytero
1334 2293 1406 2360 filio
1428 2293 1601 2378 quondam
1626 2293 1735 2364 oiceri
1758 2295 1802 2362 ad
1816 2297 1886 2364 tria
1904 2298 2023 2382 tregia
2040 2318 2094 2366 re-

229 2426 434 2528 colligenda¹
445 2461 509 2527 pro
525 2442 708 2512 medietate
724 2441 797 2509 vini
814 2443 848 2509 et
863 2442 1024 2508 consueto
1052 2441 1229 2519 terratico,
1249 2441 1278 2508 si
1295 2441 1531 2519 seminaverit,
1549 2459 1613 2526 pro
1636 2444 1783 2511 ecclesia
1799 2445 1914 2513 Sancti
1931 2449 2088 2514 Maximi.

229 2593 333 2658 Finis
349 2595 464 2660 temtus
468 2643 624 2659 .....
650 2591 739 2676 quod
762 2592 791 2658 si
815 2591 937 2676 aliquit
958 2590 1000 2658 de
1023 2591 1112 2676 quod
1128 2593 1288 2678 superius
1310 2592 1455 2676 legitur,
1475 2593 1639 2676 quesierit
1654 2612 1828 2664 removere
1850 2600 1911 2663 aut
1934 2604 2098 2694 contrare

228 2745 261 2811 et
285 2743 372 2809 talia
394 2743 494 2810 nobis
521 2759 591 2808 non
613 2741 867 2828 adimpleverit,
894 2759 1101 2826 componere
1124 2729 1223 2810 n'obis
1246 2761 1284 2810 se
1306 2743 1474 2827 obligavit
1497 2742 1614 2812 decem
1638 2744 1765 2813 solidos
1781 2748 2093 2817 constantinianos.

228 2897 262 2960 et
289 2897 382 2962 hunc
406 2897 545 2964 brebem
564 2895 686 2979 scripsi
712 2913 779 2979 ego
804 2899 919 2980 petrus
943 2898 1100 2964 notarius
1123 2897 1180 2980 qui
1205 2897 1359 2963 interlui.

293 3017 404 3131 †ego
422 3049 475 3114 tm
480 3046 605 3131 ppoald

294 3171 324 3285 †
338 3217 404 3284 ego
421 3199 600 3267 maraldus
616 3201 786 3284 presbiter

288 3325 319 3438 †
334 3371 401 3440 ego
412 3373 514 3422 ursus
529 3353 701 3438 presbiter

290 3479 320 3590 †
335 3523 401 3592 ego
417 3510 537 3590 petrus

289 3632 400 3744 †ego
416 3661 507 3725 maio

290 3783 399 3895 †ego
416 3815 495 3878 Leo.

1023 4313 1314 4393 CCXXIX.

1029 4560 1083 4636 A.
1118 4559 1169 4637 D.
1206 4555 1309 4637 965.

293 4817 382 4954 †ln
405 4865 545 4934 nomine
559 4866 691 4932 domini
714 4867 823 4934 nostri
847 4867 945 4934 ihesu
969 4865 1070 4933 Gristi
1095 4874 1193 4934 sexto
1216 4882 1307 4932 anno
1322 4856 1460 4950 imperii
1476 4864 1594 4932 domni
1623 4865 1723 4933 basili
1746 4865 1781 4931 et
1802 4863 1920 4932 domni
1936 4866 2096 4930 constan-

241 5017 305 5084 tini
332 5017 542 5085 sanctissimi
566 5016 831 5101 imperatoribus
859 5018 1012 5095 nostris,
1038 5020 1154 5084 Mense
1183 5015 1378 5084 februarius
1408 5017 1554 5083 hoctaba
1583 5015 1783 5084 indictione.
1815 5013 1895 5081 Ideo
1928 5031 1993 5097 que
2027 5030 2094 5096 ego

234 5187 314 5238 urso
336 5169 429 5236 nlius
455 5167 611 5246 iohanni,
626 5169 684 5253 qui
707 5167 1012 5253 supranominatus
1035 5167 1081 5234 da
1102 5167 1220 5236 libolta
1243 5186 1280 5236 se
1305 5171 1414 5248 necat,
1440 5181 1484 5236 ex
1507 5169 1582 5235 loco
1605 5168 1688 5235 iana
1710 5163 1930 5252 pertinentiis
1953 5164 2093 5230 tranen-

234 5320 281 5387 sis
306 5317 468 5398 civitatis,
495 5321 579 5384 Dum
606 5317 642 5384 in
666 5315 722 5384 dei
744 5317 989 5402 omnipotentis
1011 5317 1250 5386 misericordia
1270 5319 1305 5386 te
1328 5318 1465 5403 quidem
1478 5319 1594 5403 puella
1610 5316 1750 5384 nomine
1767 5314 1916 5383 bisantia
1929 5313 2004 5382 fllia
2019 5332 2093 5381 ma-

237 5473 297 5555 gni
319 5491 364 5539 ex
386 5471 525 5538 civitate
549 5469 642 5540 melfi
665 5469 700 5536 in
724 5487 799 5538 meo
822 5469 949 5537 sociavi
972 5470 1148 5554 coniugio,
1174 5475 1269 5539 Tunc
1294 5471 1332 5538 in
1355 5471 1425 5538 alia
1446 5469 1502 5538 die
1525 5467 1988 5536 botorumrmstrorumantc
2004 5468 2092 5534 ami-

237 5637 294 5687 cos
322 5626 358 5688 et
382 5621 544 5704 parentes
567 5617 755 5688 secundum
778 5618 868 5688 ritus
891 5618 1005 5704 gentis
1027 5623 1146 5688 nostre
1173 5619 1467 5705 langobardorum
1490 5638 1553 5704 per
1580 5621 1671 5686 hunc
1695 5617 1856 5686 videlicet
1871 5617 2039 5702 scriptum
2056 5620 2092 5685 et

238 5770 425 5838 atestibus
449 5769 650 5836 roboretum
672 5767 717 5834 do
744 5767 855 5854 adque
881 5768 982 5836 trado
1007 5768 1071 5836 tiri
1093 5767 1246 5854 predicte
1273 5768 1374 5834 uxori
1404 5787 1477 5838 mee
1511 5765 1728 5853 morgincap,
1755 5769 1820 5833 boc
1848 5768 1902 5835 est
1931 5767 2090 5850 quartam

239 5935 317 6002 pars
339 5938 384 5986 ex
408 5919 565 5986 omnibus
591 5891 694 5984 rebus
717 5920 922 6002 supstantiis
945 5919 1031 5986 meis
1053 5918 1230 5986 stavilibus
1253 5921 1286 5986 et
1311 5919 1503 5993 movilibus,
1526 5921 1596 5985 tam
1620 5917 1710 6004 quod
1733 5917 1835 5984 modo
1857 5919 1956 5994 abac,
1985 5932 2089 5999 quam
