5210 7098
300 2364 458 2429 americo
474 2363 528 2426 ded
543 2362 661 2427 Codice
681 2363 718 2426 du
733 2363 787 2426 cue·
809 2359 1004 2424 cccccccccc
1027 2359 1160 2440 d'operu
1181 2361 1217 2424 do·
1239 2359 1272 2424 S.
1288 2360 1416 2426 Isidoro
1438 2363 1474 2426 dc·
1496 2361 1644 2442 Sioipu'a,
1662 2343 1719 2426 cde
1740 2365 1840 2426 crocco
1861 2363 1945 2426 delle
1970 2362 2119 2464 wimod·
2248 2401 2252 2408 -

237 2528 353 2577 ocoeau
368 2509 559 2591 Etimodope‘e
575 2509 665 2587 (ceca
678 2507 914 2588 Eucdclopedc'a
927 2505 975 2571 de'
986 2509 1086 2586 tempe
1098 2508 1180 2585 uoci,
1197 2507 1255 2570 che
1266 2507 1506 2587 pciuec'pe'oudo
1521 2508 1615 2573 dalla
1630 2509 1850 2573 uomuacua
1865 2515 1943 2574 ceute
1964 2509 2096 2599 abdrac-

243 2661 300 2724 cde
315 2661 355 2725 e'u
366 2659 507 2722 rotroco
523 2657 553 2720 de
567 2656 633 2720 acte·
648 2671 665 2718 e
681 2656 710 2719 le
724 2656 861 2731 eueuze)
875 2670 944 2718 aaa
959 2654 1047 2734 epu
1067 2655 1171 2734 sermo
1193 2655 1227 2718 lc
1248 2654 1390 2719 bedezza
1411 2655 1466 2718 dec·
1486 2657 1651 2731 cadaueri,
1667 2653 1710 2720 ue
1732 2657 1766 2720 dc
1787 2658 1973 2721 coueziaue
1988 2675 2006 2720 o
2021 2659 2098 2722 de'dc'-

237 2801 857 2888 peueepeu'ze'auedcopiareddcdc'lo
873 2801 1071 2871 secessuum
1091 2799 1121 2863 sd
1141 2802 1349 2865 uuc'cameute
1372 2801 1405 2864 lo
1425 2817 1488 2865 suo
1507 2801 1725 2865 remotissima
1746 2801 1920 2879 outiohdd,
1937 2803 1994 2866 che
2016 2803 2046 2866 ce·
2065 2801 2099 2881 sd

244 2967 336 3015 come
349 2967 419 3015 uua
434 2951 524 3030 deppc
539 2949 575 3013 dc·
589 2949 700 3028 dacplc'
711 2953 803 3028 poeto
817 2948 856 3010 o'u
870 2952 984 3028 questo
998 2944 1196 3026 Appeude‘ec.

249 3051 252 3056 .
305 3097 346 3161 Dc·
359 3113 427 3161 esso
440 3111 510 3160 uou
520 3097 621 3174 pocla
636 3097 670 3159 la
683 3090 907 3174 Peleogrephie
920 3092 1124 3166 Universelle,
1138 3091 1255 3172 poiche
1269 3107 1337 3157 acu
1351 3094 1380 3156 u·
1394 3108 1475 3155 aueo
1489 3108 1634 3156 ueeacuco
1649 3094 1787 3172 cupidae
1802 3092 1838 3156 de·
1852 3093 2067 3156 oceuzc'ouore
2083 3109 2099 3154 c

241 3245 441 3324 edpcoduue
454 3245 469 3307 e·
482 3241 659 3307 fac-similia
674 3242 876 3306 ddcdccdccc
890 3241 946 3304 che
960 3240 1056 3305 uodlu
1071 3240 1186 3304 de'ceoa
1198 3240 1237 3303 du
1257 3245 1380 3320 quaudo
1402 3237 1456 3302 ad'
1469 3242 1550 3315 oue,
1565 3255 1608 3302 ue
1627 3241 1728 3319 pauc
1746 3237 1827 3320 perd
1849 3241 1890 3304 ed
1911 3257 1932 3302 a
1954 3240 2051 3320 leupo
2073 3241 2101 3302 d

240 3393 285 3455 de
299 3389 414 3454 Rozau
426 3389 518 3452 aeda
531 3404 594 3452 sua
604 3385 668 3468 peu
681 3387 762 3450 code
776 3387 878 3449 citata
892 3385 1017 3449 dedero
1030 3403 1052 3448 a
1062 3402 1097 3464 p.
1115 3384 1167 3462 Sd,
1184 3385 1221 3449 dc·
1235 3387 1289 3448 aue·
1305 3387 1501 3464 uporoiouo
1516 3385 1742 3450 cescaaeueuu
1757 3385 1786 3448 de
1797 3386 1924 3465 parole.

309 3563 321 3593 a
339 3535 554 3617 Etymolagiae
570 3535 602 3598 S.
621 3535 734 3600 Isidori
748 3533 957 3615 Hispalensis.
977 3533 1016 3598 de
1030 3535 1214 3598 manuscrit
1229 3541 1324 3612 poue
1346 3539 1447 3598 toules
1470 3533 1514 3597 lec
1537 3530 1651 3600 lc'occ'ee
1673 3533 1720 3596 du
1741 3531 1785 3594 IX
1798 3531 1903 3604 adedo,
1920 3549 1966 3596 au
1980 3533 2099 3597 maius.

245 3683 452 3761 «Beaucoup
468 3683 509 3746 de
524 3687 604 3744 mods
618 3697 660 3744 uo
674 3685 747 3743 aaut
765 3695 828 3758 poa
849 3675 995 3759 separee;
1012 3694 1091 3760 cup
1112 3678 1177 3742 uod
1198 3678 1352 3759 quelques
1371 3678 1595 3756 poppaucus
1616 3683 1749 3743 souoeut
1769 3678 1811 3742 ds
1832 3686 1904 3744 aaut
1923 3676 2035 3758 places
2057 3693 2104 3742 ou

246 3853 260 3884 ι
282 3828 409 3892 dozacd
423 3832 453 3890 co
467 3843 545 3890 caus
559 3825 648 3908 reple
663 3799 863 3890 decumeuee
874 3842 940 3905 pac
955 3825 984 3887 le
997 3841 1083 3902 scau
1100 3825 1145 3888 lec
1159 3826 1347 3906 sipuacures
1367 3842 1390 3906 p
1413 3830 1485 3888 scut
1500 3841 1545 3890 au
1565 3826 1681 3889 uedc'eu
1702 3827 1748 3890 du
1770 3824 1828 3888 boc
1849 3825 1890 3888 de
1905 3826 1938 3888 da
1953 3823 2106 3890 deradere

247 4001 260 4032 ι
277 3991 364 4068 pepe
379 3977 425 4039 du
440 3980 606 4056 quaterue:
624 3979 695 4038 teuc
710 3974 818 4055 cipues
837 3973 1057 4038 dodubuaous
1079 3973 1109 4036 d·
1120 3988 1186 4036 uuo
1206 3974 1333 4053 pecude
1354 3971 1530 4054 autiquae.
1547 3971 1587 4036 de
1601 3975 1782 4038 maueacu'c
1797 3979 1842 4036 eet
1864 3988 1905 4037 cu
1926 3971 2106 4036 caracteres
2187 3995 2189 3998 ·

248 4120 458 4185 «candacae
472 4136 541 4184 uou
555 4117 657 4184 brues
679 4125 709 4182 ec
730 4120 771 4183 de
793 4121 883 4184 dedu
904 4121 1013 4184 maduo
1028 4117 1223 4202 differentes:
1240 4121 1268 4182 d
1283 4119 1362 4199 effre
1377 4120 1545 4198 beaucoup
1568 4119 1608 4184 de
1628 4121 1806 4196 uariantes,
1830 4123 1859 4182 et
1877 4119 2045 4199 plusieurs
2067 4120 2108 4183 dc

249 4289 262 4321 a
282 4280 333 4328 eea
348 4263 449 4328 tablee
463 4263 614 4345 oppede'ee
631 4263 810 4336 Pesoheles,
826 4265 884 4344 quc·
897 4280 940 4326 ue
957 4280 990 4327 ec
1004 4269 1155 4328 occaecat
1172 4279 1236 4344 poe
1252 4265 1336 4328 daus
1351 4263 1394 4328 lec
1410 4264 1629 4343 eueupeaues
1644 4266 1825 4344 iuopu’uoc'e.
1842 4263 1927 4328 Elles
1948 4269 2021 4328 aaut
2042 4264 2108 4326 ood-

252 4410 391 4475 «eude'ee
410 4428 498 4490 pauc
519 4413 564 4476 lea
585 4411 759 4484 duodece
781 4428 983 4476 comueucer
1004 4413 1044 4476 de
1068 4412 1128 4475 783
1142 4409 1287 4492 jusque
1308 4411 1381 4476 873.
1409 4411 1450 4476 Ce
1471 4415 1529 4493 que·
1545 4412 1642 4493 ploce
1661 4412 1913 4477 uatucedemeuc
1934 4427 1969 4475 ee
1989 4427 2109 4476 mauu·

250 4559 362 4623 moed
383 4559 468 4622 decu
490 4558 692 4622 d'c'uceroode
714 4557 754 4620 de
768 4573 820 4621 ces
835 4557 927 4622 deuoc
949 4554 1088 4640 e'papuea
1105 4564 1134 4622 et
1150 4559 1198 4622 luc·
1211 4559 1321 4623 douae
1339 4559 1416 4638 pua
1438 4560 1478 4624 de
1494 4557 1556 4622 900
1570 4573 1631 4623 oue
1653 4557 1681 4621 d'
1695 4555 1869 4640 autiquae,-
1890 4558 1917 4622 d
1936 4555 1970 4621 u’
1982 4563 2027 4621 eet
2046 4573 2109 4638 pas

249 4729 263 4760 a
282 4702 365 4767 e'cce't
379 4709 618 4778 correctemeuc,
636 4707 666 4766 et
681 4703 751 4766 cela
764 4703 848 4778 eeud,
863 4700 1174 4783 dudepeudeucmeut
1195 4705 1236 4768 de
1258 4705 1292 4767 la
1307 4705 1394 4774 dote,
1411 4705 1524 4768 carad
1543 4702 1621 4785 aum
1638 4719 1726 4784 pour
1738 4719 1790 4767 me
1805 4703 1834 4767 de
1846 4689 1940 4782 fode
1952 4717 2112 4783 soapeou·

252 4873 266 4906 ι
284 4865 347 4913 uec
360 4849 459 4914 d'uue
470 4855 564 4913 autre
579 4851 674 4914 maio
689 4865 752 4930 quo
766 4851 808 4913 de
822 4850 915 4912 cedes
931 4851 987 4914 dee
1000 4802 1126 4948 maduca
1141 4852 1180 4915 de
1195 4849 1347 4932 d'Abbope
1361 4852 1402 4916 de
1424 4851 1457 4914 da
1473 4849 1559 4915 duca
1569 4848 1607 4930 ⁴).
1624 4850 1652 4912 Ε
1670 4849 1734 4930 pdd
1747 4854 1828 4915 sodo
1843 4866 1865 4912 a
1883 4865 1918 4929 p.
1935 4848 1995 4912 dod
2008 4848 2112 4928 u'peee

247 4994 289 5057 e'u
308 4992 374 5072 piu
395 4993 487 5056 breue
503 4997 613 5075 forme
627 4994 703 5075 qued
724 4994 782 5058 che
801 4993 859 5074 ped
880 5010 962 5057 acea
983 4996 1078 5058 dedo.
1097 4993 1162 5058 «Ge
1175 4996 1359 5059 mauueeu't
1373 5001 1419 5059 esd
1433 4994 1607 5073 euformac
1619 4997 1659 5059 du
1671 4995 1762 5071 fodio,
1778 4995 1818 5058 de
1830 4992 1994 5059 mediocre
2013 5009 2114 5074 prau-

253 5162 267 5193 e
286 5139 381 5215 deur,
395 5139 481 5202 mode
496 5137 679 5218 tede-epau3
693 5139 719 5201 d
734 5137 815 5218 osdra
830 5138 997 5219 beaucoup
1018 5139 1060 5202 de
1080 5140 1200 5216 phacee,
1215 5144 1244 5203 et
1264 5139 1563 5219 paroicaduremeao
1585 5139 1640 5204 dee
1662 5139 1763 5203 dubles
1783 5138 2001 5204 uouebeeuece.
2016 5141 2115 5220 qu'ou

252 5343 686 5356 ——-—--.—..---—.-

310 5485 334 5557 ⁴)
349 5483 402 5542 Per
416 5485 508 5544 verite
519 5501 581 5542 non
595 5502 628 5543 so
642 5487 852 5560 comprendere
867 5501 950 5543 come
965 5486 1023 5543 mai
1038 5485 1077 5542 dn
1092 5503 1180 5544 nomo
1198 5496 1278 5545 tanco
1296 5487 1440 5545 avveduco
1456 5488 1533 5562 quel'
1544 5504 1594 5547 ara
1610 5489 1632 5545 il
1648 5487 1684 5545 de
1699 5487 1806 5560 Rauen,
1821 5503 1911 5562 possa
1924 5496 2013 5546 trarrc
2028 5504 2113 5562 argo-

248 5623 354 5672 mento
368 5614 447 5671 dalla
460 5615 644 5672 scorrezione
658 5613 687 5670 di
702 5625 805 5688 questo
820 5612 925 5671 Codice
939 5629 992 5687 par
1012 5629 1072 5670 non
1087 5614 1226 5671 ricenerlo
1242 5614 1341 5672 scritto
1362 5611 1445 5671 nelle
1463 5612 1551 5671 Badio
1571 5611 1718 5696 cavense!
1731 5629 1763 5671 se
1783 5613 1812 5671 el
1833 5613 1868 5670 lx
1889 5612 2004 5682 Secolo,
2021 5629 2113 5686 epoca
2182 5602 2184 5608 ¹

250 5754 302 5810 del
318 5751 436 5825 Codice,
451 5755 550 5828 quella
564 5752 652 5812 Badio
666 5769 725 5812 non
741 5755 867 5812 esisceva
880 5753 1147 5812 ancora.uam01d
1162 5753 1262 5811 indicii
1276 5754 1331 5811 che
1345 5754 1386 5811 mi
1401 5754 1472 5812 offro
1486 5761 1590 5828 questo
1605 5753 1798 5814 iatercsscnce
1810 5751 1926 5825 Codice,
1939 5753 1978 5810 ho
1990 5751 2120 5826 regione

254 5890 287 5946 di
300 5891 432 5950 crederlo
447 5893 545 5952 scritto
559 5894 638 5953 nella
651 5895 767 5953 celebre
782 5894 870 5952 Bedie
883 5895 911 5951 di
926 5893 1104 5954 Noneotule.
1192 5897 1195 5904 '
