5210 7098
962 611 1330 686 nlptbllnllctls

265 825 382 938 †ego
405 849 580 920 audelassi
628 927 630 934 Α

264 979 294 1090 †
317 1024 383 1092 666
407 1008 536 1090 petrus.

270 1141 311 1223 16
326 1157 422 1226 culce
438 1157 539 1224 iratus
554 1159 700 1228 obortae
715 1159 801 1228 llaec
815 1161 1000 1244 sequuntur
1010 1178 1086 1228 —a
1102 1161 1247 1229 meridie
1262 1163 1357 1247 passi
1373 1162 1535 1232 sidecim:
1560 1166 1605 1232 ab
1629 1165 1773 1236 orientis
1796 1168 1891 1253 passi
1915 1169 2062 1254 quadra-

205 1313 303 1395 ginta
318 1315 407 1380 tres:
426 1329 447 1378 a
462 1311 718 1396 septemtrionis
735 1313 828 1396 passi
849 1312 1048 1382 duodecim:
1067 1315 1111 1382 ab
1125 1314 1300 1384 occidente
1318 1316 1412 1401 passi
1424 1315 1660 1405 quadraginta
1676 1337 1750 1386 sex.

954 1821 1320 1902 CCCCLVIII.

988 2068 1043 2143 A.
1082 2068 1132 2144 D.
1171 2065 1274 2145 993.

263 2325 353 2460 †ln
369 2377 508 2444 nomine
522 2375 656 2443 domini
671 2375 806 2443 decimo
821 2395 913 2444 anno
928 2377 1145 2463 principatus
1161 2378 1278 2445 domni
1296 2378 1406 2445 nostri
1424 2379 1569 2446 iohanni
1585 2380 1618 2445 et
1633 2381 1757 2464 quarto
1773 2397 1865 2446 6666
1882 2377 2059 2463 principa-

202 2533 252 2598 tus
269 2530 390 2597 domni
406 2529 581 2614 guaimari
597 2530 670 2598 eius
686 2531 760 2596 filio
777 2530 922 2614 gloriosi
939 2530 1168 2616 principibus,
1187 2549 1302 2600 mense
1328 2533 1523 2599 februarius
1550 2533 1650 2598 sexta
1672 2531 1872 2600 indictione.
1892 2550 2060 2600 memora-

203 2682 335 2748 torium
359 2682 488 2748 sactum
514 2700 605 2750 ame
627 2680 824 2748 dumnellus
848 2682 1020 2766 presbiter
1043 2684 1077 2748 et
1100 2639 1205 2749 abbas
1227 2684 1396 2751 hecclesie
1423 2685 1540 2750 sancte
1566 2683 1689 2761 marie,
1708 2701 1812 2767 quem
1840 2681 2059 2767 supradictus

202 2832 353 2900 domnus
371 2832 541 2900 iohannes
557 2835 721 2918 princeps
737 2838 771 2901 61
785 2834 913 2902 domna
929 2835 1134 2920 sichelgaita
1150 2837 1362 2921 principissa
1387 2855 1474 2904 uxor
1497 2835 1571 2903 eius
1596 2854 1618 2902 a
1640 2837 1729 2901 nobo
1753 2834 1956 2902 fundamine
1979 2852 2060 2900 666-

205 2991 420 3057 61666666661
433 2989 469 3055 16
485 2991 582 3055 66616
600 3005 663 3054 666
678 2987 828 3056 deintus
843 2991 935 3056 hanc
950 2989 1199 3056 salernitanam
1216 2989 1401 3067 civitatem,
1417 3007 1456 3056 66
1472 2987 1561 3074 quod
1575 2993 1656 3055 ante
1668 2986 1855 3072 subscripti
1871 2989 1974 3055 testes
1990 2989 2060 3052 tra-

207 3140 357 3208 didimus
373 3140 417 3206 ad
434 3139 619 3206 tenendum
637 3141 671 3206 et
688 3139 951 3223 gubernandum
968 3141 1148 3220 molinum,
1169 3139 1259 3225 quod
1277 3158 1360 3224 pars
1376 3141 1487 3226 ipsius
1500 3139 1668 3208 hecclesie
1683 3143 1760 3208 abet
1781 3141 1816 3206 in
1833 3142 1936 3208 flabio
1952 3144 2059 3214 lirino

205 3291 300 3359 circa
315 3291 391 3358 suso
407 3289 484 3359 uins
500 3291 661 3371 civitatis
680 3291 814 3370 ermoli,
830 3292 867 3359 in
883 3311 925 3360 66
940 3293 1087 3371 6611666,
1105 3294 1144 3359 61
1157 3292 1281 3359 amodo
1296 3295 1331 3359 et
1346 3309 1455 3376 usque
1470 3309 1576 3359 unum
1595 3311 1721 3359 annum
1738 3296 1943 3379 completum
1961 3297 2060 3364 incli-

205 3448 276 3512 tum
295 3447 372 3529 ipso
387 3444 517 3511 molino
532 3462 609 3510 oum
627 3446 717 3510 mole
734 3446 791 3510 het
806 3444 996 3514 serraturia
1013 3446 1048 3511 et
1064 3444 1175 3512 omnis
1190 3425 1310 3511 ordine
1325 3463 1386 3510 suo
1403 3462 1504 3528 quem
1528 3444 1628 3512 modo
1651 3445 1684 3512 ei
1707 3446 2006 3531 adsingnavimus,
2025 3456 2059 3517 et

205 3599 248 3666 de
261 3598 339 3683 ipso
352 3599 482 3666 molino
497 3615 580 3664 cura
596 3600 631 3664 61
642 3595 844 3682 vigilatione
860 3595 988 3663 exinde
1004 3599 1118 3675 abere,
1138 3597 1228 3664 siout
1245 3595 1341 3665 decet
1359 3597 1463 3664 abere
1479 3600 1607 3664 bonum
1623 3599 1839 3693 molinatum,
1859 3601 1895 3666 ut
1911 3600 2061 3683 pleniter

203 3756 349 3834 possent
365 3752 442 3836 ipso
458 3752 588 3818 molino
604 3754 792 3830 macidane,
813 3757 847 3819 61
863 3771 926 3836 per
943 3768 1061 3820 omnes
1078 3769 1212 3819 menses
1229 3751 1314 3819 dare
1332 3751 1418 3818 mihi
1435 3755 1489 3818 rel
1505 3753 1541 3818 in
1559 3770 1641 3836 pars
1657 3751 1767 3836 ipsius
1783 3753 1961 3831 hecclesie,
1980 3771 2063 3838 quo-

204 3903 310 3972 modo
326 3903 465 3972 dederit
479 3904 611 3971 molina
627 3903 787 3973 domnica
804 3907 839 3973 et
854 3904 986 3972 molina
1001 3904 1203 3972 monasterii
1220 3902 1330 3970 sancti
1346 3902 1530 3981 venedicti‚
1550 3921 1702 3986 granum
1720 3905 1847 3970 bonum
1865 3903 1907 3970 ad
1925 3923 2061 3972 mensu-

205 4055 318 4124 riade
334 4057 412 4142 ipsa
428 4057 560 4124 molina
576 4057 689 4123 culma
712 4059 921 4136 mensurata,
940 4058 975 4123 61
998 4055 1041 4123 ad
1067 4057 1180 4141 ipsum
1203 4074 1333 4122 annum
1357 4056 1565 4139 completum
1595 4055 1671 4138 ipso
1694 4054 1860 4121 molinum
1886 4055 2061 4140 cumipse

207 4207 356 4276 hordine
372 4227 434 4276 666
451 4208 629 4276 remittere
646 4209 689 4276 ad
706 4210 915 4294 potestatem
932 4207 1041 4294 ipsius
1056 4207 1232 4276 hecclesie:
1251 4211 1368 4292 preter
1383 4207 1426 4274 da
1450 4225 1567 4274 mense
1590 4187 1729 4290 magius
1752 4225 1857 4292 usque
1880 4207 1956 4291 ipso
1979 4225 2060 4274 con-

204 4359 363 4427 stitutum
382 4359 506 4427 sicilie
522 4358 565 4426 de
581 4362 671 4428 mole
688 4359 730 4430 de
746 4361 821 4446 ipso
837 4362 966 4429 molino
982 4361 1159 4428 nobiscum
1177 4360 1315 4439 faciant,
1335 4360 1437 4426 sicuti
1454 4358 1573 4427 fecerit
1595 4359 1671 4443 ipsa
1693 4356 1822 4424 molina
1844 4357 2004 4424 domnica
2027 4359 2062 4424 61

204 4515 335 4582 molina
352 4515 555 4583 monasterii
574 4517 686 4583 sancti
702 4515 885 4584 venedicti.
904 4516 996 4586 unde
1012 4518 1048 4583 in
1065 4535 1105 4586 66
1122 4515 1245 4583 ordine
1260 4514 1390 4600 guadia
1406 4512 1492 4580 mihi
1508 4513 1583 4607 ipse
1599 4513 1757 4580 hermulo
1773 4511 1869 4579 dedit
1884 4514 1918 4578 et
1932 4510 2064 4579 media·

203 4670 318 4734 torem
335 4667 423 4734 mihi
439 4669 556 4754 posuit
571 4669 741 4736 iohannes
756 4669 956 4738 atrianense
970 4669 1063 4736 fliius
1078 4667 1238 4736 mansoni
1254 4667 1396 4734 iohanni
1414 4667 1525 4752 longi3
1544 4667 1579 4732 et
1594 4684 1655 4750 per
1678 4667 1757 4750 ipsa
1779 4664 1908 4750 guadia
1931 4665 2064 4750 obliga-

204 4823 258 4890 vit
273 4841 323 4902 se,
342 4825 381 4890 ut
397 4823 427 4891 si
444 4821 570 4908 aliquit
584 4823 665 4892 inde
681 4827 858 4893 remobere
874 4827 932 4891 aut
947 4826 1108 4890 contrare
1123 4822 1290 4908 quesierit
1305 4820 1439 4888 attalia
1454 4836 1524 4886 666
1540 4818 1782 4905 adimpleverit
1798 4819 1840 4886 ad
1858 4838 1942 4904 pars
1953 4820 2064 4904 ipsius

206 4978 390 5052 hecclesie,
408 4979 491 5045 tunc
507 4996 570 5063 per
586 4979 663 5064 ipsa
679 4975 1267 5065 6666116666666666611116661166
1284 4976 1370 5044 mihi
1385 4977 1441 5044 vel
1458 4974 1494 5042 in
1510 4993 1594 5060 pars
1618 4975 1728 5059 ipsius
1751 4975 1920 5043 hecclesie
1944 4973 2062 5040 decem

209 5128 289 5196 auri
305 5129 433 5198 solidos
449 5129 673 5210 66616611666,
690 5133 725 5198 61
742 5131 861 5198 omnia
876 5130 1114 5215 suprascripta
1131 5131 1167 5196 in
1183 5127 1302 5198 eadem
1319 5128 1492 5198 hecclesia
1508 5125 1750 5210 adimplerent.
1770 5127 1804 5191 et
1818 5125 1911 5190 hunc
1925 5121 2063 5189 brebem
2162 5099 2165 5104 ⁵

210 5281 338 5366 scripsi
361 5299 427 5367 666
451 5284 621 5352 iohannes
644 5287 801 5353 notarius
825 5285 882 5370 qui
908 5285 1060 5352 interfui.

267 5403 298 5516 †
321 5451 387 5518 666
410 5433 607 5501 teudericus
631 5453 685 5503 me
708 5436 898 5521 subscripsi

266 5557 296 5670 †
319 5603 386 5671 666
409 5589 529 5671 petrus

266 5711 296 5823 †
319 5756 387 5824 666
411 5740 582 5810 16666666
605 5758 660 5809 me
683 5743 884 5848 subscripsi.
