5216 7092
617 532 679 595 150
1281 519 1444 592 CODEX
1483 520 1715 593 CAVENSIS

569 737 766 833 monimina
787 766 822 834 et
845 763 941 833 brebi
964 762 1109 849 sigillati
1133 763 1340 841 continunt,
1366 763 1543 833 nobiscum
1567 765 1702 830 etcum
1725 764 1854 832 nostris
1874 738 2059 836 heredibus
2087 786 2230 838 causare
2259 775 2319 839 aut
2342 789 2407 842 con·

522 997 524 1002 .
569 918 713 986 tendere
736 920 833 985 nullo
855 917 957 985 modo
980 909 1151 1002 poterent.
1177 917 1278 984 Modo
1296 916 1438 1002 'quidem
1454 935 1521 1002 ego
1537 917 1736 984 nominatus
1751 935 1852 987 ursus
1868 937 1946 985 cum
1962 921 2075 1005 ipsum
2100 917 2268 990 iohannes
2282 924 2407 994 coniun-

568 1073 623 1137 tus
646 1087 732 1148 sum,
758 1087 799 1137 co
823 1069 912 1155 quod
936 1069 1012 1156 ipsa
1035 1071 1152 1150 rebus,
1176 1088 1243 1156 que
1265 1070 1341 1155 ipsa
1362 1087 1424 1163 sua
1447 1071 1546 1136 carta
1569 1068 1733 1149 continet,
1755 1089 1818 1155 per
1841 1071 1914 1156 ipse
1932 1073 2023 1152 finis,
2045 1092 2143 1159 quem
2163 1076 2229 1160 ipsi
2254 1075 2323 1143 mei
2344 1096 2408 1162 ger-

573 1221 669 1288 mani
692 1222 725 1289 ei
748 1222 874 1300 emisit,
901 1239 1117 1289 communem
1140 1223 1248 1289 abunt
1270 1241 1348 1290 cum
1371 1223 1437 1306 ipsi
1462 1222 1623 1306 germani
1639 1223 1719 1301 mei,
1738 1225 1771 1290 et
1792 1240 1856 1307 pro
1878 1242 1945 1309 quo
1962 1225 2035 1310 ipsa
2049 1226 2189 1293 illorum
2207 1226 2408 1298 medietatem

571 1371 682 1442 eidem
706 1373 850 1440 iohanni
874 1391 938 1457 per
960 1374 1034 1458 ipse
1055 1373 1158 1451 finis,
1184 1390 1249 1458 que
1274 1373 1351 1457 ipsa
1367 1390 1486 1441 eorum
1509 1376 1604 1440 carta
1626 1374 1802 1452 eontinet,
1828 1375 2061 1444 venumdedit.
2087 1376 2166 1444 ideo
2189 1379 2320 1463 guadia
2341 1381 2409 1450 mihi

572 1528 647 1612 ipso
671 1527 841 1594 iohannes
864 1526 958 1594 dedit
980 1529 1015 1594 et
1037 1526 1205 1595 mediator
1228 1526 1315 1593 mihi
1337 1526 1450 1611 posuit
1472 1509 1591 1611 petrus
1612 1527 1812 1595 atrianense
1834 1528 1926 1596 filius
1948 1529 2043 1608 ursi,
2068 1529 2128 1614 qui
2156 1533 2305 1599 vocabat
2318 1531 2359 1599 da
2371 1533 2411 1600 lu·

571 1680 734 1764 portum3
759 1682 794 1746 et
820 1695 879 1762 per
902 1677 1020 1746 eadem
1045 1677 1175 1763 guadia
1198 1679 1367 1762 obligabit
1387 1697 1426 1746 se
1448 1678 1521 1764 ipse
1540 1679 1708 1746 iohannes
1730 1681 1766 1746 et
1787 1697 1867 1746 suos
1890 1680 2043 1758 heredes,
2075 1682 2113 1747 ut
2136 1681 2214 1765 ipsa
2236 1682 2411 1748 monimina

572 1832 608 1899 et
631 1833 770 1900 brebem
795 1832 985 1916 sigillatum
1010 1851 1110 1918 quem
1133 1832 1201 1916 ipsi
1221 1831 1377 1916 germani
1401 1833 1469 1901 mei
1493 1835 1526 1898 ei
1549 1832 1593 1900 ad
1611 1831 1844 1900 defensionem
1861 1829 1968 1909 dedit,
1994 1833 2083 1899 salbi
2099 1833 2151 1899 ilii
2168 1833 2280 1902 facere
2303 1834 2414 1918 absque

572 1984 843 2069 degeneratione
865 1987 900 2050 et
921 1984 1031 2068 ingne
1044 2004 1055 2070 ;
1079 1987 1114 2051 et
1132 1983 1271 2069 quando
1293 1985 1391 2051 nobis
1414 1985 1450 2051 et
1476 1983 1520 2050 ad
1537 1985 1666 2050 nostris
1692 1983 1876 2053 heredibus
1901 2001 2047 2074 ¹necesse
2073 1985 2203 2053 suerint
2229 1983 2413 2071 supradicta

572 2136 763 2205 monimina
787 2139 822 2204 et
846 2137 986 2203 brebem
1009 2135 1213 2220 sigillatum,
1240 2133 1329 2221 quod
1352 2136 1428 2220 ipse
1451 2135 1620 2205 iohannes
1642 2139 1728 2220 aput
1749 2155 1787 2204 se
1809 2136 1916 2235 abuit,
1935 2138 2017 2204 tunc
2040 2136 2142 2206 deant
2164 2137 2265 2206 nobis
2280 2137 2341 2205 ille
2354 2137 2413 2222 ipsc

573 2288 741 2356 iohannes
764 2290 799 2354 et
821 2288 894 2355 eius
917 2286 1058 2356 heredes
1082 2286 1169 2354 mihi
1184 2288 1220 2354 et
1236 2286 1280 2354 ad
1304 2285 1390 2355 meis
1411 2287 1606 2366 heredibus
1632 2288 1670 2354 ut
1691 2289 1853 2355 abeamus
1869 2304 1933 2354 nos
1953 2307 2006 2366 ea,
2027 2287 2163 2373 quando
2179 2289 2279 2356 nobis
2295 2306 2415 2358 necesse

570 2439 676 2507 fuerit
698 2457 762 2523 pro
785 2440 863 2524 ipsa
885 2442 985 2508 rebus
1009 2457 1075 2524 que
1094 2436 1164 2523 ipsi
1188 2439 1347 2558 germani
1373 2440 1440 2506 mei
1464 2458 1525 2524 per
1549 2439 1626 2523 ipsa
1648 2443 1792 2507 certast
1815 2457 1877 2525 per
1892 2439 1973 2506 finis
1989 2457 2055 2524 que
2070 2441 2236 2519 continet,
2256 2441 2415 2508 e1dem1o

571 2593 680 2661 banni
704 2592 993 2661 venumdedit:e
995 2594 1088 2661 tubi
1113 2539 1218 2660 finem
1242 2591 1425 2660 fecerimus
1448 2592 1522 2660 de
1513 2611 1592 2677 ipsa
1608 2594 1723 2670 rebus,
1742 2592 1819 2677 ipsa
1843 2591 2035 2659 monimina
2050 2593 2109 2659 et
2100 2611 2211 2680 ipsum
2232 2594 2414 2662 brebemsi·

574 2746 735 2831 gilletum
758 2747 872 2825 salbi,
898 2746 1011 2832 qualis
1035 2747 1131 2814 illam
1154 2746 1254 2814 nobis
1276 2697 1410 2816 dederit
1395 2750 1496 2833 tper
1519 2762 1638 2813 omnes
1661 2745 1753 2814 bices
1784 2745 1900 2830 aput
1891 2763 2002 2830 ipsum
2027 2748 2195 2814 iohannes
2219 2751 2255 2813 et
2277 2747 2351 2814 eius
2369 2749 2417 2814 he·

571 2897 671 2967 redes
694 2899 920 2978 remittamus,
946 2898 1115 2966 abendum
1139 2917 1197 2968 eas
1220 2901 1258 2967 in
1280 2896 1453 2984 predictas
1475 2899 1639 2976 rationes,
1658 2899 1693 2965 et
1709 2915 1770 2982 per
1785 2913 1904 2964 omnes
1921 2899 2013 2966 bices
2034 2899 2160 2966 abeant
2182 2900 2336 2984 spatium
2356 2899 2416 2983 ipse

571 3053 741 3121 iohannes
763 3055 797 3121 et
821 3054 895 3121 eius
917 3052 1075 3133 heredes,
1101 3052 1239 3138 quando
1260 3069 1463 3122 noseorum
1486 3050 1676 3119 monimina
1698 3051 1774 3134 ipsa
1797 3053 1831 3121 et
1846 3053 1983 3118 brebem
2000 3050 2227 3137 quesierimus
2240 3051 2414 3136 sigillatum

572 3206 691 3274 diebus
714 3204 844 3306 decem,
870 3209 908 3274 ut
926 3206 1022 3274 illam
1046 3206 1146 3272 nobis
1168 3203 1274 3273 deant
1295 3205 1332 3272 in
1355 3222 1396 3272 eo
1418 3204 1541 3273 ordine
1563 3222 1665 3290 quem
1684 3153 1851 3272 diximus.
1871 3200 2049 3288 (Sequitur
2068 3201 2221 3285 [oracula
2247 3204 2414 3270 comma:

571 3358 667 3436 Quod
689 3359 719 3428 si
747 3361 813 3426 etc.
847 3359 910 3431 Qut
926 3360 1036 3440 pocta
1058 3373 1124 3422 ooo
1146 3358 1256 3425 semer
1278 3357 1447 3426 multatur
1469 3358 1603 3425 centum
1626 3356 1744 3424 corcis
1765 3354 1882 3422 solidis
1903 3353 2221 3441 constantissimis).
2251 3356 2287 3420 et
2312 3369 2373 3438 ego
2391 3352 2416 3418 ei

575 3529 630 3579 me
653 3529 715 3596 per
742 3511 873 3596 guadia
896 3511 1064 3596 obligati,
1091 3513 1128 3577 ut
1149 3509 1287 3596 quando
1308 3509 1341 3580 ei
1364 3511 1418 3578 vel
1441 3509 1485 3576 ad
1508 3510 1583 3577 eius
1606 3507 1753 3576 heredes
1775 3523 1916 3575 necesse
1938 3505 2068 3574 suerint
2090 3506 2284 3572 monimina
2302 3505 2374 3589 ipsa
2391 3505 2418 3570 et

577 3667 717 3734 brebem
740 3665 885 3751 sigillati
901 3683 1002 3750 quem
1024 3682 1088 3734 nos
1110 3664 1262 3743 abemus,
1288 3666 1327 3730 ut
1349 3680 1413 3749 per
1436 3679 1554 3730 omnes
1578 3661 1671 3729 bices
1693 3660 1786 3727 infra
1808 3658 1929 3729 diebus
1952 3658 2071 3726 decem
2095 3659 2175 3727 illas
2197 3659 2230 3726 ei
2245 3658 2373 3743 demus3
2392 3657 2420 3723 et

576 3818 637 3885 ubi
659 3817 763 3888 finem
786 3765 907 3884 fecerit
929 3816 972 3884 de
997 3817 1075 3901 ipsa
1097 3816 1210 3894 rebus,
1236 3815 1416 3882 remittant
1434 3814 1531 3882 illam
1555 3815 1641 3898 aput
1654 3829 1717 3880 nos
1740 3813 1775 3879 et
1797 3812 1933 3878 nostros
1956 3809 2113 3888 heredes,
2130 3809 2302 3878 abendum
2317 3827 2369 3877 eas
2387 3809 2418 3874 in

576 3971 737 4056 predicta
752 3971 888 4040 ratione
911 3937 974 4056 per
996 3969 1199 4057 supradicta
1221 3964 1351 4055 guadia
1373 3972 1408 4038 et
1429 3968 1608 4054 obbligata
1633 3985 1736 4052 pena.
1756 3968 1790 4034 et
1805 3983 1872 4051 ego
1893 3965 2013 4051 petrus
2036 3964 2195 4032 notarius
2210 3964 2270 4048 qui
2294 3961 2417 4031 interfui

575 4126 610 4193 et
634 4141 703 4192 unc
726 4125 865 4193 brebem
889 4123 1026 4208 scripsi.

636 4249 665 4362 †
682 4293 748 4362 ego
764 4275 943 4344 adenolfus

638 4403 668 4516 †
691 4449 758 4516 ego
781 4429 938 4517 desigius

640 4555 669 4667 †
684 4603 751 4668 ego
766 4586 837 4651 toto
851 4583 1010 4651 notarius
1026 4600 1082 4650 me
1097 4579 1297 4666 subscripsi.

1340 5085 1696 5168 CCCXXVII.

645 5607 734 5744 †In
755 5655 895 5722 nomine
917 5651 1085 5720 dominit
1086 5647 1244 5718 ricesimo
1265 5649 1341 5734 sept
1342 5645 1412 5713 imo
1426 5661 1518 5714 anno
1533 5643 1711 5730 principat
1713 5661 1752 5710 us
1697 5639 1886 5709 tdomni
1901 5639 2012 5708 nostri
2028 5569 2172 5724 paldold
2188 5630 2328 5720 gloriosi
2344 5624 2428 5712 prin-

588 5811 677 5896 cipis
701 5811 737 5878 et
754 5807 902 5877 secundo
926 5825 1019 5874 anno
1039 5804 1254 5892 principatus
1276 5801 1351 5870 eius
1373 5799 1525 5878 salerni,
1561 5799 1595 5868 et
1580 5798 1718 5864 tsoxto
1744 5811 1835 5862 anno
1857 5793 2075 5880 principatus
2097 5787 2215 5857 domni
2243 5773 2427 5871 paldclflfl·

2576 5135 2577 5216 i

1384 5331 1669 5415 A..D980.
