5252 7102
1196 551 1378 625 ‘00qu
1422 549 1656 624 ulvhNSls

1214 1003 1645 1085 CCCLXXXVI.

1275 1193 1330 1325 a.
1368 1248 1418 1326 0.
1456 1245 1560 1325 sao.

551 1508 586 1644 †
609 1565 648 1630 ln
663 1562 801 1648 nomine
815 1559 948 1638 domini
963 1560 1018 1628 dei
1041 1560 1206 1628 salvatori
1229 1558 1328 1625 ihesu
1343 1557 1451 1636 cristi,
1469 1556 1679 1654 temporibus
1694 1556 1813 1632 domni
1835 1559 2009 1628 mansonis
2032 1559 2177 1644 gloriosi
2200 1559 2297 1629 ducis
2310 1565 2346 1630 et

493 1708 1511 1799 11111011011000111011,01101100011110110110,01111111οοί010
1535 1727 1626 1778 anno
1652 1709 1771 1778 domni
1798 1711 1960 1780 iohannis
1986 1711 2131 1796 gloriosi
2158 1710 2254 1779 ducis
2280 1713 2345 1780 filii

492 1866 579 1944 eius,
597 1863 654 1931 die
676 1863 932 1950 quintadecima
955 1863 1084 1933 mensis
1107 1864 1204 1942 iulii,
1230 1862 1419 1931 indictione
1442 1858 1761 1950 quintadecima⁴),
1787 1863 1914 1930 amalfi.
1939 1861 2106 1949 ideoque
2133 1880 2200 1948 ego
2221 1865 2345 1935 mulier

494 2017 635 2085 nomine
651 2017 783 2101 regalis
797 2014 929 2083 domini
947 2017 1064 2102 gratia
1079 2015 1219 2084 ducissa
1234 2032 1325 2082 uxor
1340 2015 1570 2100 suprascripti
1585 2014 1703 2082 domni
1718 2013 2040 2100 iohannisgloriosi
2056 2015 2153 2084 ducis
2168 2035 2232 2103 per
2248 2021 2344 2086 abso·

493 2169 657 2236 lationem
672 2167 823 2236 eiusdem
840 2167 957 2236 domni
975 2168 1042 2235 viri
1059 2169 1138 2246 mei,
1157 2170 1195 2236 in
1210 2167 1309 2235 cuius
1325 2166 1503 2234 mundium
1527 2185 1583 2234 me
1606 2167 1714 2234 fateor
1737 2167 1924 2244 subiacere,
1943 2185 2081 2252 unaque
2103 2185 2236 2235 mecum
2261 2170 2347 2237 assi·

491 2319 601 2386 stente
615 2322 649 2386 01
664 2319 901 2386 consentiente
915 2319 1042 2387 domno
1058 2319 1217 2387 arechiso
1232 2319 1392 2404 genitore
1408 2335 1495 2396 meo,
1513 2319 1547 2385 et
1568 2336 1635 2402 ego
1658 2320 1921 2403 prenominatus
1943 2319 2120 2387 arechisus
2143 2319 2181 2386 in
2203 2321 2343 2387 robora·

494 2469 590 2536 tione
605 2469 804 2538 donationis
825 2471 926 2538 istius
950 2471 1057 2540 fateor
1072 2489 1128 2538 1110
1142 2470 1287 2556 propria
1302 2471 1478 2537 voluntate
1494 2469 1703 2547 consentire,
1721 2471 1756 2538 et
1770 2471 1870 2536 ambo
1892 2470 2104 2538 unanimiter
2127 2469 2345 2538 donationem

495 2621 607 2706 ipsam
622 2621 768 2690 inferius
784 2624 988 2690 reclaratam
1004 2627 1171 2708 perhanc
1187 2625 1381 2691 chartulam
1398 2622 1513 2691 iacere
1529 2624 1564 2690 et
1579 2623 1795 2690 confirmare.
1815 2624 1950 2691 interea
1965 2622 2171 2691 donavimus
2181 2627 2216 2690 et
2238 2620 2346 2688 tradi-

497 2774 611 2842 dimus
627 2773 691 2842 tibi
705 2777 841 2843 nicetae
857 2775 1033 2862 imperiali
1049 2777 1296 2862 prospathario
1312 2777 1483 2861 compatri
1498 2778 1616 2844 nostro
1629 2777 1816 2846 sortionem
1831 2779 1987 2846 nostram
2008 2776 2205 2860 plenariam
2227 2775 2270 2844 de
2292 2796 2347 2844 re

495 2928 557 2993 bus
573 2926 616 2994 de
631 2929 706 2994 loco
721 2927 828 2996 veteri
844 2928 1053 2996 salernitane
1069 2928 1198 2995 linibus
1213 2928 1279 2995 ista
1294 2929 1328 2994 et
1344 2928 1408 2994 illa
1430 2929 1530 3020 parte
1555 2927 1649 2994 duvii
1673 2927 1794 2996 boneie
1815 2931 1918 2995 iuxta
1940 2929 2022 2996 litus
2045 2927 2203 2996 videlicet
2224 2931 2343 3006 maris,

493 3095 584 3162 quae
599 3082 650 3148 est
663 3081 759 3146 terra
775 3067 883 3147 vacua
897 3081 980 3148 illuc
990 3051 1143 3148 ¹habente
1157 3081 1306 3146 canneto
1318 3083 1357 3146 et
1372 3079 1515 3147 saliceto
1532 3079 1711 3172 aliquanto
1727 3066 1762 3147 01
1777 3081 1889 3159 vinea,
1903 3079 1946 3148 de
1961 3080 2084 3165 quibus
2095 3081 2268 3190 predictus
2283 3101 2346 3166 ge

494 3232 587 3299 nitor
603 3251 698 3300 meus
714 3250 792 3298 cum
808 3233 1010 3318 iohaquinto
1026 3232 1200 3302 castaldeo
1217 3251 1384 3318 germano
1400 3250 1462 3300 suo
1477 3234 1632 3301 barbano
1648 3251 1725 3301 meo
1739 3235 1894 3302 coniunti
1909 3234 2048 3303 suerunt
2065 3239 2101 3301 at
2125 3237 2249 3302 bonam
2265 3252 2346 3303 con-

494 3385 704 3452 venientiam
721 3404 798 3452 cum
814 3384 994 3471 aldegario
1009 3386 1066 3476 qui
1081 3384 1297 3452 domnandus
1315 3386 1467 3464 vocatur,
1486 3387 1521 3452 et
1535 3385 1748 3470 gaidenardo
1763 3387 1822 3471 qui
1840 3389 2013 3471 iaquintus
2037 3391 2190 3466 vocatur,
2209 3400 2348 3473 germa-

495 3537 549 3604 nis
564 3535 647 3604 filiis
663 3536 809 3604 mascini
825 3537 989 3615 aurificis,
1009 3537 1046 3604 111
1062 3538 1185 3622 quibus
1200 3537 1268 3621 ipsi
1286 3538 1447 3620 germani
1463 3538 1665 3606 aecclesiam
1681 3539 1847 3606 vocabulo
1862 3538 1970 3606 sancti
1987 3539 2149 3607 iohannis
2172 3543 2348 3607 construc-

493 3689 568 3755 tam
584 3691 721 3768 hahent,
741 3691 776 3755 et
789 3689 1003 3774 aliquantam
1019 3690 1170 3758 vineam.
1187 3688 1274 3757 illud
1289 3687 1332 3756 de
1349 3707 1416 3756 una
1432 3691 1533 3773 parte
1548 3689 1644 3756 fluvii
1668 3690 1773 3757 habet
1795 3690 1902 3760 fines:
1927 3710 1949 3757 a
1970 3693 2069 3776 parte
2092 3653 2235 3760 orientis
2257 3695 2346 3761 sicut

494 3839 685 3925 predictum
703 3840 845 3910 fluuium
860 3843 1023 3911 decurrit:
1041 3843 1084 3910 de
1101 3844 1220 3912 subtus
1234 3843 1340 3910 finem
1352 3841 1437 3910 litus
1448 3843 1566 3911 maris:
1582 3843 1625 3912 de
1637 3843 1707 3911 alia
1718 3845 1819 3929 parte
1829 3843 1918 3912 sicut
1929 3821 2083 3913 ascendit
2094 3865 2156 3930 per
2167 3844 2287 3948 pedem
2301 3845 2345 3912 de

493 3996 609 4063 monte
625 3995 682 4080 qui
698 3995 826 4065 dicitur
843 3998 961 4076 110010,
972 4015 1060 4082 quae
1076 3999 1128 4064 est
1142 3997 1229 4065 fines
1241 3998 1359 4065 nostra
1370 3999 1405 4066 et
1415 3997 1502 4066 fines
1518 3995 1718 4066 domnandi:
1736 3997 1893 4084 desuper
1907 3987 1993 4066 fines
2005 3998 2147 4084 pedede
2159 4003 2345 4087 mortequi

491 4151 618 4218 dicitur
636 4152 761 4232 fabale,
781 4170 870 4237 quae
886 4155 938 4220 est
953 4152 1039 4222 fines
1054 4155 1173 4220 nostra
1188 4155 1222 4218 01
1237 4153 1326 4219 sicut
1340 4151 1495 4221 decurrit
1509 4169 1618 4237 usque
1632 4153 1672 4220 in
1689 4153 1800 4236 ipsum
1823 4151 1975 4219 fluvium.
1995 4151 2081 4220 illud
2103 4171 2185 4220 vero
2207 4154 2249 4224 de
2272 4156 2343 4222 alia

491 4307 593 4390 parte
609 4279 760 4372 fluminis
774 4305 879 4372 habet
893 4304 992 4372 fines:
1011 4303 1140 4372 deuna
1156 4306 1254 4391 parte
1270 4304 1385 4389 ipsum
1401 4303 1555 4373 fluvium:
1573 4303 1747 4372 desubtus
1763 4304 1922 4390 usquein
1938 4321 2046 4384 mare,
2065 4303 2270 4374 decurrente
2280 4324 2344 4390 per

492 4457 597 4523 finem
614 4457 721 4525 maris
736 4473 839 4540 usquc
857 4459 894 4522 at
908 4455 1012 4524 finem
1034 4453 1144 4523 leonis
1167 4454 1232 4522 filii
1259 4455 1417 4539 gregorii
1444 4455 1627 4522 butronilis
1653 4457 1713 4540 qui
1740 4455 2005 4540 cognominatur
2033 4456 2181 4534 ieiunus,
2199 4459 2233 4523 et
2260 4455 2345 4522 inde

491 4610 577 4676 salet
593 4626 654 4692 per
669 4607 773 4676 finem
789 4607 908 4686 leonis,
928 4607 1076 4674 liverata
1090 4607 1166 4690 ipsa
1181 4606 1250 4672 fine
1265 4605 1340 4672 eius
1355 4607 1440 4674 salet
1454 4623 1560 4692 usque
1576 4607 1613 4673 at
1628 4605 1738 4691 ipsam
1752 4606 1923 4674 civitatem
1936 4607 2097 4683 veterem,
2113 4608 2148 4674 01
2161 4624 2222 4691 per
2234 4606 2346 4690 ipsam

493 4747 670 4827 civitatem
686 4763 838 4828 veterem
855 4751 1084 4828 descendente
1100 4777 1164 4845 per
1179 4759 1317 4844 partem
1335 4759 1604 4842 septemtrionis,
1624 4759 1713 4828 sicut
1726 4761 1842 4828 nostra
1856 4759 2068 4844 pertinentia
2091 4761 2143 4826 est
2165 4761 2199 4826 01
2222 4759 2346 4826 decur-

490 4912 545 4978 ret
560 4929 668 4996 usque
684 4910 720 4976 111
736 4911 929 4996 predictum
945 4912 1083 4979 fiumen.
1104 4911 1212 4978 intras
1228 4913 1291 4979 has
1306 4911 1394 4980 fines
1409 4910 1564 4980 dedimus
1586 4913 1621 4978 et
1637 4911 1838 4982 tradidimus
1860 4913 1922 4980 tibi
1947 4912 2190 4998 prenominato
2213 4912 2348 4980 nicetae

490 5063 665 5148 imperiali
681 5063 960 5148 protospathario
975 5064 1144 5148 compatri
1159 5065 1281 5132 nostro
1297 5064 1409 5149 ipsam
1425 5063 1611 5132 sortionem
1628 5067 1780 5134 nostram
1797 5065 2002 5150 plenariam,
2016 5083 2102 5150 quae
2114 5065 2221 5131 michi
2233 5065 2347 5132 nomi-

490 5219 572 5283 nate
586 5217 700 5302 regali
717 5215 854 5284 ducisse
870 5215 1011 5282 obbenit
1028 5215 1164 5300 abipso
1183 5216 1421 5301 suprascripto
1436 5215 1592 5285 arechiso
1608 5217 1767 5301 genitore
1782 5234 1869 5296 11100,
1891 5219 1999 5284 totum
2016 5196 2182 5302 quantum
2206 5217 2348 5302 genitor

490 5383 585 5433 meos
604 5365 696 5434 infra
711 5367 807 5451 ipsas
821 5367 909 5436 fines
924 5367 1057 5445 habuit,
1076 5333 1253 5452 integrum
1270 5370 1305 5434 et
1320 5367 1394 5434 sine
1412 5366 1592 5436 minuitate
1607 5369 1703 5436 vobis
1718 5367 1875 5436 dedimus
1898 5371 1932 5436 et
1946 5368 2155 5438 tradidimus
2178 5385 2255 5435 cum
2279 5369 2351 5436 viis

492 5519 564 5586 suis
580 5521 615 5585 et
630 5519 788 5586 omnibus
803 5512 929 5588 ibidem
945 5519 1147 5588 habentibus
1163 5522 1198 5588 et
1213 5518 1475 5604 pertinentibus.
1493 5517 1590 5589 Unde
1605 5519 1716 5587 nichil
1731 5520 1831 5587 nobis
1846 5521 2099 5590 reservavimus
2121 5537 2184 5588 nee
2199 5518 2353 5590 dicimus

490 5721 626 5727 -..-—.-
640 5721 770 5727 --—-----
783 5721 863 5728 κ...
877 5721 917 5728 -ι-

552 5843 575 5915 ⁴)
596 5844 692 5918 Lege:
717 5843 830 5901 decima
851 5851 964 5918 quarta.
