5286 7098
1022 563 1393 664 nrruoumrrcu's
2044 612 2085 674 95

274 839 309 905 et
330 853 439 920 usque
461 834 612 920 conpleti
634 835 702 920 ipsi
725 832 884 904 undecim
913 834 1009 912 anni,
1028 836 1135 901 totum
1158 836 1276 901 nostre
1291 832 1336 901 sit
1351 834 1514 918 potestati
1538 834 1734 904 iaciendum
1751 835 1879 904 exinde
1902 836 2020 906 omnia
2041 837 2131 923 quod

275 985 502 1063 voluerimus,
528 987 563 1052 et
585 985 717 1052 nullam
743 982 869 1052 exinde
888 981 987 1050 nobis
1012 984 1135 1051 tollere
1157 985 1282 1068 querat
1305 983 1377 1052 illis
1404 985 1458 1052 vel
1485 1001 1604 1052 eorum
1620 985 1778 1074 heredes3
1803 988 1838 1053 et
1860 1004 1924 1071 per
1946 987 2025 1073 ipsa
2045 1005 2132 1073 gua-

275 1139 333 1207 dia
365 1136 634 1221 hobligaberunt
655 1153 693 1204 se
716 1153 864 1222 suosque
898 1134 1042 1205 heredes
1064 1135 1248 1204 defensare
1270 1136 1358 1203 mihi
1377 1138 1411 1208 et
1432 1137 1476 1202 ad
1497 1137 1581 1206 meis
1615 1136 1799 1206 heredibus
1820 1137 1944 1206 amodo
1967 1141 2002 1207 et
2024 1157 2130 1226 usque

275 1291 351 1376 ipso
375 1289 599 1356 constitutum
620 1286 820 1373 supradicta
841 1305 905 1355 sna
929 1286 1134 1358 tradictione
1159 1287 1281 1356 inclita
1295 1289 1339 1355 ab
1366 1289 1526 1356 omnibus
1555 1288 1752 1358 hominibus
1775 1291 1936 1375 omnique
1957 1291 2126 1375 partibus,

273 1443 308 1509 et
327 1456 398 1508 non
422 1438 501 1505 illut
522 1440 576 1506 vel
598 1437 727 1506 exinde
749 1439 848 1506 nobis
869 1440 993 1512 tollere
1015 1440 1074 1504 aut
1093 1440 1264 1508 contrane.
1290 1439 1333 1506 ad
1349 1439 1513 1524 completi
1529 1440 1597 1523 ipsi
1620 1439 1778 1508 undecim
1801 1441 1896 1519 anni,
1921 1458 1988 1526 ego
2010 1444 2139 1510 autem·
2249 1501 2256 1516 .

272 1599 309 1661 et
331 1609 425 1662 meos
457 1591 602 1661 heredes
625 1595 786 1666 abeamus
808 1592 846 1658 in
868 1593 943 1659 tota
965 1592 1044 1676 ipsa
1066 1594 1161 1674 terra
1183 1610 1247 1677 per
1269 1593 1345 1678 ipse
1370 1593 1452 1660 linis
1478 1595 1514 1661 et
1539 1592 1717 1660 mensuris
1738 1592 1842 1661 vinea
1864 1594 1957 1660 sacta
1978 1593 2013 1661 et
2035 1596 2128 1663 leva-

270 1747 307 1814 ta
326 1745 364 1812 et
386 1745 570 1828 cooperata
590 1746 625 1811 et
647 1741 690 1810 de
713 1759 817 1827 super
840 1745 875 1810 et
897 1741 940 1809 de
963 1744 1062 1809 subto
1080 1745 1237 1811 laborata
1259 1737 1294 1812 e't
1316 1745 1458 1825 cultata,
1484 1743 1576 1812 siout
1597 1745 1693 1812 locus
1714 1745 1790 1829 ipse
1811 1745 1987 1823 meruerit,
2011 1747 2051 1810 ut
2071 1748 2127 1813 be-

267 1915 314 1966 ne
346 1895 476 1983 paread
500 1897 681 1983 lavorata3
708 1896 743 1963 et
764 1895 914 1980 plicaret
938 1913 974 1965 se
997 1895 1068 1964 illis
1091 1899 1146 1964 vel
1169 1914 1290 1965 eorum
1315 1896 1460 1966 heredes
1485 1898 1520 1963 et
1541 1897 1651 1963 totum
1677 1913 1741 1980 per
1774 1896 1848 1982 ipse
1869 1897 1949 1964 finis
1974 1898 2010 1964 et
2031 1915 2127 1965 men-

269 2047 364 2116 surie
396 2065 460 2132 per
479 2045 627 2113 medium
652 2047 823 2131 equaliter
844 2047 933 2114 inter
958 2063 1021 2114 nos
1044 2045 1261 2114 dibidemus:
1290 2045 1361 2114 illis
1384 2047 1483 2114 tollat
1508 2045 1587 2113 illut
1609 2046 1856 2124 medietatem,
1882 2049 1918 2114 et
1940 2046 2047 2114 michi
2069 2049 2123 2116 vel

269 2199 315 2268 ad
338 2199 424 2267 meis
446 2199 627 2268 heredibus
648 2199 767 2268 tradat
788 2201 867 2268 illut
890 2201 927 2266 in
949 2159 1042 2268 sorte
1066 2199 1286 2268 medietatem
1321 2219 1396 2267 cum
1430 2201 1505 2266 vice
1535 2199 1578 2267 de
1602 2199 1660 2266 bia
1682 2215 1747 2266 sua
1771 2217 1833 2284 per
1858 2201 1964 2267 talem
1986 2199 2140 2266 firmemw

270 2349 510 2430 securitatem,
538 2353 578 2418 ut
600 2352 695 2419 omni
717 2353 874 2438 tempore
896 2369 963 2436 ego
986 2354 1022 2419 et
1044 2351 1131 2418 meis
1153 2349 1339 2420 heredibus
1365 2351 1531 2420 securiter
1553 2353 1589 2417 et
1615 2349 1764 2418 tirmiter
1793 2350 1872 2418 illut
1904 2351 2008 2418 abere
2046 2367 2123 2434 pos-

269 2517 395 2578 samus,
422 2501 614 2570 iaciendum
631 2503 758 2572 exinde
781 2503 912 2584 omnia,
940 2501 1028 2588 quod
1052 2503 1277 2577 coluerimus,
1300 2503 1512 2571 defensatum
1536 2481 1672 2586 semper
1694 2500 1800 2568 michi
1829 2501 1931 2568 etad
1956 2502 2043 2570 meis
2064 2503 2124 2569 he·

242 2645 410 2721 'nedibus
432 2672 496 2738 per
519 2654 589 2723 illis
611 2656 646 2722 et
666 2673 728 2740 per
751 2655 833 2723 tiliis
854 2659 890 2723 et
922 2674 1040 2723 eorum
1064 2655 1210 2723 heredes
1231 2674 1309 2722 cum
1333 2656 1409 2722 vice
1430 2654 1473 2723 de
1495 2653 1550 2720 bia
1571 2669 1634 2720 sua
1664 2655 1708 2720 ab
1734 2651 1892 2721 omnibus
1924 2653 2122 2720 hominibus

268 2803 432 2889 omnique
454 2803 634 2888 partibus,
659 2805 695 2872 et
716 2820 786 2871 non
814 2805 893 2871 illut
915 2805 970 2872 vel
992 2804 1119 2871 exinde
1140 2805 1241 2872 nobis
1269 2805 1391 2872 tollere
1421 2805 1482 2870 aut
1503 2805 1713 2870 contrarent.
1744 2801 1856 2870 redita
1877 2804 1912 2870 et
1943 2803 2122 2887 palmenta
2225 2825 2230 2834 ·

267 2953 357 3037 quod
381 2953 429 3020 ibi
453 2954 662 3034 abuerimus,
687 2955 717 3022 si
740 2954 896 3023 ebenerit
916 2955 953 3021 in
975 2954 1051 3040 ipsa
1073 2909 1224 3024 sortione
1247 2956 1378 3033 nostra,
1403 2957 1561 3022 abeamus
1579 2953 1659 3021 illut
1676 2952 1788 3038 nobis3
1812 2953 1847 3020 et
1868 2953 1897 3020 si
1912 2951 2069 3020 ebenerit
2084 2952 2120 3019 in

267 3107 343 3192 ipse
365 3106 519 3174 sortione
541 3107 704 3187 illorum,
730 3108 905 3178 licentiam
927 3111 962 3176 et
984 3110 1188 3195 potestatem
1212 3111 1376 3177 abeamus
1398 3125 1466 3192 ego
1488 3112 1523 3175 et
1546 3125 1638 3175 meos
1661 3105 1805 3175 heredes
1828 3104 1906 3172 illut
1924 3103 2051 3172 exinde
2072 3103 2124 3170 di·

271 3261 430 3344 sturvare
453 3261 488 3326 et
509 3261 661 3329 esoutere
682 3278 763 3330 cum
787 3262 901 3330 omnis
928 3263 1048 3330 nostra
1070 3279 1193 3341 causa,
1220 3261 1308 3348 quod
1331 3262 1379 3329 ibi
1403 3260 1623 3344 abuerimus,
1647 3261 1682 3328 et
1704 3258 1867 3327 reducere
1889 3257 1964 3325 illut
1987 3255 2023 3322 in
2046 3257 2124 3341 ipsa

272 3414 393 3481 nostra
414 3413 567 3483 sortione
586 3414 664 3482 sine
684 3415 933 3485 contrarietate
953 3419 1008 3484 vel
1030 3416 1253 3502 requisitione
1275 3417 1414 3484 illorum
1437 3417 1492 3483 vel
1514 3414 1557 3482 de
1579 3431 1697 3482 eorum
1720 3411 1863 3482 heredes
1879 3411 1939 3477 aut
1961 3411 2123 3494 cuiquam

273 3565 481 3634 hominibus.
507 3568 622 3635 tamen
645 3568 675 3636 si
700 3567 888 3653 aliquando
905 3571 1061 3654 tempore
1082 3587 1149 3655 ego
1170 3571 1206 3640 et
1221 3587 1315 3639 meos
1338 3568 1483 3638 heredes
1505 3567 1580 3654 ipsa
1601 3568 1723 3636 nostra
1745 3565 1898 3635 sortione
1918 3562 2044 3631 datura
2064 3563 2125 3628 aut

270 3717 445 3787 vinditura
471 3720 669 3789 abuerimus
695 3721 851 3808 ipsorum
878 3725 953 3791 thio
975 3725 1011 3792 et
1031 3725 1190 3809 nepotem
1212 3727 1265 3792 vel
1289 3723 1331 3791 ad
1353 3691 1476 3791 eorum
1497 3721 1640 3794 eredes,
1667 3721 1746 3788 illut
1767 3717 1950 3786 vindamus
1973 3715 2017 3784 ad
2033 3714 2123 3782 insto

269 3873 446 3956 pretium,
480 3873 567 3960 quod
598 3875 688 3944 iuste
718 3875 823 3944 fuerit
838 3823 1097 3962 appretiatum,
1125 3880 1160 3945 et
1187 3877 1354 3946 faciamus
1380 3877 1411 3944 ei
1440 3876 1530 3944 scire
1554 3875 1597 3942 ad
1624 3874 1700 3960 ipso
1718 3871 1899 3942 emendum
1931 3888 1995 3956 per
2020 3867 2124 3936 tertio

270 4022 494 4092 constitutum
516 4043 625 4111 usque
646 4025 720 4096 dies
741 4027 912 4113 triginta,
937 4030 971 4096 et
995 4029 1025 4097 si
1047 4029 1141 4097 infra
1164 4029 1243 4114 ipsa
1266 4028 1453 4096 constituta
1475 4025 1626 4093 uoluerit
1649 4025 1727 4092 illut
1749 4039 1864 4090 emere
1886 4019 1930 4088 ad
1954 4019 2043 4088 iusto
2067 4021 2125 4085 ba·

271 4175 374 4244 liente
396 4179 560 4264 pretium,
584 4181 668 4248 tunc
689 4180 799 4250 licead
823 4201 886 4249 nos
909 4183 990 4250 illut
1007 4181 1102 4261 dare,
1129 4182 1184 4250 cui
1206 4182 1440 4268 holuerimus3
1465 4197 1546 4246 nam
1568 4148 1608 4246 si'
1622 4178 1700 4246 ante
1722 4177 1800 4262 ipsa
1830 4173 2016 4242 constituta
2045 4174 2123 4238 abs-

271 4347 337 4412 que
357 4331 547 4399 volumtate
568 4347 686 4400 eorum
706 4332 910 4422 cuicumque
931 4334 1011 4402 illut
1032 4332 1249 4412 dederimus,
1279 4332 1369 4401 siout
1389 4331 1433 4398 de
1456 4330 1572 4398 nestra
1595 4327 1759 4413 potestate
1781 4344 1856 4395 esse
1881 4324 2117 4402 substractum,

267 4481 350 4544 tunc
370 4481 447 4548 sine
462 4482 611 4566 pretium
634 4485 789 4552 revertar
809 4482 852 4550 ad
871 4501 989 4552 eornm
1010 4485 1225 4570 potestatem.
1240 4483 1330 4570 quod
1345 4484 1375 4553 si
1390 4483 1510 4550 taliter
1525 4480 1651 4558 omnia,
1670 4481 1708 4546 ut
1728 4477 1887 4564 superius
1902 4475 2046 4562 legitur,
2060 4493 2122 4541 no·

271 4629 324 4698 bis
345 4647 414 4698 non
436 4630 693 4718 adinpleverint
720 4637 756 4702 et
779 4636 904 4722 aliquit
925 4635 1005 4706 inde
1028 4635 1318 4714 contradixerint,
1345 4637 1429 4702 tunc
1452 4651 1513 4718 per
1535 4632 1613 4717 ipsa
1640 4629 1771 4716 guadia
1793 4627 2063 4713 hobligaberunt
2085 4643 2124 4696 se

265 4798 414 4867 suosque
434 4781 526 4851 filios
547 4786 583 4852 et
603 4785 745 4855 heredes
767 4803 975 4872 componere
999 4788 1106 4854 michi
1129 4791 1182 4856 vel
1206 4785 1250 4854 ad
1267 4787 1351 4855 meis
1367 4783 1565 4863 heredibus
1585 4784 1645 4851 aut
1659 4781 1715 4850 cui
1733 4782 1868 4850 brebem
1885 4779 1950 4848 iste
1971 4777 2047 4847 vice
2062 4795 2124 4847 no-

265 4933 341 5000 stra
365 4934 404 5000 in
426 4953 568 5004 manum
599 4941 766 5024 paruerit,
791 4941 1045 5026 quinquaginta
1078 4943 1156 5008 anri
1179 4940 1307 5010 solidos
1335 4939 1584 5016 constantines,
1609 4939 1645 5005 et
1669 4933 2037 5021 omniasuprascripta
2059 4949 2124 5017 per

263 5083 385 5154 inbitis
408 5087 508 5156 nobis
528 5091 726 5176 conplirent
738 5113 748 5180 3
772 5095 807 5161 et
828 5095 921 5162 huno
938 5093 1075 5162 brebem
1098 5095 1223 5180 scripsi
1246 5111 1311 5178 ego
1336 5091 1485 5162 arechisi
1508 5090 1665 5159 notarius
1686 5091 1721 5158 et
1742 5086 1896 5158 interlui.
1941 5073 1946 5078 ¹

326 5207 354 5318 †
369 5255 436 5324 ego
451 5197 572 5324 petrus
593 5245 751 5312 notarius
766 5263 820 5314 me
834 5247 1018 5331 subscripsi

322 5363 433 5476 †eg0
447 5392 553 5460 lando

320 5513 433 5629 †eg0
448 5545 665 5629 grimoaldus
687 5547 839 5616 notarius
863 5569 917 5617 me
940 5552 1129 5636 subscripsi

319 5666 349 5778 †
364 5711 432 5778 ego
445 5696 636 5764 romoaldu.
