5252 7102
976 587 1349 660 utrtollartctts
1975 605 2040 668 aba

224 837 264 904 et
279 855 341 922 per
357 837 446 903 bona
460 833 714 902 combenientia
731 850 795 917 per
810 833 885 917 ipsa
900 831 1030 916 guadia
1045 833 1214 918 obligabit
1229 851 1266 901 se
1281 851 1427 918 suosque
1442 832 1561 902 eredes
1577 833 1700 902 amodo
1717 836 1752 902 et
1763 853 1869 920 usque
1880 813 1917 902 in
1931 833 2092 920 predicto

226 988 454 1055 constitutum
471 985 652 1055 defensare
666 986 765 1052 nobis
780 983 937 1070 predicta
952 989 1046 1052 terra
1062 1003 1139 1053 cum
1156 984 1231 1052 bice
1244 985 1286 1054 de
1302 985 1420 1054 audito
1437 1005 1499 1054 suo
1515 989 1559 1053 ab
1575 987 1731 1054 omnibus
1743 988 1916 1055 ominibus
1929 988 2091 1074 omnique

228 1141 390 1227 partibus
405 1141 441 1207 et
454 1159 524 1206 non
542 1140 621 1207 illut
636 1139 689 1206 vel
707 1137 831 1206 exinde
845 1138 944 1205 nobis
959 1139 1159 1206 tollereaut
1173 1141 1345 1206 centrare.
1364 1139 1399 1206 et
1411 1102 1442 1206 si
1459 1138 1577 1206 taliter
1600 1140 1674 1206 etc:
1693 1137 1806 1208 Multo
1827 1140 1945 1209 decem
1968 1159 2093 1211 aureo·

225 1314 310 1361 cam
325 1293 512 1362 solidorum
527 1294 889 1362 mastonttntonomm.
909 1295 943 1361 et
958 1293 1052 1360 hunc
1069 1295 1207 1360 brebem
1223 1293 1346 1379 scripsi
1363 1309 1429 1378 ego
1446 1291 1602 1360 ademari
1619 1293 1775 1362 notarius
1790 1293 1848 1378 qui
1865 1291 2019 1361 interlui.

288 1420 398 1534 †ego
413 1445 610 1513 teudericus
625 1435 680 1511 m'e
696 1444 884 1528 subscripsi
1433 1403 1434 1407 Ἴ
2056 1401 2057 1404 ¹

287 1575 399 1686 †ego
416 1602 535 1684 petrns
551 1599 709 1666 notarius
724 1617 780 1666 me
795 1596 982 1684 subscripsi

286 1731 315 1842 †
331 1771 400 1840 ego
414 1771 504 1821 azzo.

1004 2207 1271 2336 cooeva.

992 2501 1046 2576 A.
1085 2501 1135 2577 D.
1173 2499 1276 2579 989.

287 2759 383 2895 †ln
406 2811 546 2878 nomine
568 2809 700 2876 domini
724 2813 823 2877 sexto
838 2827 939 2878 anno
961 2809 1178 2894 principatus
1202 2809 1319 2876 domni
1344 2810 1455 2876 nostri
1477 2811 1618 2878 iohanni
1653 2811 1798 2896 gloriosi
1833 2815 2025 2899 principis,
2052 2817 2087 2882 et

196 3021 199 3026 .
225 2963 343 3046 primo
366 2978 457 3028 anno
481 2961 698 3046 principatus
721 2961 1047 3046 domniguaimarii
1063 2960 1233 3045 principis
1248 2959 1320 3028 lilio
1336 2965 1421 3040 eiua,
1440 2979 1559 3030 mense
1574 2963 1703 3046 aprelis
1717 2943 1867 3030 secunda
1881 2963 2082 3032 indictione.
2142 2977 2148 2986 “

222 3113 367 3181 declaro
389 3131 455 3198 ego
479 3111 619 3202 land0¹)
642 3113 772 3182 domini
796 3115 911 3200 gratia
933 3114 1118 3200 episcopus
1139 3115 1258 3182 sancte
1280 3113 1370 3181 sedis
1393 3116 1545 3198 pestana,
1563 3116 1727 3200 quoniam
1752 3118 1867 3183 aulam
1891 3119 2008 3186 sancte
2030 3117 2085 3184 dei

220 3265 410 3350 genitricis
425 3269 492 3334 hac
507 3265 657 3352 virginis
680 3267 802 3347 marie,
829 3285 894 3352 que
916 3266 1060 3333 fundata
1082 3270 1133 3335 est
1155 3267 1250 3333 intus
1274 3267 1451 3362 castellum
1476 3268 1712 3352 caputaquis
1740 3285 1869 3352 magna
1892 3271 2024 3353 partem
2040 3289 2085 3337 ex
2168 3343 2170 3349 λ

223 3435 273 3484 ea
297 3419 333 3482 in
357 3416 462 3484 ruina
484 3419 598 3502 posita
620 3419 673 3484 est
696 3421 731 3484 et
753 3435 823 3485 non
846 3420 1014 3486 havemus
1037 3416 1161 3501 aliquit
1183 3419 1325 3484 consulu
1350 3416 1388 3503 ²),
1415 3415 1506 3485 unde
1539 3433 1615 3483 eam
1648 3419 1806 3485 conciare
1837 3422 1872 3486 et
1903 3420 2111 3491 restituere.

227 3579 430 3654 possamus3
447 3569 663 3660 volueramus
678 3569 826 3654 denique
841 3567 954 3655 ibique
969 3567 1222 3655 aliquantulum
1238 3587 1282 3636 ex
1298 3570 1401 3636 rebus
1416 3568 1524 3638 nostri
1542 3567 1709 3654 episcopii
1731 3589 1794 3655 per
1817 3588 1941 3639 vonam
1966 3576 2088 3642 conbe-

225 3715 368 3783 nientia
383 3717 622 3786 vicariationis
638 3719 759 3787 ordine
775 3721 874 3789 daret
890 3722 924 3786 et
938 3720 1111 3805 acciperet
1125 3703 1252 3788 exinde
1267 3719 1338 3786 alia
1354 3721 1456 3787 rebus
1472 3737 1549 3786 cum
1567 3719 1744 3806 aliquanto
1759 3722 1921 3806 pretium,
1940 3723 2031 3792 unde
2053 3728 2088 3792 et

225 3867 407 3936 ecclesiam
426 3872 536 3955 ipsam
552 3874 586 3939 et
601 3872 680 3940 aliis
696 3871 938 3940 minuitatibus
950 3871 976 3959 ³)
991 3873 1100 3940 nostri
1119 3872 1285 3958 episcopii
1300 3874 1483 3940 restituere
1499 3875 1534 3940 et
1548 3874 1739 3958 adimplere
1754 3875 1942 3942 valeamus.
1956 3879 1990 3943 et
2004 3877 2087 3942 dum
2136 3901 2141 3910 ·

225 4042 338 4090 causa
352 4023 429 4109 ipsa
443 4043 507 4108 per
522 4027 639 4108 plures
654 4023 911 4109 divulgavimus
934 4029 969 4092 et
983 4025 1167 4108 divulgare
1184 4024 1339 4102 lecimus,
1354 4041 1456 4092 nemo
1479 4025 1675 4093 invenimus
1691 4026 1751 4110 qui
1779 4025 1857 4092 illut
1879 4027 1994 4093 iacere
2017 4030 2089 4095 vel·
2119 4048 2124 4066 ·

225 4179 289 4244 let.
316 4174 500 4242 nobissime
515 4177 631 4242 autem
648 4175 743 4242 venit
757 4174 800 4241 ad
816 4193 879 4241 nos
894 4175 1040 4260 pinnino
1056 4175 1149 4241 filius
1165 4176 1290 4254 rnauri,
1301 4175 1369 4259 'qui
1384 4173 1476 4240 dixit
1498 4174 1608 4254 nobis,
1627 4178 1667 4242 ut
1689 4175 1719 4242 si
1743 4193 1807 4260 per
1834 4177 2088 4244 comvenientia

224 4325 506 4393 commutationis
523 4325 645 4392 ordine
666 4324 860 4392 dederimus
876 4343 947 4390 una
962 4325 1115 4391 clusuria
1138 4325 1181 4391 de
1204 4331 1300 4392 terra
1322 4343 1399 4390 cum
1424 4323 1526 4392 binea
1548 4328 1584 4392 et
1607 4343 1684 4391 curn
1709 4325 1924 4410 aliquantum
1940 4343 2086 4393 vacuum

225 4477 273 4545 de
296 4480 409 4544 locum
434 4478 559 4544 tronda
580 4479 781 4546 lucaniense
803 4476 928 4544 linibus
951 4477 1061 4566 nostri
1084 4477 1489 4580 episcopiipertinentes
1538 4528 1546 4544 .
1598 4529 1605 4542 .
1657 4529 1665 4544 .
1717 4529 1724 4544 .
1773 4478 1872 4544 daret
1892 4475 2019 4544 exinde
2042 4477 2086 4544 ad

226 4628 388 4712 partibus
411 4629 523 4696 nostri
546 4629 713 4715 episcopii
737 4631 809 4696 alia
831 4628 984 4696 clusuris
1005 4647 1068 4696 sua
1083 4629 1126 4696 de
1150 4631 1244 4698 terra
1265 4640 1342 4695 cum
1370 4629 1471 4695 binea
1493 4627 1584 4714 quod
1607 4629 1711 4696 habet
1737 4626 1911 4694 inlocum
1936 4646 2110 4714 pazzano·

224 4783 357 4848 finibus
372 4782 490 4850 eodem
505 4783 717 4862 lucaniense,
736 4788 771 4850 et
786 4782 994 4868 adiungeret
1009 4785 1045 4850 in
1062 4784 1220 4868 partibus
1237 4785 1345 4850 nestri
1362 4781 1528 4868 episcopii
1544 4781 1672 4850 solidos
1688 4781 1818 4850 decem.
1838 4785 1918 4849 tunc
1933 4761 2087 4868 cepimus

224 4931 449 4999 indehavere
461 4931 669 5016 colloquium
683 4950 758 4998 cum
771 4933 923 4998 totonem
935 4931 1048 5002 scriba
1062 4932 1184 5017 palatii
1202 4931 1444 5000 advocatorem
1461 4935 1618 5001 nostrum
1634 4934 1669 5000 et
1690 4950 1767 5000 cum
1791 4934 1901 5001 cleros
1924 4935 2088 5001 oneratos

223 5086 336 5152 nostri
353 5084 532 5170 episcopii.
552 5086 638 5151 inito
653 5086 809 5164 consili0,
835 5087 1029 5172 comparuit
1056 5087 1155 5154 nobis
1183 5105 1309 5154 vonum
1337 5087 1553 5157 esseteidem
1577 5088 1717 5173 pinnini
1745 5089 1948 5172 prephatam
1974 5087 2087 5153 clusu-

221 5268 301 5276 .—

285 5389 309 5458 ')
325 5389 365 5446 De
379 5389 520 5447 Landone
545 5391 683 5468 episcopo
708 5391 850 5448 Poestano
874 5391 957 5448 nulla
980 5391 1104 5447 habetur
1126 5389 1231 5448 notitia
1254 5398 1369 5463 praeter
1393 5390 1469 5446 istud
1492 5389 1733 5460 Instrumenturn,
1749 5387 1779 5442 in
1804 5403 1862 5460 quo
1887 5386 1952 5443 eius
1975 5399 2086 5444 nomen

226 5515 345 5587 legitur.
1502 5591 1505 5598 γ

287 5641 310 5707 ²)
328 5642 458 5715 Constitu,
475 5644 529 5700 sub
543 5601 601 5717 qua
615 5660 685 5700 voce
700 5643 809 5700 debent
823 5642 950 5716 intelligi
966 5629 1085 5712 auxilia,
1102 5643 1208 5730 quibus
1223 5659 1297 5714 opus
1322 5649 1383 5697 erut
1397 5640 1432 5696 ad
1445 5639 1632 5697 reficiendam
1656 5643 1753 5696 uatem
1777 5641 1899 5696 ecclcsiae
1921 5639 1951 5694 S.
1967 5640 2085 5711 lloricc;

225 5781 320 5839 quum
335 5765 462 5838 pecunia
475 5765 631 5839 quamdam
647 5765 882 5822 consolationem
897 5764 998 5821 afferat
1011 5763 1041 5818 in
1055 5763 1278 5821 benefaciendo.

286 5889 311 5961 ⁸)
325 5890 529 5959 Minuitotibua
545 5889 621 5946 idest
633 5906 681 5946 res
695 5890 776 5963 parvi
792 5888 946 5946 momenti.
963 5887 1023 5945 Hoc
1038 5905 1127 5944 sensu
1142 5887 1224 5944 deest
1238 5888 1268 5942 in
1282 5887 1380 5944 Gloss:
1397 5885 1441 5942 llu
1456 5886 1563 5961 Gange.
