5286 7098
1040 597 1417 669 blbtbltttltt's
2069 609 2111 670 85

295 839 432 924 egregii
450 839 581 924 presuli
597 845 717 906 sancte
732 839 823 906 sedis
840 839 1062 920 salernitane,
1077 841 1110 908 et
1126 839 1252 906 ibidem
1269 839 1387 907 adesse
1402 839 1585 924 subscripti
1602 840 1716 910 testes.
1733 857 1794 924 per
1805 838 2106 907 demandationem
2122 843 2156 904 et

294 995 515 1078 largiotatem
533 993 680 1110 predicti
697 993 814 1061 domni
832 994 984 1080 episcopi
1001 993 1146 1062 tradidit
1161 994 1247 1060 milri
1265 995 1401 1060 amatus
1418 993 1585 1078 presbiter
1603 993 1704 1062 torris
1722 995 1828 1062 bacuo
1843 997 1877 1061 et
1892 996 1986 1064 silbis
2002 997 2037 1062 et
2049 997 2153 1064 terris

292 1165 370 1214 cum
385 1147 509 1225 vineis,
528 1147 617 1232 quod
633 1164 714 1232 pars
731 1147 889 1216 eumdem
905 1147 1072 1232 episcopii
1089 1149 1194 1214 habet
1212 1149 1376 1214 inlocum
1394 1147 1452 1213 ubi
1469 1146 1512 1212 ad
1537 1148 1631 1215 tonte
1653 1147 1791 1226 dicitur,
1810 1147 1868 1214 ubi
1894 1167 1984 1217 nunc
2008 1151 2153 1217 ecclesia

293 1299 402 1366 sancti
421 1299 512 1367 felici
529 1299 688 1367 edificata
704 1301 767 1378 est,
786 1299 876 1385 quod
892 1301 973 1367 ante
988 1319 1026 1366 os
1040 1299 1113 1368 dies
1130 1318 1213 1384 pars
1228 1299 1339 1367 eidem
1356 1299 1523 1384 episcopii
1540 1299 1658 1366 datum
1682 1299 1803 1365 habuit
1826 1301 1916 1384 petri
1941 1300 2012 1366 lilio
2036 1303 2151 1386 lupcni

292 1447 433 1514 liaibulu
450 1451 484 1514 et
501 1449 573 1515 ursi
590 1451 624 1516 et
642 1449 736 1516 lentu
753 1467 842 1516 uxor
858 1449 944 1516 eius.
964 1449 1041 1516 ideo
1056 1468 1119 1534 per
1136 1449 1196 1516 illo
1213 1447 1334 1516 ordine
1350 1451 1385 1516 et
1400 1450 1544 1526 ratione,
1560 1449 1709 1534 qualiter
1726 1449 1803 1534 ipsa
1817 1453 1949 1517 lentum
1966 1451 2151 1520 medietato
2270 1507 2275 1518 .

292 1600 449 1686 predicta
465 1603 567 1668 rebus
585 1604 712 1680 tenent,
727 1604 777 1669 sic
793 1603 913 1670 inclita
930 1600 1007 1688 ipsa
1022 1603 1202 1672 medietate
1218 1603 1260 1670 ad
1276 1605 1397 1671 nostra
1411 1605 1580 1688 potestate
1595 1601 1749 1681 tradidit,
1763 1605 1851 1669 sicut
1866 1623 1971 1688 supra
1982 1603 2149 1683 diximus,

289 1755 326 1821 in
344 1755 405 1822 tali
422 1755 553 1834 ordine,
575 1757 611 1821 ut
627 1754 749 1822 amodo
764 1757 798 1822 et
813 1774 947 1840 semper
963 1773 1030 1840 ego
1047 1757 1081 1822 et
1096 1775 1190 1823 meos
1205 1755 1349 1825 heredes
1373 1756 1493 1826 eadem
1517 1758 1620 1824 rebus
1642 1758 1760 1822 nostre
1784 1756 1946 1840 potestati
1970 1758 2088 1824 tenere
2114 1761 2148 1824 et

286 1902 480 1982 dominare,
500 1911 534 1971 ct
551 1907 624 1989 ipse
641 1905 752 1972 vineis
768 1909 850 1990 apto
866 1909 1021 1990 tempore
1036 1907 1205 1984 laborare,
1225 1906 1314 1972 siout
1330 1907 1424 1972 locus
1440 1905 1515 1990 ipse
1532 1904 1699 1973 meruerit
1716 1908 1753 1971 ut
1768 1907 1853 1971 bene
1871 1909 1991 1988 pareat
2013 1907 2151 1972 labora-

286 2061 359 2122 tum
376 2063 411 2124 et
426 2059 603 2137 cultatum,
623 2061 661 2124 ut
677 2059 860 2144 proficiant
876 2061 911 2126 et
927 2077 996 2125 non
1013 2059 1225 2144 dispereant,
1245 2063 1279 2126 et
1295 2060 1370 2144 ipse
1386 2059 1489 2126 terris
1505 2061 1664 2126 laborare
1688 2061 1722 2126 et
1745 2059 1787 2126 ad
1814 2059 2038 2126 lavorandum
2061 2059 2150 2128 dare

287 2209 344 2275 cui
362 2209 581 2287 boluerimus,
596 2211 632 2277 et
643 2211 880 2298 quodcumque
895 2213 1044 2280 frudium
1064 2217 1098 2278 et
1113 2215 1248 2280 labores
1264 2215 1299 2279 et
1314 2213 1431 2279 binum
1447 2231 1508 2280 sou
1524 2211 1666 2296 prodem
1680 2213 1705 2300 ἱ)
1720 2211 1763 2279 de
1779 2213 1900 2279 inclita
1912 2213 2093 2280 medietate
2106 2213 2149 2278 do

288 2379 331 2427 cx
351 2362 430 2446 ipsa
445 2364 548 2430 rebus
561 2365 685 2430 ‚tollere
702 2365 756 2434 vol
772 2366 898 2432 habere
914 2365 1140 2448 potuerimus,
1159 2367 1266 2431 totum
1284 2365 1362 2431 illut
1378 2364 1478 2431 nobis
1501 2366 1689 2432 habeamus
1713 2363 1904 2428 laciendum
1921 2382 1987 2448 que
2001 2365 2149 2430 bolueri-

289 2531 377 2588 mus,
397 2515 431 2580 et
447 2516 579 2581 nullam
595 2515 722 2584 exinde
741 2516 777 2582 in
801 2519 959 2601 partibus
983 2517 1093 2584 eidem
1117 2516 1283 2602 episcopii
1307 2515 1440 2593 demus,
1460 2533 1523 2599 pro
1546 2533 1586 2582 eo
1610 2516 1700 2599 quod
1725 2513 1823 2578 modo
1846 2513 2002 2580 dedimus
2024 2532 2147 2597 supra-

285 2665 407 2750 scripti
423 2665 542 2732 domni
558 2669 649 2752 petri
665 2667 818 2752 episcopi
833 2667 949 2734 media
964 2685 1033 2734 una
1049 2669 1137 2734 libra
1153 2666 1196 2734 de
1212 2669 1409 2752 argentum,
1425 2669 1459 2733 et
1481 2685 1544 2750 per
1569 2665 1682 2732 omnis
1705 2681 1833 2730 annum
1858 2665 1974 2732 demus
1998 2663 2039 2730 ad
2064 2683 2145 2749 pars

285 2819 432 2904 predicti
449 2821 616 2906 episcopii
632 2839 772 2889 censum
790 2837 853 2906 pro
869 2823 944 2906 ipsa
956 2823 1057 2890 rebus
1074 2841 1180 2887 unum
1197 2821 1352 2907 areum²)
1368 2821 1437 2888 tari
1455 2823 1581 2886 bonum
1593 2822 1627 2888 ct
1639 2819 1802 2896 medium,
1817 2821 1862 2898 et,
1882 2819 1971 2886 sicut
1982 2818 2143 2893 diximus,

287 2972 380 3036 omni
398 2974 552 3057 tempore
568 2991 634 3057 ego
649 2979 683 3041 et
699 2993 792 3042 meos
809 2974 954 3042 heredes
970 2974 1084 3041 media
1100 2974 1222 3041 inclita
1237 2974 1313 3058 ipsa
1336 2975 1438 3040 rebus
1460 2971 1501 3039 ad
1526 2974 1647 3040 nostra
1667 2973 1873 3055 potestatem
1897 2969 2093 3046 tenendum,
2112 2975 2144 3036 ct

286 3119 544 3200 dominandum,
564 3126 599 3190 et
622 3122 878 3208 possidendum,
898 3127 943 3202 et,
961 3124 1050 3192 sicut
1073 3123 1238 3200 diximus
1257 3141 1315 3190 eos
1339 3123 1560 3190 frudiandum
1583 3127 1618 3189 et
1640 3121 1753 3188 omnis
1777 3123 1896 3188 nostra
1919 3121 2071 3188 utilitate
2094 3122 2142 3186 ibi

287 3274 491 3353 laciendum,
509 3279 557 3355 et,
576 3277 666 3344 sicut
681 3297 786 3362 supra
801 3279 930 3344 dictum
946 3283 1008 3358 est,
1028 3279 1070 3345 de
1087 3280 1162 3362 ipso
1178 3279 1291 3346 frudio
1306 3278 1497 3345 iaciendum
1515 3279 1633 3343 omnia
1649 3295 1715 3361 que
1728 3277 1949 3344 boluerimus.
1965 3275 2061 3346 Unde
2078 3294 2140 3361 per

290 3423 379 3492 bona
395 3429 658 3508 combenientia,
673 3449 777 3516 quam
795 3433 829 3499 et
846 3451 909 3516 per
925 3431 1226 3500 demandationem
1250 3431 1481 3516 suprascripti
1505 3428 1623 3496 domni
1646 3429 1797 3514 episcopi
1821 3429 1937 3496 pradia
1961 3429 2046 3496 mihi
2071 3430 2144 3514 ipse

284 3577 416 3642 amatus
431 3579 603 3661 presbiter
618 3579 712 3648 dedit
727 3585 762 3649 et
778 3581 1004 3651 mediatorem
1019 3582 1106 3649 mihi
1130 3583 1246 3667 posuit
1268 3583 1396 3660 autari,
1416 3582 1476 3666 qui
1501 3580 1716 3665 grimoaldus
1743 3581 1895 3657 bocatur,
1914 3579 2007 3647 lilius
2030 3581 2165 3647 autel-0

286 3726 411 3814 grimi;
429 3731 464 3794 et
480 3748 542 3813 per
560 3730 636 3815 ipsa
652 3731 770 3798 stadia
785 3733 954 3817 obligavit
969 3751 1006 3800 se
1023 3734 1097 3835 ipse
1113 3731 1258 3799 domnus
1274 3731 1457 3816 episcopus
1472 3733 1507 3798 et
1521 3749 1601 3798 suos
1617 3747 1831 3798 successores
1846 3733 1881 3798 et
1896 3747 1978 3816 pars
2001 3730 2055 3796 sui
2070 3732 2144 3816 epi-

287 3881 394 3964 scopii
412 3881 536 3948 amodo
551 3885 586 3950 et
600 3903 737 3970 semper
752 3885 932 3954 defensare
960 3887 1048 3952 mihi
1075 3887 1212 3970 meique
1239 3884 1425 3952 heredibus
1453 3885 1575 3952 inclita
1601 3883 1783 3951 medietate
1811 3882 1854 3950 de
1881 3883 1993 3950 omnis
2019 3902 2141 3968 supra·

287 4029 417 4114 scripta
432 4049 490 4099 res
503 4031 550 4099 da
567 4034 680 4100 omnis
697 4036 854 4103 homines
871 4036 1033 4120 omnique
1048 4035 1219 4120 partibus,
1239 4037 1274 4102 et
1285 4053 1355 4100 non
1369 4034 1556 4118 aliquando
1570 4039 1692 4120 querat
1712 4037 1790 4103 illut
1813 4035 1867 4102 vel
1890 4033 2016 4101 exinde
2041 4035 2140 4100 nobis

287 4183 482 4269 nostrisque
497 4187 681 4256 heredibus
695 4191 817 4259 tollere
834 4195 894 4257 aut
912 4193 1085 4257 contrare.
1103 4189 1194 4274 quod
1211 4190 1252 4267 si,
1271 4191 1310 4254 ut
1324 4189 1484 4274 superius
1500 4191 1640 4274 legitur,
1656 4191 1754 4256 nobis
1770 4209 1837 4257 non
1853 4189 2094 4274 adimpleverit
2106 4192 2140 4256 el

285 4336 448 4419 quesierit
470 4340 594 4424 aliquit
616 4341 741 4410 exinde
765 4344 945 4410 remobere
968 4345 1028 4410 aut
1051 4345 1223 4422 contram,
1243 4360 1304 4410 seu
1327 4343 1514 4420 remobere,
1534 4343 1608 4428 ipse
1631 4341 1777 4410 domnus
1799 4342 1981 4428 episcopus
2002 4345 2036 4410 ct
2059 4360 2139 4410 suos

283 4503 496 4555 successores
512 4491 547 4556 et
562 4509 644 4575 pars
660 4493 714 4558 sui
731 4493 898 4579 episcopii
914 4510 1120 4579 componere
1136 4495 1306 4579 obligarit
1323 4512 1359 4560 se
1375 4496 1410 4561 et
1433 4513 1513 4562 suos
1527 4511 1740 4563 successores
1755 4497 1791 4560 et
1805 4511 1889 4578 pars
1912 4492 2059 4577 predicti
2083 4495 2139 4562 sui

282 4639 447 4726 episcopii
464 4645 565 4711 nobis
580 4647 775 4732 nostrisque
791 4647 976 4718 heredibus
992 4649 1171 4733 octoginta
1188 4648 1264 4716 auri
1279 4647 1407 4716 solidos
1420 4649 1668 4717 constantinus.
1684 4652 1810 4726 tamen,
1825 4647 1854 4716 si
1872 4648 1947 4732 ipsa
1963 4648 2141 4715 nominata

280 4793 372 4860 leutu
387 4795 644 4866 rationabiliter
661 4801 735 4883 ipse
750 4800 858 4870 vineis
873 4802 1092 4881 laboraverit,
1112 4803 1263 4887 qualiter
1278 4802 1314 4868 in
1338 4804 1415 4887 ipso
1430 4803 1605 4888 episcopio
1628 4803 1784 4888 obligata
1799 4805 1862 4882 est,
1883 4801 2036 4871 habeant
2059 4805 2136 4887 ipsa

279 4946 381 5012 rebus
397 4946 441 5014 ed
457 4967 555 5015 suam
573 4953 775 5035 potestatem
791 4952 874 5018 dum
896 4953 957 5020 illa
971 4953 1110 5032 vixerit,
1130 4957 1250 5038 postea
1267 4955 1423 5021 rebertas
1447 4953 1491 5021 ad
1514 4957 1634 5021 nostra
1651 4955 1818 5038 potestate
1842 4955 1879 5020 in
1903 4953 2058 5036 predicto
2083 4971 2141 5019 or-

278 5095 377 5162 dine:
396 5099 525 5166 sibero
548 5101 624 5184 ipse
648 5101 757 5170 bineis
773 5105 935 5172 laborare
952 5123 1021 5172 non
1045 5107 1234 5192 potuerint,
1254 5107 1344 5174 sicut
1366 5124 1474 5191 supra
1495 5105 1660 5183 diximus,
1679 5123 1702 5172 a
1725 5104 1896 5190 presentis
1919 5102 2074 5170 rebertas
2097 5105 2140 5170 ad

279 5249 432 5314 nostram
456 5251 662 5332 potestatem
686 5252 722 5318 in
745 5255 984 5340 suprascripto
1008 5256 1128 5326 ordine
1152 5259 1452 5341 omnitempore,
1476 5258 1512 5324 et
1534 5256 1707 5324 licentiam
1730 5258 1763 5322 et
1787 5255 1989 5338 potestatem
2013 5255 2141 5321 habea-

278 5417 355 5467 mus
371 5399 414 5468 de
430 5401 505 5486 ipsa
520 5405 622 5472 rebus
646 5421 799 5486 causare,
819 5407 909 5476 sicut
923 5408 967 5476 de
983 5409 1127 5495 propria
1150 5412 1280 5489 nostra,
1299 5413 1333 5477 et
1357 5409 1536 5478 medietate
1562 5409 1638 5493 ipsa
1660 5407 1807 5476 ecclesia
1830 5411 1947 5474 nostra
1971 5409 2139 5492 potestate

336 5708 358 5778 Ι)
380 5711 498 5768 Prodcm
519 5713 565 5768 vel
584 5715 715 5785 prodere,
740 5725 771 5774 ut
784 5719 907 5776 habetur
920 5720 949 5774 in
964 5717 1133 5794 liu-Gange,
1151 5726 1272 5777 lucrum.

335 5831 358 5902 ²)
380 5833 492 5902 Arcum
508 5835 574 5909 lege
590 5853 721 5896 mireum.
