5286 7098
984 595 1354 669 olPLOttnrlcbs
2005 625 2044 684 79

234 835 278 904 ad
296 834 548 918 compositione
563 835 695 902 siamus
710 853 774 902 nos
788 841 822 904 et
838 837 967 904 nostris
984 836 1168 906 heredibus
1184 837 1331 922 obligati
1355 837 1398 905 ad
1415 843 1689 926 componendum
1716 847 1777 912 tibi
1800 850 1977 916 nominato
2000 851 2089 918 leoni
2220 870 2224 878 ·

227 1007 333 1074 quarn
350 989 385 1055 et
400 986 445 1054 ad
461 987 530 1056 tuis
545 985 744 1064 heredibus,
762 985 881 1054 decem
905 985 1032 1054 solidos
1055 987 1288 1066 cedentium,
1314 991 1348 1056 et
1370 990 1447 1074 ipsa
1468 997 1588 1060 nostra
1610 993 1797 1064 donatione
1818 997 1966 1069 firmiter
1990 1003 2085 1068 omni

229 1147 386 1226 tempore
401 1159 463 1209 ros
478 1141 555 1208 illut
571 1142 704 1208 abeatis
720 1141 756 1207 in
773 1141 931 1224 predicta
947 1143 1093 1210 ratione.
1109 1145 1143 1208 et
1158 1142 1220 1210 tali
1231 1141 1354 1210 ordine
1364 1145 1399 1211 te
1411 1145 1609 1230 antipertus
1620 1151 1775 1219 notarius
1787 1154 1937 1220 scribere
1949 1156 2084 1238 rogabi.

225 1297 340 1360 actum
357 1297 506 1361 salernu.

281 1419 312 1530 †
335 1464 402 1530 ego
426 1447 617 1532 rodelghisi

282 1571 313 1682 †
336 1616 403 1683 ego
425 1598 607 1668 audelassi.

981 2105 1315 2185 CCLXXIV.

1001 2357 1057 2427 A.
1094 2352 1144 2428 D.
1183 2349 1285 2429 973.

278 2609 315 2746 Τ
338 2665 376 2728 In
394 2660 532 2726 nomine
547 2659 679 2726 domini
696 2659 963 2743 quadragesimo
979 2677 1074 2726 anno
1091 2659 1307 2744 principatus
1322 2659 1439 2726 domni
1455 2661 1564 2727 nostri
1588 2661 1704 2745 gisolfi
1728 2664 1881 2746 glorioso
1903 2665 2078 2750 princeps,

212 2831 340 2882 mense
355 2813 485 2897 aprelis
501 2811 615 2896 prima
637 2810 838 2878 indictione.
858 2811 895 2878 in
918 2811 1151 2878 sacratissimo
1174 2811 1386 2880 salernitano
1408 2812 1540 2896 palatio
1564 2814 1645 2880 ante
1667 2830 1722 2880 me
1743 2812 1847 2897 gaido
1870 2814 1974 2882 iudex
1997 2834 2078 2884 con-

214 2968 325 3034 iuncti
338 2969 419 3034 sunt
434 2967 488 3032 leo
503 2964 706 3032 amalfitano
721 2964 812 3031 filius
824 2961 998 3048 quondam
1015 2963 1109 3047 sergi
1124 2962 1167 3030 de
1180 2965 1309 3048 lupenu
1322 2963 1363 3031 de
1379 2963 1448 3030 rini
1464 2965 1647 3041 clamatur,
1663 2967 1697 3031 et
1708 2965 1802 3050 sergi
1815 2965 1931 3034 hidem
1944 2969 2076 3034 amalil-

213 3121 295 3188 tano
312 3119 406 3186 filius
418 3118 577 3204 stephani
591 3119 649 3204 qui
660 3118 787 3186 dicitur
801 3116 844 3184 de
855 3119 1044 3196 calendola,
1059 3121 1094 3184 et
1106 3119 1252 3201 lupenus
1267 3117 1360 3186 filius
1377 3117 1469 3184 leoni
1481 3118 1745 3203 presbiteri‚qui
1756 3121 1837 3187 sunt
1848 3121 2073 3188 commanetis

212 3271 357 3337 cibitate
373 3271 504 3344 amalfi.
522 3269 565 3336 ad
582 3268 784 3337 iaciendum·
796 3270 887 3336 inter
906 3288 940 3336 se
955 3269 1058 3335 finem
1075 3268 1118 3335 de
1134 3271 1236 3336 rebus
1251 3269 1293 3334 de
1310 3271 1420 3336 locum
1437 3267 1494 3336 ubi
1512 3267 1555 3336 ad
1571 3269 1657 3335 sonti
1673 3269 1800 3338 dicitur
1815 3271 1943 3339 tinibus
1966 3272 2075 3340 saler-

214 3425 362 3502 nitanis,
381 3427 417 3491 in
433 3443 500 3510 quo
516 3424 665 3492 ecclesia
679 3425 791 3490 sancti
810 3422 898 3491 felici
916 3423 985 3491 sita
1000 3427 1064 3498 est,
1084 3423 1173 3492 unde
1189 3423 1255 3489 iam
1273 3425 1353 3490 ante
1370 3441 1408 3491 os
1423 3413 1497 3491 dies
1513 3423 1579 3508 ipsi
1598 3424 1690 3492 inter
1714 3444 1751 3494 se
1774 3383 1988 3494 causationes
2012 3429 2074 3494 ba-

214 3575 375 3654 buerunt,
397 3578 579 3661 querentes
595 3576 663 3661 ipsi
680 3577 849 3642 nominati
865 3577 975 3661 sergii
992 3580 1025 3646 et
1040 3579 1186 3661 lupenus
1209 3575 1336 3644 ibidem
1361 3577 1533 3644 introhire
1554 3577 1588 3644 et
1603 3577 1789 3645 sortionem
1806 3577 1931 3646 exinde
1946 3553 2072 3646 habere

211 3745 275 3810 per
299 3728 550 3796 successionem
575 3733 751 3814 parentes,
776 3707 811 3798 et
832 3729 948 3814 ibique
970 3729 1100 3797 nostris
1122 3729 1306 3814 presentiis
1328 3747 1391 3814 per
1414 3730 1527 3814 ipsum
1551 3731 1685 3797 leonem
1713 3734 1850 3798 ostensa
1879 3734 1932 3797 est
1961 3732 2072 3798 moui-

213 3883 311 3950 mina
334 3884 416 3961 treS,
442 3882 531 3950 idest
555 3902 659 3949 unum
684 3885 886 3966 preceptum
909 3884 944 3949 et
965 3881 1032 3949 due¹
1054 3885 1198 3962 cartule,
1222 3886 1256 3949 et
1278 3884 1405 3950 relecto
1432 3885 1522 3950 sunt.
1556 3883 1631 3968 ipso
1654 3850 1851 3968 preceptum
1875 3883 2070 3951 invenimus

209 4035 442 4101 continentem
463 4055 472 4120 ;
497 4033 624 4101 domno
653 4033 815 4101 sichardo
842 4034 897 4101 dei
926 4033 1144 4118 probidentia
1172 4033 1466 4118 langobardorum
1497 4033 1660 4119 princeps
1689 4053 1751 4119 per
1787 4054 1913 4120 rogum
1948 4035 2069 4102 roffrid

213 4185 441 4252 referendarii
466 4187 500 4253 et
522 4185 658 4255 fidelem
681 4205 778 4253 suum
802 4189 1018 4253 concesserat
1040 4186 1132 4269 petri
1156 4185 1332 4253 atranensi
1356 4185 1449 4251 filius
1473 4185 1583 4250 mauri
1607 4187 1756 4252 ecclesia
1778 4187 1890 4252 sancti
1915 4185 2009 4251 felici
2033 4186 2069 4250 iu

209 4339 348 4415 locum,
373 4338 433 4421 qui
458 4336 586 4403 dicitur
609 4337 722 4415 sonti,
751 4355 828 4404 cum
855 4336 961 4403 terris
989 4339 1024 4403 et
1053 4319 1151 4403 silbis
1182 4336 1290 4420 ipsius
1317 4335 1401 4402 locis
1431 4334 1706 4424 pertinentibus,
1732 4335 1819 4403 sicut
1852 4335 2069 4402 decurrentis

210 4487 321 4570 ipsius
343 4489 428 4556 locis
451 4488 706 4574 pertinentibus
728 4499 762 4556 et
783 4487 1076 4557 discernentibus:
1102 4506 1124 4554 a
1147 4490 1248 4572 parte
1271 4486 1406 4552 oriente
1428 4503 1520 4570 aqua
1548 4472 1688 4570 puteda,
1716 4477 1886 4570 q'uomodo
1912 4485 2066 4555 decurrit

208 4637 297 4705 riale
321 4641 481 4706 amente
504 4639 546 4706 de
571 4639 703 4706 faleczu
731 4657 838 4724 usque
862 4639 898 4706 in
920 4655 1030 4725 mare3
1055 4641 1090 4706 et
1113 4656 1135 4705 a
1157 4655 1241 4723 pars
1264 4636 1452 4703 occidentis
1481 4653 1571 4720 aqua
1597 4635 1640 4702 de
1666 4636 1871 4714 flexcetula,
1897 4639 1987 4706 sicut
2009 4639 2067 4707 de-

207 4791 321 4856 currit
343 4808 407 4874 per
429 4791 580 4860 medium
604 4794 697 4860 lama
718 4792 762 4860 de
781 4791 954 4877 caspinitu
977 4811 1085 4877 usque
1107 4793 1143 4858 in
1168 4810 1265 4859 mare
1286 4794 1321 4858 et
1344 4791 1381 4858 in
1397 4809 1479 4858 susu
1493 4791 1663 4858 directum
1681 4793 1717 4860 in
1733 4795 1850 4861 monte
1865 4794 1907 4862 de
1922 4795 2065 4870 faleczu

205 4945 340 5027 aparte
355 4961 462 5028 supra
476 4946 591 5011 monte
606 4943 648 5012 de
664 4945 806 5030 taleozu3
823 4949 959 5029 aparte
974 4947 1121 5012 subtuna
1136 4963 1233 5014 mare
1248 4947 1327 5030 ipsa
1343 4963 1433 5030 aqua
1444 4944 1487 5014 dc
1501 4945 1616 5014 media
1628 4948 1716 5024 loca,
1731 4949 1788 5014 ubi
1803 4949 1855 5015 est
1866 4949 1944 5031 ipsa
1956 4947 2067 5016 forma

205 5113 272 5180 que
290 5097 355 5162 fuit
370 5097 513 5182 antiqua
534 5098 571 5165 in
587 5099 666 5182 ipsa
679 5099 826 5165 ecclesia
840 5099 1057 5167 concesserat
1071 5116 1137 5182 que
1154 5098 1220 5165 fuit
1235 5097 1278 5165 de
1295 5115 1395 5165 sacro
1410 5097 1540 5184 palatio
1555 5097 1598 5166 de
1614 5102 1752 5166 salerno
1766 5101 1801 5166 et
1814 5101 1859 5192 ab
1873 5099 1958 5166 utile
1980 5117 2067 5168 anu-

206 5248 240 5312 lo
256 5249 333 5314 erat
348 5247 555 5332 sigillatum.
574 5268 642 5317 una
660 5269 703 5316 ex
719 5251 795 5334 ipse
812 5251 946 5318 cartule
962 5251 1173 5337 continebat3
1191 5251 1405 5334 temporibus
1420 5250 1538 5318 domni
1554 5250 1708 5319 ademari
1722 5251 1810 5317 bono
1822 5250 1990 5335 presbiter
2005 5249 2064 5317 do·

204 5400 374 5479 clarabat,
392 5401 562 5486 quomodo
577 5420 716 5470 maurus
731 5402 824 5470 filius
839 5402 931 5486 petri
947 5404 1109 5470 monachi
1126 5403 1321 5473 tradiderat
1335 5403 1369 5470 ei
1391 5378 1537 5471 ecclesia
1552 5402 1665 5469 sancti
1688 5401 1781 5468 felici
1805 5419 1881 5468 cum
1905 5400 2008 5471 rebus
2031 5409 2065 5471 et

204 5551 276 5620 suis
292 5553 513 5637 pertinentiis
528 5553 572 5621 ad
588 5555 770 5623 tenendum
789 5554 910 5623 diebus
926 5555 996 5622 vite
1013 5573 1086 5634 sue,
1101 5558 1135 5623 et
1151 5559 1266 5624 cetera
1281 5556 1490 5622 continebat.
1509 5555 1588 5639 ipsa
1611 5553 1681 5622 alia
1695 5557 1830 5622 cartula
1852 5555 2063 5627 continebat.

204 5704 375 5786 quomodo
401 5707 546 5790 lupenus
571 5705 792 5773 amalfitanus
821 5705 913 5773 tilius
936 5707 1032 5792 sergi
1054 5707 1246 5776 donaberat
1269 5706 1379 5792 ipsius
1402 5707 1494 5774 leoni
1518 5722 1686 5790 germano
1708 5723 1771 5773 suo
1793 5708 1867 5774 tota
1889 5709 1923 5777 et
1946 5707 2065 5776 inclita

205 5855 360 5923 sortione
376 5856 497 5925 suade
513 5875 578 5935 res,
597 5861 763 5943 quantum
781 5862 973 5944 quantoque
989 5861 1020 5930 ei
1037 5859 1187 5944 pertinet
1205 5861 1330 5929 habere
1346 5857 1392 5925 da
1407 5857 1606 5943 supradicto
1623 5858 1817 5944 genitorem
1841 5879 1939 5930 suum
1963 5859 1999 5927 in
2016 5861 2065 5926 lo·
