5216 7092
592 576 653 638 156
1261 550 1422 624 CODEX
1460 549 1693 622 CAVENSIS

540 757 740 893 peneadem
757 793 826 871 line
841 789 1068 870 descendente
1083 815 1191 882 usque
1205 814 1302 864 mare
1336 846 1342 858 .
1394 799 1403 861 ἶ
1455 845 1702 859 .....
1729 796 1771 862 ab
1786 797 1862 881 ipso
1877 799 1956 865 toru
1979 799 2183 871 ascendente
2205 822 2267 888 per
2290 807 2392 892 ipsum

544 958 696 1023 montem
712 957 747 1022 et
762 955 893 1022 rectum
911 951 1058 1046 saliente
1073 952 1112 1017 in
1130 949 1287 1035 partibus
1301 946 1594 1032 septemtrionalis
1609 948 1643 1015 et
1657 949 1893 1032 coniungente
1905 947 1939 1014 in
1953 951 2027 1034 ipsa
2039 969 2136 1019 serra
2147 953 2190 1020 de
2201 957 2275 1039 ipso
2287 963 2394 1030 moute

543 1107 586 1176 dc
602 1109 748 1175 falerzu:
766 1125 789 1173 a
805 1106 961 1192 partibus
975 1105 1271 1191 septemtrionalis
1286 1104 1358 1171 tine
1374 1102 1451 1188 ipsa
1473 1120 1573 1170 serra
1596 1101 1638 1168 de
1661 1102 1738 1186 ipso
1760 1106 1877 1170 monte
1899 1100 1943 1170 dc
1965 1103 2104 1184 salerzu,
2123 1104 2166 1173 de
2189 1111 2309 1194 suptus
2331 1114 2393 1182 fine

544 1260 647 1328 litore
662 1258 783 1325 maris.
805 1255 964 1352 Poettum
978 1257 1176 1338 emptionis:
1192 1256 1270 1324 auri
1288 1254 1416 1322 solidos
1431 1253 1474 1322 de
1488 1254 1557 1321 tari
1575 1273 1757 1322 numerum
1773 1255 1973 1338 octuaginta
1988 1274 2056 1325 ana
2070 1261 2231 1342 quattuor
2247 1266 2321 1331 auri
2333 1269 2393 1334 tari

540 1429 601 1498 per
617 1407 757 1489 solidos
776 1410 866 1477 sicut
882 1409 973 1477 inter
989 1426 1052 1477 nos
1071 1407 1245 1475 combenit
1260 1409 1326 1475 etc.

598 1563 698 1631 Finis
712 1565 850 1630 temtus:
880 1561 978 1632 Unde
993 1561 1036 1630 de
1053 1562 1170 1631 omnia
1186 1561 1425 1648 suprascripta
1441 1562 1538 1628 vobis
1554 1560 1811 1646 adimplendum
1835 1563 1965 1647 guadia
1987 1560 2049 1632 tivi
2074 1565 2235 1634 iamdicto
2259 1569 2394 1640 iohanni
2478 1633 2486 1644 .

539 1716 700 1784 dedimus
723 1719 758 1783 et
781 1714 986 1784 mediatores
1009 1715 1106 1782 vobis
1122 1715 1298 1816 posuimus
1314 1715 1485 1782 iohannes
1500 1715 1698 1783 anianense
1713 1715 1806 1782 filius
1823 1716 1929 1800 ligori
1946 1721 1981 1784 et
1995 1717 2171 1789 landoltus
2186 1720 2279 1789 idem
2301 1725 2398 1792 atria·

545 1887 652 1939 nense
667 1870 759 1936 filius
777 1869 898 1954 sergii,
917 1870 951 1936 et
966 1869 1029 1936 tiri
1046 1869 1156 1937 totoni
1173 1870 1309 1938 notario
1327 1871 1476 1940 scribere
1494 1870 1693 1955 rogavimus
1710 1869 1747 1937 in
1763 1887 1863 1938 sacro
1878 1871 2021 1954 palatio.

602 1993 631 2106 †
647 2041 713 2106 ego
730 2013 876 2088 ioannes
892 2039 1006 2090 comes
1322 1985 1324 1989 Ι

597 2144 711 2258 †ego
728 2172 900 2240 madelmo

598 2295 712 2408 †ego
727 2324 817 2391 maio

532 2471 535 2475 ’
597 2447 884 2562 †egodesigius

597 2603 628 2717 †
643 2593 709 2716 ego
724 2635 839 2703 lando.

1310 3204 1644 3285 CCCXXXI.

1232 3443 1236 3450 ’
1341 3452 1396 3528 Α.
1435 3453 1486 3528 D.
1526 3451 1623 3530 981.

607 3777 694 3914 †ln
712 3827 850 3895 nomine
861 3825 991 3894 domini
1009 3826 1156 3910 septimo
1174 3841 1266 3892 anno
1282 3825 1500 3911 principatus
1516 3825 1634 3894 domni
1652 3827 1760 3896 nostri
1777 3826 1920 3911 paldoltl
1932 3826 2077 3911 gloriosi
2091 3823 2274 3910 principis,
2290 3841 2398 3892 meuse

545 3981 678 4067 aprelis
694 3997 786 4047 nona
801 3977 1003 4046 indictione.
1023 3979 1306 4046 memoratorium
1323 3978 1414 4044 sactu
1429 3997 1450 4044 a
1465 3995 1522 4044 me
1537 3979 1708 4045 martinus
1735 3979 1904 4064 presbiter
1932 3978 1967 4044 et
1990 3977 2097 4046 abbas
2121 3975 2267 4046 ecclesie
2294 3975 2398 4042 sancti

547 4133 707 4210 maximi,
724 4151 765 4199 eo
781 4131 871 4216 quod
889 4133 970 4200 ante
985 4133 1172 4218 subscripti
1189 4134 1292 4200 testes
1307 4151 1370 4217 per
1386 4133 1476 4200 bona
1491 4132 1744 4198 combeuiontia
1759 4129 1967 4198 tradidimus
1985 4129 2099 4198 mauri
2115 4128 2318 4196 amalfitano
2331 4129 2397 4195 filio

541 4285 647 4371 ligori
665 4287 700 4352 et
716 4286 905 4369 stephanus
919 4284 991 4352 filio
1007 4287 1110 4369 petri,
1125 4303 1196 4352 una
1212 4303 1347 4354 mecum
1363 4285 1499 4353 adesset
1514 4285 1692 4352 waiferius
1708 4283 1880 4352 castaldus
1895 4301 2002 4350 unum
2025 4282 2068 4349 de
2090 4280 2284 4348 dominium
2295 4281 2397 4366 ipsius

542 4435 686 4503 ecclesie
702 4437 737 4502 et
753 4434 994 4502 adbocatorem
1011 4437 1168 4504 nostrum
1184 4433 1226 4502 de
1240 4437 1348 4512 terra,
1368 4434 1457 4520 quod
1474 4453 1555 4519 pars
1579 4435 1688 4519 ipsius
1715 4432 1857 4502 ecclesie
1882 4433 1960 4501 abet
1983 4451 2005 4500 a
2028 4450 2134 4518 supra
2159 4433 2235 4518 ipsa
2261 4432 2400 4502 ecclesia

542 4587 654 4654 sancti
671 4587 816 4654 maximi
834 4589 868 4654 et
884 4606 907 4654 a
922 4605 1028 4673 supra
1044 4588 1122 4655 illut
1137 4587 1227 4673 quod
1251 4589 1396 4656 iohanni
1422 4588 1607 4672 presbiteri
1631 4587 1673 4654 ad
1698 4605 1777 4654 casa
1800 4583 1995 4654 faciendum
2019 4583 2139 4654 datum
2164 4585 2342 4670 abuimus3
2371 4585 2401 4652 ct

544 4739 597 4805 est
612 4739 709 4805 terra
725 4739 880 4823 ipseper
895 4739 1071 4817 mensuria
1087 4739 1191 4824 pedes
1209 4739 1335 4824 biginti
1351 4742 1385 4808 et
1399 4739 1547 4808 latitudo
1574 4737 1678 4824 pedes
1704 4738 1824 4806 decern
1851 4740 1887 4805 et
1913 4739 2045 4821 septem
2072 4736 2113 4804 ad
2141 4737 2235 4804 iusta
2263 4753 2400 4804 manum

542 4887 676 4956 homini
692 4892 941 4958 mensuratum.
962 4889 1040 4958 ideo
1056 4909 1117 4974 per
1133 4890 1333 4975 supradicta
1360 4891 1538 4960 mensurio
1564 4889 1675 4958 licead
1692 4890 1761 4957 illis
1787 4888 1848 4975 qui
1875 4852 1980 4974 supra
2005 4889 2041 4956 et
2066 4889 2139 4958 eius
2165 4887 2311 4957 heredes
2336 4888 2401 4952 tou

542 5040 744 5126 supradicta
760 5045 856 5109 terra
872 5060 936 5128 per
952 5042 1152 5128 supradicta
1167 5045 1345 5111 mensuria
1360 5063 1437 5110 curn
1454 5042 1528 5112 bice
1543 5043 1585 5110 de
1602 5044 1656 5110 bie
1670 5061 1732 5110 sue
1748 5045 1867 5110 tenere
1881 5039 1924 5107 ad
1940 5059 2002 5110 sue
2023 5041 2198 5126 potestati,
2216 5043 2252 5109 et
2272 5057 2351 5109 casa
2370 5041 2400 5106 et

542 5191 657 5260 omnis
673 5211 735 5261 sue
751 5193 892 5261 utilitati
909 5195 1085 5264 licentiam
1103 5195 1208 5264 abead
1225 5195 1352 5264 ibidem
1367 5198 1495 5274 iacere,
1513 5199 1548 5262 et
1567 5214 1673 5281 usque
1688 5195 1757 5279 ipsi
1773 5193 1899 5278 biginti
1915 5193 2084 5279 quadtuor
2099 5197 2185 5261 anni
2207 5211 2269 5278 per
2293 5188 2400 5260 omnis

542 5361 674 5412 annum
690 5345 776 5414 dead
792 5347 920 5416 exinde
938 5367 1077 5417 censum
1093 5349 1135 5417 ad
1152 5367 1236 5434 pars
1258 5350 1368 5436 ipsius
1391 5351 1537 5418 ecclesie
1560 5367 1665 5434 usque
1689 5350 1765 5435 ipso
1788 5348 2012 5416 constitutum
2037 5365 2144 5416 unum
2166 5365 2311 5414 aureum
2334 5341 2400 5412 tari

545 5496 672 5564 bonum
689 5496 732 5564 de
749 5502 887 5566 moneta
902 5479 1057 5584 pesante.
1076 5500 1122 5570 da
1138 5501 1301 5586 completi
1317 5502 1386 5587 ipsi
1409 5501 1538 5586 biginti
1561 5499 1734 5586 quadtuor
1757 5501 1840 5567 anni
1862 5498 1970 5568 licead
1996 5499 2066 5567 illis
2088 5501 2123 5567 et
2145 5517 2263 5566 eorum
2286 5493 2401 5566 eredes

544 5647 657 5717 omnis
673 5651 897 5734 lingnamina
913 5651 957 5720 de
971 5653 1047 5737 ipsa
1062 5673 1142 5723 casa
1158 5655 1286 5724 exinde
1301 5655 1496 5724 disturbare
1512 5657 1547 5723 et
1561 5657 1722 5723 excutere
1738 5672 1814 5721 cum
1827 5655 1939 5722 omnis
1951 5652 2101 5731 mobilia,
2116 5671 2182 5737 que
2194 5653 2242 5720 ibi
2252 5651 2396 5728 abuerit,

542 5803 579 5868 ct
595 5803 647 5870 ire
664 5764 739 5870 cum
757 5803 817 5907 illo
834 5804 892 5871 ubi
909 5806 1056 5874 boluorit
1070 5809 1144 5876 sine
1159 5810 1404 5880 contrarietate
1420 5827 1501 5894 pars
1517 5808 1671 5894 predicte
1693 5807 1836 5876 ecclesie
1860 5809 1913 5876 uel
1936 5787 2061 5892 cuiqua
2083 5806 2292 5874 hominibus.
2311 5802 2400 5891 quod
