5378 7098
1005 648 1379 720 blrlolllllobs

1016 1101 1350 1182 CCXXXIII·

1048 1349 1102 1425 Α.
1139 1349 1189 1430 n.
1217 1301 1331 1430 'aaa

319 1610 355 1744 †
371 1664 410 1726 ln
426 1660 567 1728 nomine
581 1659 712 1726 domini
729 1677 821 1728 anno
837 1661 1012 1728 tricesimo
1027 1661 1130 1728 tertio
1146 1660 1366 1744 principatus
1383 1659 1503 1728 domni
1515 1661 1623 1730 nostri
1639 1661 1755 1747 gisolfi
1770 1647 1916 1748 gloriosi
1927 1662 2108 1748 principis,

255 1831 378 1882 meuse
400 1814 580 1882 december
603 1832 698 1882 nona
720 1815 919 1883 indictione.
940 1817 1220 1884 memoratorium
1244 1817 1372 1883 factum
1396 1835 1416 1882 a
1440 1834 1495 1884 me
1518 1834 1660 1884 maurus
1677 1817 1874 1886 atrianense
1890 1815 1983 1886 filius
2005 1834 2112 1902 quon-

253 1971 335 2037 dam
357 1969 461 2047 leoni,
480 1967 538 2054 qui
553 1967 681 2036 dicitur
697 1969 822 2054 pirula,
841 1987 882 2036 eo
899 1967 986 2054 quod
1011 1970 1091 2037 ante
1114 1970 1289 2054 presentia
1294 2020 1486 2036 ......
1514 1987 1578 2053 pro
1601 1970 1676 2038 vice
1700 1988 1779 2038 mea
1800 1972 1835 2038 et
1857 1971 2008 2038 iohanne
2031 1987 2111 2054 ger-

258 2136 384 2186 manus
400 2137 496 2186 meus
520 2118 701 2185 coniuntus
716 2137 792 2186 sum
807 2137 885 2186 cum
901 2121 1019 2204 petrus
1035 2119 1205 2204 presbiter
1220 2123 1254 2185 et
1270 2119 1373 2187 abbas
1389 2119 1533 2186 ecclesie
1549 2120 1658 2187 sancti
1675 2119 1830 2188 massimi
1847 2121 1882 2186 et
1896 2135 1966 2187 una
1980 2137 2058 2186 curm
2074 2137 2114 2190 eo

254 2279 349 2338 esset
366 2267 563 2338 romoaldus
579 2272 736 2338 notarius
760 2270 1001 2338 advocatorem
1025 2290 1124 2340 suum
1147 2269 1190 2337 ad
1214 2269 1408 2338 faciendum
1427 2271 1517 2338 inter
1534 2291 1597 2338 nos
1619 2272 1871 2338 comvenientia
1886 2269 1929 2338 de
1945 2272 2046 2340 rebus
2067 2273 2110 2340 de

254 2425 372 2490 locum
396 2422 555 2489 mairano
582 2422 796 2490 salernitane
818 2422 956 2500 finibus
975 2422 1021 2490 da
1043 2423 1140 2490 ribus
1163 2423 1222 2507 qui
1245 2421 1370 2489 dicitur
1393 2424 1520 2490 accello
1543 2423 1579 2490 in
1604 2440 1686 2506 pars
1709 2423 1852 2492 meridie
1874 2427 1909 2491 et
1925 2421 1971 2490 da
1994 2423 2107 2490 forino

255 2579 290 2642 in
315 2577 382 2644 illa
404 2579 517 2662 parte,
536 2579 574 2644 ut
591 2593 654 2643 nos
671 2576 943 2662 ammitteremus
958 2577 993 2642 et
1008 2574 1352 2644 adcommunaremus
1369 2593 1447 2642 cum
1464 2593 1546 2660 pars
1562 2576 1672 2660 ipsius
1686 2577 1830 2644 ecclesie
1846 2577 1920 2642 tota
1944 2577 1979 2642 et
1994 2574 2113 2642 inclita

255 2729 377 2794 nostra
392 2727 585 2794 munimina
600 2743 700 2810 quem
717 2742 779 2792 nos
797 2725 877 2792 inde
893 2728 1046 2803 abemus,
1064 2728 1099 2792 et
1115 2725 1245 2809 quanta
1261 2743 1317 2792 res
1333 2724 1461 2793 ibidem
1478 2725 1578 2792 nobis
1595 2723 1708 2808 fuitei
1729 2728 1780 2790 est
1804 2725 1859 2792 vel
1882 2723 1987 2793 suerit
2009 2725 2115 2808 perti-

253 2883 379 2948 nentes
394 2883 427 2946 et
444 2879 561 2946 omnia
576 2883 742 2964 quantum
765 2879 843 2962 ipsa
865 2879 986 2944 nostra
1009 2877 1208 2944 monimima
1229 2877 1395 2954 continet,
1415 2879 1450 2943 et
1472 2879 1532 2944 ille
1555 2878 1822 2945 adcommunare
1846 2875 2023 2944 nobiscum
2047 2895 2114 2946 una

251 3031 386 3096 cartula
408 3029 637 3114 pertinentem
652 3029 761 3113 ipsius
777 3027 930 3106 ecclesie,
949 3045 1050 3112 quem
1067 3029 1146 3093 abet
1161 3025 1207 3093 da
1223 3026 1348 3094 mulier
1366 3026 1505 3094 nomine
1529 3043 1610 3094 rosa
1632 3027 1715 3093 abia
1742 3029 1861 3094 nostra
1887 3029 1921 3096 et
1947 3046 2016 3095 tina
2044 3028 2113 3096 alia

251 3185 387 3250 cartula
402 3181 596 3250 offertionis
611 3182 657 3250 da
673 3179 779 3264 (deest
794 3181 939 3268 nomeu),
958 3188 992 3250 et
1007 3181 1050 3249 de
1065 3199 1105 3248 ec
1120 3181 1318 3266 omniaque
1334 3183 1517 3265 utrumque
1533 3181 1624 3248 inter
1639 3197 1703 3247 nos
1718 3180 1942 3258 ammisimus,
1959 3199 2043 3266 pars
2061 3182 2113 3266 ip·

251 3334 320 3399 sius
346 3333 489 3402 ecclesie
503 3335 601 3401 tollat
616 3335 651 3400 et
666 3334 775 3401 abead
792 3344 930 3418 semper
945 3332 1026 3401 inde
1041 3333 1173 3399 duobus
1196 3329 1416 3410 emtionibus,
1436 3335 1471 3399 et
1491 3350 1557 3417 ego
1574 3337 1609 3400 et
1631 3334 1743 3418 ipsum
1764 3350 1971 3418 germanum
1993 3349 2107 3399 meum

251 3489 283 3551 et
298 3486 431 3552 nostris
447 3483 633 3552 heredibus
648 3486 811 3553 tollamus
827 3488 862 3552 et
877 3486 1043 3553 abeamus
1058 3485 1186 3553 exinde
1200 3502 1271 3552 una
1287 3488 1391 3564 sorte,
1410 3483 1498 3568 quod
1514 3487 1567 3552 est
1582 3485 1721 3552 tertiam
1738 3488 1886 3570 partem.
1903 3488 1938 3551 et
1952 3484 2033 3550 dum
2057 3485 2110 3552 ta·

255 3641 301 3704 lia
326 3642 510 3722 utrumque
527 3640 718 3724 complacui
729 3643 940 3717 taceremus,
960 3641 1022 3705 hec
1038 3639 1154 3706 oninia
1169 3638 1400 3724 nuptiandum
1416 3638 1619 3708 diressimus
1634 3637 1824 3723 supradicti
1847 3637 1991 3724 gloriosi
2014 3637 2109 3722 prin·

251 3792 335 3876 cipi.
356 3797 394 3857 ut
409 3809 472 3875 per
489 3791 562 3858 eius
578 3790 784 3858 solutionem
801 3809 864 3858 anc
888 3791 1080 3858 laceremus
1106 3789 1373 3877 combcnientia3
1398 3790 1456 3858 ille
1473 3791 1588 3858 autem
1614 3789 1708 3856 dedit
1730 3790 1934 3858 solutionem
1961 3791 2047 3857 mihi
2076 3793 2111 3858 et

251 3945 291 4016 ad
318 3947 434 4030 ipsum
461 3947 598 4012 abatem
622 3947 814 4012 laceremus
831 3945 894 4014 ista
922 3945 1186 4013 comvenientia.
1202 3947 1330 4030 etpost
1352 3947 1417 4012 hoc
1432 3964 1496 4030 per
1520 3964 1608 4014 vona
1631 3944 1881 4013 comvenientia
1901 3961 1964 4010 nos
1990 3941 2112 4010 ammi-

252 4100 360 4167 simus
383 4117 466 4183 pars
481 4099 591 4182 ipsius
606 4098 748 4166 ecclesie
765 4099 802 4165 in
819 4098 896 4184 ipsa
922 4101 1025 4166 rebus
1050 4102 1084 4168 et
1110 4098 1147 4166 in
1174 4100 1247 4166 tota
1270 4098 1347 4183 ipsa
1362 4101 1480 4166 nostra
1496 4100 1687 4167 monimina
1703 4119 1780 4166 cum
1803 4098 1921 4166 omnia
1943 4099 2110 4182 quantum

253 4253 407 4318 continet
430 4252 465 4318 et
482 4267 563 4334 pars
578 4249 688 4336 ipsius
711 4251 853 4318 ecclesie
881 4250 1033 4319 ammisit
1049 4267 1110 4318 nos
1136 4251 1173 4317 in
1199 4252 1302 4318 ambo
1327 4251 1403 4336 ipse
1424 4251 1635 4330 cartulasic
1650 4253 1766 4319 tamen
1793 4252 1832 4317 ut
1857 4249 1900 4317 de
1928 4269 1965 4317 ee
1993 4248 2111 4315 omnia
2185 4245 2189 4253 '

253 4405 492 4490 suprascripta
515 4405 740 4473 communiter
767 4403 848 4472 inde
874 4422 1054 4473 causemus
1084 4423 1162 4470 cum
1190 4404 1398 4483 hominibus,
1427 4405 1484 4491 qui
1510 4404 1553 4472 de
1576 4404 1654 4489 ipsa
1677 4405 1779 4472 rebus
1803 4403 1958 4471 retinunt
1981 4404 2110 4488 absque

253 4553 347 4622 omni
365 4553 513 4622 colluidio
535 4571 641 4639 usque
657 4554 830 4623 aluerant
859 4556 895 4622 et
919 4553 1104 4621 diffinitam
1120 4555 1258 4641 legem3
1283 4557 1318 4622 et
1343 4555 1375 4622 si
1402 4556 1659 4623 sacramentum
1674 4553 1755 4623 inde
1778 4552 1943 4622 ceciderit
1959 4554 2003 4620 ad
2026 4570 2110 4639 pars

252 4707 362 4790 ipsius
385 4705 529 4774 ecclesie
551 4707 606 4774 vel
630 4709 758 4784 nostra,
777 4724 841 4775 nos
865 4709 977 4775 autem
1001 4710 1036 4774 et
1058 4707 1187 4775 nostris
1210 4705 1391 4776 heredibus
1414 4711 1669 4776 sacramentum
1693 4708 1805 4794 ipsum
1823 4707 1943 4777 demus
1969 4710 2004 4776 et
2033 4724 2112 4792 per·

251 4860 439 4936 solbamus,
459 4861 493 4926 et
518 4857 753 4944 quodcumque
769 4859 813 4929 de
835 4877 874 4928 ec
897 4859 1013 4927 omnia
1038 4861 1274 4944 suprascripta
1297 4858 1485 4928 adbineere
1508 4861 1721 4945 potuerimus
1735 4865 1770 4930 et
1785 4861 2021 4948 quodcumque
2043 4879 2104 4945 per

250 5014 372 5097 sperabis
386 5013 498 5082 modis
515 5013 595 5083 inde
609 5015 808 5098 tulerimus,¹
823 5034 907 5102 pars
930 5016 1040 5102 ipsius
1062 5017 1204 5087 ecclesie
1219 5018 1322 5087 tollat
1344 5021 1379 5086 et
1402 5017 1508 5086 abead
1533 5017 1612 5086 inde
1627 5019 1760 5087 duobus
1781 5011 1964 5094 sortionis,
1981 5019 2015 5086 et
2037 5034 2105 5102 ego

251 5171 286 5235 et
312 5168 426 5252 ipsum
444 5185 651 5252 germanum
677 5188 791 5237 meum
817 5173 853 5238 et
878 5171 1007 5239 nostris
1023 5135 1207 5240 heredibus
1236 5173 1398 5241 tollamus
1425 5171 1506 5240 inde
1520 5149 1669 5241 'tertiam
1695 5171 1913 5256 partionem.¹
1927 5167 2018 5240 unde
2043 5186 2108 5254 pro

253 5317 371 5386 taliter
386 5336 449 5404 per
465 5336 555 5386 vona
570 5318 969 5406 combenientiaguadia
984 5321 1072 5388 mihi
1094 5321 1170 5407 ipse
1193 5321 1300 5390 abbas
1323 5341 1393 5392 una
1418 5341 1496 5393 cum
1519 5325 1634 5410 ipsum
1660 5341 1759 5392 suum
1787 5320 2029 5390 advocatorem
2053 5319 2111 5388 de-

251 5469 303 5540 dit
326 5491 387 5556 per
411 5472 626 5542 absolutione
642 5473 749 5559 ipsius
764 5474 909 5560 gloriosi
927 5472 1106 5561 principis,
1121 5481 1155 5546 et
1167 5475 1337 5545 mediator
1352 5477 1438 5545 mihi
1454 5478 1568 5563 posuit
1583 5479 1702 5562 petrus
1718 5474 1918 5544 atrianense
1932 5472 2025 5544 filius
2041 5475 2111 5542 leo-

252 5625 289 5690 ni
306 5623 365 5708 qui
379 5623 508 5692 dicitur
523 5625 566 5694 de
581 5645 678 5696 sassa
693 5648 703 5714 ;
720 5630 756 5696 et
770 5646 834 5713 per
848 5628 970 5698 eadem
986 5629 1118 5715 guadia
1133 5631 1322 5716 obbligabit
1338 5649 1375 5701 se
1401 5631 1476 5716 ipse
1504 5632 1611 5699 abbas
1638 5633 1673 5698 et
1699 5628 1770 5698 suis
1796 5627 2052 5696 successoribus
2078 5629 2113 5696 et

253 5790 335 5856 pars
349 5773 463 5859 ipsius
487 5777 629 5847 ecclesie
645 5778 739 5846 omni
756 5781 911 5864 tempore
933 5781 1208 5865 permanendum
1225 5781 1263 5849 in
1279 5784 1517 5868 suprascripta
1539 5781 1804 5860 comvenientia,
1819 5784 1853 5852 et
1869 5780 1899 5850 si
1922 5779 1969 5848 ibi
1991 5782 2111 5849 nolue-

253 5924 301 5990 rit
323 5944 527 6011 permanere
550 5931 585 5996 et
607 5931 799 6015 quesierint
813 5951 871 6004 eos
887 5937 1066 6005 remobere
1081 5939 1140 6004 aut
1154 5937 1327 6013 contram,
1346 5955 1552 6023 componere
1567 5937 1734 6023 obligabit
1756 5955 1793 6005 se
1816 5935 1955 6022 suisque
1977 5954 2109 6005 succes-
