5286 7098
1219 576 1382 650 CODEX
1420 576 1652 652 CAVENSIS

1248 1031 1608 1110 CCLXXXII.

1289 1279 1345 1352 A.
1382 1275 1432 1353 D.
1471 1273 1575 1354 975.

561 1588 714 1658 Chartae
738 1587 797 1654 sut
822 1586 885 1655 too
909 1601 1050 1652 carcero
1072 1601 1217 1668 prorsas
1244 1584 1472 1654 carcrroiaatae
1498 1587 1531 1650 at
1557 1584 1671 1655 blattis
1693 1601 1813 1652 erosae
1835 1586 1899 1652 oia
1922 1585 2012 1655 dare
2028 1602 2206 1669 possamus
2227 1601 2357 1670 sequens

501 1741 739 1811 mattaratium.

562 1847 713 1979 †Anno
736 1889 1006 1977 quadragesimo
1029 1887 1178 1956 secundo
1201 1889 1419 1974 principatus
1434 1890 1553 1958 domni
1569 1889 1688 1959 Gisolil
1711 1889 1857 1974 gloriosi
1880 1889 2050 1974 principis
2076 1891 2113 1958 et
2134 1891 2248 1976 primo
2269 1908 2357 1960 anno

504 2047 724 2133 principatus
740 2045 889 2112 domnae
903 2046 1064 2112 Gammae
1088 2043 1247 2128 coniugis
1274 2045 1347 2113 cius
1370 2047 1406 2111 et
1425 2044 1543 2112 domni
1560 2043 1704 2112 Paldolfl
1719 2042 1828 2129 optati
1844 2043 1907 2110 fflii
1931 2061 2062 2123 eorum,
2083 2062 2203 2113 manse
2219 2045 2355 2130 Aprilis,

499 2199 607 2266 tertia
628 2197 831 2266 indictione.
868 2200 1015 2264 Ioannes
1041 2197 1077 2263 et
1100 2199 1171 2264 Leo
1194 2195 1420 2264 anianenses
1443 2197 1605 2282 germani
1628 2196 1692 2266 tilii
1711 2196 1885 2282 quondam
1908 2196 2014 2275 Gutti,
2045 2199 2080 2264 et
2103 2196 2218 2274 Risus,
2246 2199 2281 2264 et
2295 2199 2361 2265 Ro-

503 2349 648 2430 doricus,
665 2353 700 2419 et
718 2347 907 2428 Maraldus,
926 2353 962 2417 et
978 2349 1131 2432 Disigius
1147 2349 1308 2432 germani
1331 2347 1394 2414 tilii
1422 2347 1570 2415 Maraldi
1585 2349 1620 2416 et
1634 2351 1704 2416 Leo
1720 2347 1987 2432 amalphitanus
2003 2348 2038 2416 et
2052 2349 2239 2434 quuintus,
2257 2350 2295 2416 ut
2319 2350 2359 2417 li·

320 2519 325 2529 ·
415 2559 417 2564 .
502 2504 572 2572 tem
594 2506 852 2587 componerent,
871 2501 1124 2572 fideiussionem
1143 2501 1229 2569 dant
1244 2501 1393 2570 invicem
1408 2502 1500 2570 inter
1518 2521 1555 2572 se
1569 2501 1660 2587 apud
1685 2500 1832 2570 iudicem
1856 2501 2045 2571 Gaidonem
2063 2501 2158 2570 circa
2178 2502 2359 2587 possessio·

501 2675 580 2726 nom
604 2657 783 2726 cuiusdam
806 2659 980 2728 clusuriae
994 2661 1029 2726 et
1044 2659 1182 2744 pistrini
1206 2659 1243 2726 in
1259 2639 1333 2726 loco
1356 2661 1478 2728 Veteri
1503 2662 1537 2728 et
1560 2657 1797 2730 Transboneia
1810 2657 1853 2725 ad
1878 2656 1982 2743 pedes
2004 2657 2132 2726 montis
2154 2657 2214 2742 qui
2235 2657 2359 2726 dicitur

501 2811 699 2884 catabulus.
725 2814 768 2878 ob
790 2831 878 2899 quae
894 2814 986 2881 inter
1008 2829 1067 2881 eos
1093 2813 1136 2882 lis
1158 2814 1379 2896 exortatuit.

1123 3317 1124 3320 ‘
1241 3319 1624 3399 GCLXXXIII.

1262 3564 1340 3648 .Α.
1378 3563 1429 3640 D.
1466 3561 1570 3641 975.

560 3822 947 3958 1Ι”Ιττττοτττίττεᾶετττίττί
970 3888 1061 3939 anno
1073 3870 1341 3957 quadragesimo
1364 3873 1466 3940 tertio
1487 3871 1702 3957 principatus
1724 3871 1965 3939 domninostri
1982 3869 2098 3954 gisolfi
2111 3867 2252 3954 gloriosi
2265 3867 2369 3952 prim·
2393 3933 2396 3938 .

502 4023 602 4109 cipis,
621 4027 656 4091 et
671 4023 784 4107 primo
807 4038 899 4090 anno
922 4021 1137 4108 principatus
1159 4021 1284 4091 domne
1307 4042 1444 4108 gemme
1466 4024 1587 4091 uxoris
1602 4023 1677 4091 eius
1699 4025 1735 4090 et
1757 4021 1877 4089 domni
1893 4019 2035 4106 paldolfi
2048 4021 2166 4104 optato
2184 4019 2257 4086 filio
2270 4019 2359 4097 cius,

502 4189 621 4244 mense
643 4177 805 4259 magius.
832 4174 938 4241 tertia
961 4172 1161 4242 indictione.
1187 4174 1424 4241 clareiacimus
1446 4191 1510 4241 nos
1533 4175 1651 4258 petrus
1673 4170 1871 4250 castaldus
1897 4171 1956 4257 qui
1981 4172 2133 4238 cristallo
2155 4168 2297 4236 vocatur
2318 4167 2363 4234 fi-

504 4327 571 4394 lius
592 4325 767 4413 quondam
789 4325 951 4406 arociusi,
976 4328 1012 4394 et
1034 4285 1115 4395 azzo
1135 4325 1228 4394 tilius
1252 4326 1424 4412 quondam
1447 4328 1577 4407 azzoni,
1602 4327 1662 4413 qui
1685 4343 1803 4394 somus
1826 4324 1901 4392 thio
1923 4325 1958 4392 ct
1978 4323 2153 4408 nepotem,
2178 4339 2282 4407 quum
2297 4337 2362 4405 ρετ

502 4480 605 4547 firma
632 4481 792 4559 cartula,
818 4481 875 4564 qui
902 4479 1035 4564 scripta
1058 4481 1111 4549 est
1139 4479 1207 4564 ρετΙ
1232 4480 1400 4548 iohannes
1432 4481 1614 4559 notarius,
1640 4477 1858 4565 supradictus
1884 4476 2033 4544 domnus
2056 4473 2201 4559 gisolfus
2221 4469 2363 4539 donabit

502 4630 613 4716 ipsius
642 4631 794 4699 arechisi
817 4631 957 4716 genitor
979 4632 1014 4700 et
1035 4631 1116 4698 abio
1139 4631 1257 4698 noster
1281 4633 1376 4699 terra
1398 4647 1477 4697 cum
1500 4631 1604 4699 vinea
1626 4631 1728 4698 iuxta
1750 4629 1892 4696 flubium
1916 4629 2058 4696 lirinum
2074 4645 2137 4714 ρετ
2155 4627 2248 4705 finis,
2274 4624 2364 4692 sicut

505 4783 640 4848 cartula
662 4782 742 4865 ipsa
764 4783 940 4860 continet,
965 4783 1001 4850 et
1022 4800 1217 4867 congruum
1241 4786 1294 4850 est
1316 4783 1416 4850 nobis
1438 4781 1517 4850 illut
1539 4782 1668 4850 donare
1690 4781 1841 4867 guaiferi
1863 4781 1956 4850 tilius
1989 4779 2161 4868 quondam
2193 4777 2365 4864 guaimari

508 4935 668 5022 comitis;
697 4939 732 5002 et
754 4933 832 5003 ideo
854 4951 917 5003 nos
938 4935 1111 5003 nominati
1123 4935 1279 5004 cristallo
1300 4938 1336 5004 et
1358 4953 1438 5002 azzo
1452 4952 1541 5003 vona
1556 4937 1675 5004 nostre
1688 4935 1894 5010 volumtatis
1905 4951 1968 5019 ρετ
1987 4937 2078 5003 hanc
2094 4935 2263 5002 cartulam
2278 4949 2362 5000 una·

505 5089 647 5158 nimiter
671 5089 816 5175 parique
838 5105 1042 5158 consensum
1065 5089 1269 5158 donavimus
1292 5089 1403 5174 adque
1425 5090 1469 5157 ad
1494 5107 1631 5174 semper
1659 5087 1828 5158 abendam
1852 5087 2136 5156 confirmavimus
2159 5085 2222 5154 tibi
2244 5101 2366 5170 supra-

503 5237 587 5306 dicti
613 5240 765 5326 guaiteri
793 5239 916 5308 inclita
938 5239 1014 5324 ipsa
1036 5241 1144 5319 terra,
1171 5240 1230 5344 qui
1252 5240 1317 5308 tuit
1341 5240 1441 5308 vinea
1462 5242 1498 5308 et
1520 5239 1621 5306 modo
1639 5241 1692 5307 est
1718 5256 1887 5318 vacuum,
1914 5256 1981 5323 que
2002 5237 2160 5322 superius
2180 5235 2359 5312 diximus,

506 5391 615 5476 ipsius
637 5393 788 5476 genitori
810 5394 845 5463 ot
867 5391 938 5460 abii
962 5392 1072 5462 nostri
1096 5391 1317 5478 supradictus
1338 5393 1483 5460 domnus
1506 5391 1653 5476 gisolfus
1678 5390 1819 5458 donavit
1843 5408 1905 5476 per
1928 5391 1992 5457 hec
2015 5389 2095 5457 finis
2110 5391 2145 5457 et
2166 5387 2352 5456 mensurio:

505 5560 526 5610 a
552 5543 710 5627 partibus
734 5541 921 5611 occidentis
948 5544 1018 5611 fine
1042 5543 1155 5613 medio
1172 5544 1249 5628 ipso
1272 5543 1376 5610 flubio
1397 5543 1526 5622 lirino,
1556 5543 1639 5611 sunt
1659 5559 1745 5628 erga
1767 5540 1843 5626 ipso
1867 5541 1970 5608 dubio
1995 5557 2115 5625 passos
2144 5541 2298 5624 septem:
2335 5555 2358 5603 a

505 5694 761 5780 septemtrionis
784 5696 853 5763 tino
876 5699 1003 5782 tuaque
1026 5696 1188 5782 guaitam,
1214 5696 1304 5783 quod
1326 5697 1390 5764 tibi
1414 5697 1451 5763 in
1473 5696 1627 5764 sortione
1650 5695 1788 5763 obbonit
1811 5714 1833 5762 a
1856 5712 2024 5780 germano
2047 5696 2117 5771 tuo,
2143 5695 2178 5760 et
2199 5692 2267 5760 fine
2288 5693 2360 5768 tua,

506 5847 595 5931 quod
618 5849 681 5916 tibi
696 5847 815 5916 datum
840 5850 905 5917 suit
926 5869 987 5935 ρετ
1010 5851 1211 5935 supradicta
1233 5851 1386 5936 gloriosa
1409 5853 1609 5936 potestates,
1627 5849 1717 5919 sicut
1731 5848 1898 5918 discernit
1913 5848 1994 5934 poiu
2019 5864 2081 5932 ρετ
2105 5847 2184 5914 illut
2206 5843 2293 5932 quod
2316 5845 2364 5911 ti·
2501 5897 2505 5907 .

509 6003 541 6068 bi
568 6002 687 6070 datum
715 6003 790 6080 fuit,
816 6005 897 6070 sunt
918 6021 980 6087 ρετ
1004 6004 1078 6069 tota
1099 6003 1177 6087 ipsa
1200 6005 1299 6087 parto
1325 6019 1446 6088 passos
1469 6006 1606 6071 centum
1629 6002 1720 6070 duo:
1746 6003 1791 6068 ab
1814 6001 1958 6069 orientis
1980 6001 2050 6068 tine
2073 6001 2196 6084 tuaque
2225 5995 2362 6082 guaife—

506 6157 550 6232 ri,
575 6155 663 6223 sicut
680 6155 821 6224 termini
844 6154 1023 6235 discernit,
1049 6158 1129 6222 sunt
1152 6155 1232 6224 inde
1255 6174 1373 6240 passos
1396 6156 1536 6226 decem:
1563 6155 1743 6226 ameridie
1759 6153 1918 6222 similiter
1933 6154 2003 6221 fine
2017 6155 2087 6230 tua,
2107 6154 2161 6219 est
2183 6149 2262 6218 inde
2284 6163 2367 6234 pas-
