5378 7098
974 649 1345 726 bll'bblllll‘ltbs
1995 684 2035 743 ‘23

225 883 278 949 dit
302 882 381 950 inde
404 901 473 950 una
495 887 631 951 cartula
656 885 857 964 offertionis,
884 889 918 952 et
943 888 1010 972 ipsi
1034 893 1193 974 germani
1216 895 1415 965 ostederunt
1437 901 1640 986 lraliquauta
1662 910 1838 978 monimen
1861 929 1923 996 per
1946 912 2026 980 llnis
2049 919 2085 983 et

226 1037 355 1122 absque
377 1035 456 1103 llnis
478 1037 721 1114 continentem,
741 1039 831 1106 inter
848 1043 933 1125 quos
956 1045 990 1108 et
1012 1043 1207 1113 lnbenimus
1231 1045 1278 1113 ibi
1302 1067 1373 1116 una
1396 1053 1597 1137 scriptione,
1615 1061 1764 1142 qualiter
1779 1062 1854 1146 ipse
1869 1064 1923 1130 leo
1945 1062 2085 1132 dederat

228 1181 307 1256 illut
331 1189 367 1256 in
390 1188 469 1256 dote
491 1189 561 1258 lllie
584 1210 645 1259 sue
667 1194 701 1259 et
723 1192 792 1278 ipsi
815 1195 975 1278 germani
997 1198 1040 1262 ab
1063 1198 1126 1266 illa
1147 1217 1206 1268 eos
1229 1205 1480 1286 recollecserat,
1506 1211 1557 1276 set
1578 1227 1647 1278 non
1662 1213 1785 1281 abebat
1799 1215 1946 1300 triginta
1960 1235 2081 1286 annos
2192 1169 2203 1188 .

228 1343 313 1407 llum
336 1343 449 1409 aulem
474 1345 547 1410 tota
568 1342 643 1427 ipsa
666 1345 857 1413 monimina
878 1347 944 1414 luit
966 1351 1115 1429 releota,
1141 1352 1217 1436 ipsa
1239 1355 1371 1423 cartula
1393 1358 1581 1429 offertionis
1604 1363 1823 1444 continebat,
1850 1367 1999 1452 qualiter
2023 1387 2086 1438 an-

229 1495 330 1577 gelus
352 1493 446 1562 filius
469 1495 542 1578 lupi
566 1497 749 1565 offeruerat
772 1498 808 1564 iu
833 1499 954 1568 eadem
977 1503 1122 1571 eeclesia
1144 1509 1277 1590 septem
1301 1511 1397 1594 pecie
1420 1529 1483 1596 per
1507 1514 1596 1592 linis,
1615 1519 1667 1586 set
1689 1517 1767 1602 ipsa
1789 1519 1899 1602 peria,
1919 1520 2010 1589 unde
2034 1522 2088 1590 in-

228 1649 400 1718 tentiones
423 1650 558 1718 habunt
580 1669 647 1735 que
670 1651 820 1736 primurn
844 1655 997 1724 eontinet
1020 1657 1098 1742 ipsa
1120 1662 1256 1728 cartula
1285 1681 1348 1747 per
1371 1682 1410 1732 as
1432 1665 1540 1736 lines:
1570 1667 1613 1735 de
1635 1688 1704 1737 uua
1727 1688 1808 1755 pars
1837 1673 1907 1740 fine
1930 1693 2021 1759 aqua
2043 1675 2086 1743 de

229 1803 364 1870 lorino:
389 1801 432 1870 de
449 1805 520 1870 alia
542 1821 625 1888 pars
650 1806 717 1874 line
743 1825 833 1892 aqua
855 1809 913 1894 qui
940 1809 1067 1880 dieitur
1090 1815 1227 1890 arcella,
1254 1817 1289 1882 et
1310 1765 1353 1884 de
1375 1818 1444 1886 alia
1467 1837 1549 1904 pars
1572 1822 1642 1890 fine
1665 1823 1709 1891 de
1732 1823 1876 1894 heredes
1901 1826 2085 1894 benedicti:

229 1955 408 2042 decapite
430 1919 724 2025 duedeheredes
747 1958 879 2026 bonilli.
913 1961 1110 2040 monimen,
1136 1982 1239 2048 quam
1263 1965 1330 2050 ipsi
1357 1970 1518 2052 germani
1540 1971 1763 2053 ostederunt‚
1790 1993 1860 2042 non
1886 1978 2086 2046 continebat

228 2127 339 2194 neque
362 2110 437 2193 ipso
460 2109 572 2176 forino
594 2127 706 2195 neque
729 2109 808 2195 ipsa
830 2113 969 2191 arcella,
995 2132 1059 2180 neo
1078 2115 1312 2202 coniungebat
1334 2139 1369 2189 se
1393 2121 1452 2187 ibi.
1480 2142 1550 2190 una
1566 2127 1700 2192 cartula
1718 2127 1856 2194 illorum
1873 2131 2084 2208 continebat,

226 2259 381 2345 qualiter
403 2261 562 2344 parentes
584 2277 704 2327 eorum
727 2262 916 2360 paraberat
938 2264 1041 2330 rebus
1065 2264 1100 2330 in
1121 2266 1241 2334 eodem
1264 2270 1338 2336 loco
1366 2271 1526 2339 mairano
1548 2273 1592 2340 da
1615 2293 1684 2342 una
1709 2277 1846 2352 muller,
1873 2280 1908 2345 et
1930 2283 2088 2362 sceptus-
2168 2325 2169 2330 ,

229 2413 328 2480 berat
349 2410 431 2479 inde
455 2411 607 2480 sortione
633 2413 743 2498 ipsius
767 2413 897 2499 angeli.
924 2413 1016 2482 unde
1037 2415 1327 2502 interrogabimus
1350 2419 1418 2505 ipsi
1442 2425 1616 2506 germani,
1643 2427 1673 2493 si
1696 2428 1883 2496 seeundum
1899 2431 2013 2514 legem
2028 2448 2089 2514 po·

230 2567 341 2634 tuerit
364 2566 519 2646 firmare,
537 2565 686 2652 qualiter
701 2567 802 2634 rebus
817 2567 894 2652 ipsa
915 2565 958 2634 de
982 2569 1141 2652 parentes
1163 2587 1242 2637 suos
1266 2574 1317 2640 vel
1341 2573 1479 2640 illorum
1504 2575 1619 2656 luisse,
1646 2577 1718 2646 sibe
1740 2596 1802 2664 per
1817 2580 2029 2664 possessione
2044 2581 2090 2648 si-

231 2721 275 2787 be
298 2737 362 2804 per
384 2721 456 2786 alia
478 2721 632 2788 ratione:
659 2719 731 2788 illis
756 2718 934 2787 dieserunt
959 2721 1049 2790 talia
1072 2722 1184 2792 lacere
1207 2741 1277 2792 non
1299 2727 1469 2809 poterent.
1495 2731 1548 2796 Ex
1572 2747 1638 2813 quo
1663 2730 1754 2799 inter
1786 2732 1836 2799 eis
1872 2731 2021 2800 iudioabi
2054 2735 2089 2801 et

231 2888 297 2956 per
314 2873 434 2956 partes
457 2870 527 2938 illis
549 2871 719 2956 guadiare
742 2873 820 2950 ieci,
838 2873 971 2958 pariter
992 2891 1071 2941 cum
1093 2874 1239 2944 iudicem
1266 2894 1413 2960 pergere
1435 2897 1537 2964 super
1559 2879 1678 2948 eadem
1702 2883 1804 2950 rebus
1823 2884 1857 2951 et
1882 2901 1963 2968 pars
1980 2883 2090 2968 ipsius

231 3017 378 3100 ecclesie
401 3033 593 3098 monstrare
615 3029 690 3116 ipse
714 3029 818 3108 finis,
843 3048 908 3114 que
931 3029 1010 3114 ipsa
1033 3029 1185 3114 primaru
1209 3039 1217 3072 ⁴
1224 3044 1235 3116 p
1262 3030 1361 3115 peeia
1384 3032 1566 3100 continunt
1588 3034 1665 3118 ipsa
1687 3036 1822 3102 cartula
1848 3037 1884 3101 et
1918 3035 2010 3102 iusta
2040 3038 2089 3103 le-

231 3203 316 3269 gem
340 3184 528 3262 iurarent
549 3183 639 3252 sicut
664 3200 722 3251 eos
745 3183 1027 3262 monstraberint,
1054 3184 1104 3250 sio
1127 3185 1263 3268 legibus
1287 3203 1352 3252 exe
1375 3185 1604 3270 pertinentem
1626 3185 1735 3270 ipsius
1758 3187 1926 3255 hecclesie
1952 3189 1987 3254 et
2009 3187 2086 3272 ipsa

232 3342 380 3418 cartula,
405 3339 448 3408 de
467 3341 634 3425 quantum
658 3339 736 3424 ipsa
766 3339 881 3424 prima
896 3340 995 3424 peria
1017 3340 1182 3416 coritinet,
1210 3339 1290 3407 inde
1313 3358 1378 3407 exe
1401 3342 1625 3424 pertinentes.
1655 3340 1746 3409 unde
1769 3341 1836 3426 ipsi
1853 3341 2011 3426 germani
2027 3359 2090 3426 po-

232 3495 375 3561 suerunt
403 3490 629 3560 mediatorem
654 3491 870 3560 costantinus
897 3493 1095 3562 atrianense
1117 3461 1210 3560 illius
1242 3493 1388 3560 iohanni
1411 3493 1468 3577 qui
1492 3492 1619 3560 dieitur
1645 3493 1688 3560 de
1721 3492 1933 3572 rnaietruda,
1958 3495 1992 3560 et
2015 3493 2091 3578 ipse

232 3648 341 3715 abbas
356 3646 470 3732 posuit
483 3645 514 3715 ei
530 3645 767 3715 mediatorem.
786 3649 821 3714 et
836 3645 952 3714 taliter
968 3646 1120 3715 scribere
1135 3646 1279 3714 lecimus
1295 3650 1329 3712 te
1347 3645 1533 3714 madelmus
1549 3648 1703 3714 notarius
1719 3649 1776 3734 qui
1793 3647 1991 3716 interfuisti.

295 3777 431 3889 †noo
454 3788 505 3872 ns
527 3797 696 3869 neruus
720 3801 861 3872 ronan.

1023 4309 1309 4388 CCXXXI.

1023 4553 1078 4628 A.
1117 4549 1167 4627 D.
1205 4548 1309 4628 965.

300 4810 389 4946 †ln
407 4860 548 4928 nomine
562 4860 693 4928 domini
710 4861 966 4946 quartodecimo
982 4860 1008 4948 ²)
1026 4877 1118 4928 anno
1133 4860 1251 4927 domni
1268 4860 1411 4945 paldolll
1426 4861 1597 4945 gloriosus
1615 4861 1836 4946 princeps-Et
1857 4863 1979 4928 oetabo
2002 4877 2093 4926 anno

243 5013 463 5099 principatus
476 5011 595 5080 domni
612 5011 755 5080 landold
770 5012 835 5078 filii
850 5013 934 5090 eius,
953 5030 1071 5080 mense
1088 5012 1226 5096 magius
1242 5012 1364 5078 octaba
1380 5009 1580 5078 indictione.
1595 5010 1673 5080 ldeo
1688 5029 1754 5096 que
1765 5028 1832 5096 ego
1844 5009 1990 5078 andreas
2003 5009 2096 5076 filius

244 5167 446 5251 guilsemari
464 5167 612 5252 qualiter
628 5169 710 5234 ante
725 5165 931 5232 nobiliorum
956 5165 1163 5252 scriptorum
1186 5166 1325 5232 testium
1349 5163 1485 5230 declaro
1510 5181 1563 5231 mo
1586 5165 1690 5233 abere
1712 5162 1935 5231 hereditatem
1957 5160 1998 5227 ad
2024 5161 2099 5246 ipso

240 5319 368 5409 'gualdo
385 5319 581 5405 propinquo
596 5318 756 5404 abellino;
774 5319 827 5386 set
838 5293 923 5385 dum
939 5321 1106 5386 venerunt
1122 5317 1165 5385 ad
1182 5335 1236 5384 me
1253 5314 1382 5401 gualdo
1399 5315 1491 5382 lilius
1508 5313 1656 5392 sindolll,
1677 5313 1736 5398 qui
1753 5317 1787 5382 et
1803 5313 1913 5380 brieto
1936 5313 2094 5388 vocabat,

243 5474 278 5536 et
293 5470 469 5548 marando,
488 5472 524 5538 et
540 5470 622 5548 ris0‚
639 5473 674 5538 et
687 5469 856 5539 sindolsus
872 5469 1032 5554 germani
1049 5471 1110 5537 filii
1130 5471 1237 5554 ipsius
1254 5469 1387 5553 gualdi,
1406 5471 1440 5534 et
1456 5469 1559 5552 gaulo
1576 5467 1667 5534 lilius
1684 5466 1830 5552 iaquinti
1847 5469 1972 5550 nepote
1990 5464 2099 5548 ipsius

302 5809 326 5881 ⁴)
339 5812 481 5879 Primoro,
499 5808 611 5866 seilicet
621 5812 771 5880 primaria.

300 5930 323 6002 ²)
341 5930 559 6000 (luurloderbno,
576 5947 739 6004 perperam,
756 5933 820 6005 loge
836 5941 936 6002 quorlo
951 5943 979 5989 ot
995 5935 1132 5989 niceriam.
