5216 7092
959 565 1329 640 orrrourrrous
1451 515 1457 522 ’
1954 591 2017 653 205

206 781 335 882 emtum
359 812 496 878 habetis
519 829 582 895 per
604 809 706 876 firma
728 809 862 876 cartula
884 807 930 876 da
956 807 1022 892 ipsi
1049 809 1209 894 germani
1233 811 1300 878 mei
1323 801 1366 879 de
1392 809 1472 896 ipsa
1497 814 1656 898 quartam
1683 831 1747 900 per
1773 815 1936 886 iamdicte
1969 819 2062 888 finis.

206 961 295 1031 unde
318 962 452 1030 nullam
481 960 581 1040 mihi,
602 961 663 1028 aut
685 958 787 1026 uxori
810 976 898 1038 mee,
917 959 978 1025 aut
993 957 1153 1043 cuiquam
1176 959 1386 1040 hominibus,
1406 964 1460 1029 vel
1485 962 1523 1029 in
1545 965 1664 1048 quavis
1678 967 1834 1050 partibus
1860 967 1985 1036 exinde
2007 987 2062 1037 re·

102 1089 103 1092 Ἴ
203 1115 295 1182 stitit
317 1114 379 1181 aut
400 1112 549 1180 dicimus
571 1127 751 1181 remanere
773 1109 975 1194 sortionem3
1000 1109 1062 1188 set,
1089 1109 1179 1176 sicut
1199 1109 1360 1194 superius
1386 1109 1561 1190 diximus,
1587 1113 1707 1182 inolita
1733 1117 1870 1184 tertiam
1893 1119 1992 1204 parte
2019 1117 2062 1186 de

204 1269 283 1352 ipsa
306 1267 445 1350 quarta,
465 1263 554 1348 quod
579 1266 632 1331 est
653 1281 733 1332 mea
748 1261 912 1342 sortione,
930 1261 993 1328 tibi
1009 1262 1189 1331 nominato
1205 1263 1297 1358 leoni
1312 1263 1592 1333 venumdedimus
1608 1284 1683 1332 oum
1699 1267 1875 1336 monimen
1890 1271 2064 1362 omnibus·

204 1439 267 1504 que
291 1417 372 1486 inde
395 1417 609 1502 pertinentes
632 1433 710 1482 cum
735 1415 812 1482 bice
834 1414 878 1482 de
898 1413 956 1480 bie
978 1433 1050 1493 sue,
1068 1414 1111 1482 ad
1126 1417 1292 1485 securiter
1315 1435 1356 1484 ac
1373 1416 1521 1488 firmiter
1542 1417 1665 1484 amodo
1680 1419 1715 1485 et
1730 1436 1864 1503 semper
1879 1419 1918 1486 tu
1934 1419 2066 1506 tuisque

207 1569 393 1638 heredibus
416 1587 475 1636 eos
500 1565 709 1646 habendum,
735 1565 1002 1652 possidendum,
1028 1567 1300 1649 dominandum,
1326 1570 1446 1636 omnia
1466 1568 1594 1640 exinde
1616 1571 1811 1639 faciendum
1836 1571 1926 1658 quod
1949 1575 2066 1640 volue-

205 1722 294 1791 ritis.
324 1722 415 1792 unde
438 1739 503 1808 pro
526 1720 800 1789 confirmandam
825 1722 859 1788 et
882 1720 1164 1790 stabiliscendam
1189 1740 1255 1789 anc
1278 1724 1397 1790 nostra
1422 1721 1633 1791 bindiotione
1655 1742 1678 1790 a
1703 1726 1874 1810 presentis
1902 1726 2018 1811 recepi
2043 1744 2065 1793 a

204 1881 238 1946 te
263 1879 444 1947 nominato
467 1878 521 1945 leo
544 1878 709 1944 statutum
731 1875 904 1961 pretium,
930 1875 941 1942 i
966 1877 1048 1943 sunt
1070 1877 1148 1943 auri
1171 1877 1237 1944 tari
1266 1877 1347 1945 boni
1372 1879 1467 1957 tres,
1494 1879 1584 1946 siout
1618 1877 1709 1946 inter
1741 1896 1804 1946 nos
1826 1879 2000 1948 combenit
2025 1881 2062 1948 in

203 2032 319 2100 omnis
341 2030 605 2101 deliberatione.
623 2029 789 2114 finitoque
804 2045 886 2096 vero
911 2027 1062 2112 pretium
1088 2028 1202 2112 ipsum
1225 2032 1309 2115 aput
1322 2047 1386 2098 nos
1401 2048 1443 2098 ea
1458 2030 1607 2109 ratione,
1626 2049 1690 2116 per
1705 2048 1795 2098 vona
1810 2032 2063 2101 combenientia

209 2201 290 2252 mea
312 2183 502 2251 volumtate
524 2181 653 2266 guadia
675 2181 740 2248 tibi
762 2179 841 2248 dedi
865 2181 900 2247 et
921 2197 978 2247 me
1000 2180 1114 2264 ipsum
1129 2179 1191 2246 tibi
1198 2179 1428 2260 mediatorem
1445 2181 1556 2268 posui3
1574 2183 1610 2248 et
1630 2200 1694 2268 per
1710 2182 1787 2267 ipsa
1802 2183 1932 2268 guadia
1946 2185 2063 2271 obligo

203 2353 257 2403 me
284 2335 318 2400 et
341 2351 436 2402 meos
458 2331 549 2400 filios
572 2333 606 2400 et
628 2331 775 2400 heredes
797 2331 921 2399 amodo
943 2333 977 2401 et
996 2349 1133 2417 semper
1155 2331 1391 2400 antistandum
1414 2333 1450 2400 et
1472 2331 1720 2404 defensandum
1743 2337 1806 2404 tibi
1828 2338 1948 2424 tuique
1963 2341 2062 2407 here-

206 2487 311 2555 dibus
333 2487 454 2555 inclita
476 2485 674 2573 supradicta
695 2489 816 2555 nostra
838 2483 1048 2554 bindictione
1071 2504 1092 2553 a
1115 2504 1199 2572 pars
1221 2487 1324 2554 uxori
1346 2505 1422 2556 mee
1444 2488 1479 2555 et
1501 2487 1548 2554 da
1574 2489 1687 2557 omnis
1714 2490 1872 2558 homines
1899 2493 2062 2578 omnique

204 2643 377 2727 partibus.
406 2643 435 2708 si
464 2643 601 2720 autem,
627 2641 718 2710 sicut
743 2639 872 2709 dictum
900 2643 974 2720 est,
997 2640 1116 2708 taliter
1140 2645 1207 2710 etc:
1241 2639 1402 2725 Sequitur
1426 2645 1587 2711 consucta
1612 2643 1778 2725 formula.
1810 2643 1968 2711 Pretium
1993 2648 2063 2716 sto-

204 2796 318 2861 tutum
337 2793 408 2877 suit
425 2809 494 2876 por
515 2794 633 2861 decem
657 2809 779 2863 aurcos
799 2792 925 2863 solidos
946 2793 1249 2862 constantinianus.
1269 2796 1303 2862 et
1318 2794 1435 2864 taliter
1453 2796 1605 2864 scribere
1620 2797 1824 2881 rogavimus
1838 2799 1872 2868 te
1887 2783 2063 2883 iaquintus

135 3019 137 3024 ,
204 2947 688 3016 notarius.aotumsa1erno.

259 3073 381 3186 †ego
404 3101 545 3171 ioannes

261 3222 291 3338 †
315 3269 382 3337 ego
404 3269 489 3320 ursu

262 3374 293 3486 †
316 3419 382 3486 ego
404 3401 546 3472 andrea.

963 3907 1290 3987 CCCLXVI.

991 4158 1045 4234 A.
1082 4157 1132 4234 D.
1172 4153 1276 4234 984.

263 4459 474 4532 muamus
486 4465 714 4532 summarium
730 4465 830 4530 buius
846 4463 929 4528 uuui
943 4463 1178 4531 membranae.

263 4563 300 4701 Τ
317 4616 437 4683 Primo
452 4633 544 4683 anno
559 4615 778 4700 principatus
795 4612 933 4680 Ioannis
949 4615 984 4680 et
997 4611 1163 4681 Gnidonis
1178 4613 1251 4680 eius
1266 4611 1342 4691 dlii,
1360 4627 1475 4680 mense
1490 4609 1588 4688 lulio,
1607 4607 1797 4677 Indictione
1812 4613 1886 4678 XII.

261 4767 472 4836 Ademarius
488 4766 594 4834 iudex
612 4765 812 4834 mandatum
828 4765 900 4845 dat,
914 4731 956 4832 ut
967 4766 1091 4833 Petrus
1107 4763 1315 4832 atrianensis
1329 4763 1423 4831 filius
1439 4761 1554 4847 Sergii
1570 4763 1605 4830 et
1620 4765 1764 4828 Ioannes
1778 4760 1884 4828 etiam
1899 4758 2072 4828 atrianen-
2094 4841 2098 4850 Ι
2222 4757 2225 4764 ’

203 4919 251 4987 sis
266 4919 362 4988 filius
377 4919 557 4988 cuiusdam
574 4921 670 4988 Gutti
687 4920 724 4988 in
740 4919 974 4987 sacratissimo
990 4920 1205 4987 salernitano
1221 4918 1356 4986 Palatio
1372 4917 1466 4987 litem
1483 4919 1692 5002 componant
1707 4915 1798 4984 inter
1814 4933 1873 4984 eos
1896 4917 2089 4993 exortam„

201 5091 240 5139 ao
254 5073 347 5157 quod
365 5075 508 5142 lomnes
522 5075 614 5142 moto
631 5074 777 5141 tordius
792 5073 964 5140 introisset
988 5074 1025 5138 iu
1047 5073 1145 5140 rebus
1167 5075 1275 5156 ipsius
1301 5071 1402 5138 Petri
1423 5073 1461 5138 iu
1483 5070 1672 5150 Midicca
1692 5070 1750 5138 ubi
1767 5071 1912 5154 proprio
1935 5068 2069 5137 dicitur

208 5227 348 5296 Utiuru.
369 5229 539 5296 lohannes
554 5229 711 5297 notarius
727 5232 793 5296 hoc
809 5228 1009 5297 mandatum
1026 5227 1177 5312 scripsit.

814 5531 1449 5544 *nm—*mnn-
