5216 7092
961 605 1332 678 olptotlnllclts
1459 643 1461 648 π
1885 611 1887 618 ’
1962 629 2019 690 aar

213 843 403 913 secundum
428 844 702 914 consuetudinem
726 845 770 912 de
793 847 869 930 ipso
891 847 1016 914 locum.
1039 847 1085 954 'ad
1109 848 1271 934 completi
1286 849 1353 934 ipsi
1377 849 1495 920 decern
1510 853 1594 918 anni
1611 853 1731 921 aberet
1746 853 1784 919 in
1808 855 1881 922 tota
1904 855 1983 940 ipsa
2003 858 2072 926 ter·

215 1015 259 1064 ra
281 1017 344 1083 per
366 998 567 1084 supradicta
589 1001 762 1067 mensoria
784 1001 909 1067 factum
933 1003 969 1068 et
998 1003 1176 1086 operatum
1203 1002 1461 1082 abellanietum,
1488 1007 1526 1072 ut
1554 1006 1640 1075 bene
1665 1007 1792 1092 paread
1818 985 2007 1076 laboratum
2038 1013 2073 1079 et
2098 1099 2100 1102 Ι

213 1153 344 1220 factum
364 1174 374 1238 3
399 1155 434 1220 ot
456 1153 484 1220 si
502 1153 676 1221 boluerint
698 1153 777 1222 illos
799 1153 954 1224 dividere
977 1173 1054 1221 cum
1080 1174 1163 1240 pars
1186 1133 1293 1240 ipsiu's
1315 1157 1485 1236 ecclesie,
1511 1159 1625 1227 facere
1647 1160 1728 1228 inde
1751 1162 1841 1229 scire
1875 1163 1988 1248 ipsum
2013 1122 2073 1231 abss

213 1305 332 1372 batem
356 1307 408 1372 uel
431 1306 505 1373 eius
528 1308 761 1386 subcessores,
787 1309 821 1376 et
844 1307 915 1374 illis
951 1309 986 1374 et
1015 1307 1154 1374 illorum
1185 1307 1330 1376 heredes
1361 1291 1538 1394 totumque
1564 1309 1640 1395 ipso
1670 1313 1911 1380 abellanietum
1942 1313 2072 1384 divide·

214 1461 297 1527 rent
318 1458 576 1527 rationabiliter
600 1461 637 1528 in
660 1460 801 1528 tertiam
825 1461 946 1546 parte:
972 1479 1056 1546 pars
1090 1462 1200 1547 ipsius
1222 1462 1366 1531 ecclesie
1388 1464 1511 1530 tollere
1543 1463 1671 1532 exinde
1693 1464 1761 1533 due
1786 1468 1912 1545 sortis,
1938 1469 1973 1534 et
1995 1467 2072 1535 illo-

212 1627 294 1676 rum
328 1608 508 1678 traderent
537 1609 704 1694 reliquam
740 1611 878 1679 tertiam
911 1614 1068 1697 partem,
1096 1611 1268 1680 abendum
1303 1612 1397 1680 omni
1427 1615 1582 1699 tempore
1615 1615 1685 1684 illis
1716 1617 1750 1683 et
1783 1615 1855 1682 suis
1889 1615 2072 1684 heredibus

216 1761 317 1828 illam
342 1761 525 1844 hobligata
547 1762 583 1826 in
606 1762 684 1845 ipsa
707 1762 865 1841 ecclesia,
885 1763 975 1830 sicut
997 1781 1106 1847 supra
1128 1763 1272 1848 legitur.
1288 1765 1324 1832 et
1345 1765 1375 1831 si
1397 1765 1574 1836 noluerint
1596 1765 1675 1832 illut
1692 1765 1858 1844 dividere,
1876 1767 1969 1834 omni
1985 1769 2072 1834 tem·

213 1930 313 1997 pore,
339 1913 419 1979 dum
443 1913 512 1982 illis
534 1916 570 1979 et
592 1913 664 1980 suis
686 1912 869 1982 heredibus
892 1915 1077 1992 boluerint,
1104 1931 1163 1981 eos
1185 1917 1305 1982 tenere
1322 1913 1366 1980 ad
1382 1932 1480 1983 suam
1497 1917 1680 1999 potestate,
1706 1917 1741 1982 et
1763 1917 1976 2001 temporibus
1999 1919 2071 1986 suis

212 2063 297 2130 illut
319 2066 480 2132 laborare
503 2065 538 2131 et
561 2062 727 2142 studiare,
754 2065 842 2130 sicut
866 2065 1043 2142 meruerit,
1070 2067 1108 2131 ut
1130 2066 1216 2130 bene
1238 2065 1370 2149 paread
1393 2067 1534 2153 factum3
1560 2068 1595 2134 et
1616 2086 1680 2153 per
1702 2067 1858 2152 tempore
1880 2068 1955 2152 ipse
1979 2069 2072 2136 abol-

211 2183 299 2282 lane
314 2217 347 2283 et
363 2232 477 2299 poma,
496 2233 562 2299 que
577 2215 703 2282 ividem
721 2216 837 2294 fuerit,
855 2215 1022 2301 colligere
1038 2218 1072 2284 et
1087 2218 1163 2300 ipse
1177 2219 1335 2284 abellane
1359 2219 1484 2285 seccha
1501 2220 1535 2285 et
1550 2218 1688 2286 tertiam
1712 2221 1846 2302 partem
1870 2217 1951 2284 inde
1973 2221 2006 2286 et
2028 2217 2072 2286 de

213 2369 294 2453 ipsa
310 2387 414 2453 poma
427 2368 511 2436 dare
527 2368 571 2436 ad
587 2387 670 2454 pars
684 2369 793 2454 ipsius
810 2370 953 2438 ecclesie
969 2370 1005 2436 in
1022 2371 1097 2454 ipso
1114 2372 1238 2437 locum.
1258 2371 1417 2438 similiter
1433 2373 1468 2436 et
1489 2370 1533 2438 de
1555 2369 1644 2455 quod
1662 2369 1790 2438 ividem
1807 2369 2063 2449 seminaberint,

205 2487 324 2586 'deant
339 2519 467 2586 exinde
483 2521 685 2588 terraticum
701 2519 744 2586 ad
762 2537 843 2604 pars
858 2521 968 2604 ipsius
985 2520 1142 2599 ecclesie,
1159 2520 1250 2586 sicut
1266 2518 1503 2604 supradictum
1519 2521 1583 2586 est.
1603 2523 1637 2586 et
1660 2538 1682 2586 a
1704 2537 1772 2604 quo
1794 2519 1839 2586 da
1863 2520 1930 2604 ipsi
1953 2520 2071 2588 decem

212 2671 301 2737 anni
318 2670 355 2737 in
371 2674 473 2737 antea
488 2688 557 2737 non
573 2673 746 2740 boluerint
761 2673 831 2740 illis
846 2675 881 2740 et
895 2674 967 2740 suis
983 2673 1166 2740 heredibus
1182 2675 1373 2742 costenere
1390 2675 1424 2739 et
1440 2674 1543 2739 abere
1557 2691 1619 2757 per
1641 2671 1838 2757 supradicto
1861 2670 2008 2738 hordine
2037 2673 2072 2738 et

218 2824 396 2890 boluerint
411 2840 470 2890 eos
484 2822 652 2900 dividere,
670 2825 759 2890 sicut
775 2841 881 2907 supra
896 2825 1039 2907 legitur,
1059 2825 1171 2891 facere
1187 2823 1266 2892 inde
1282 2824 1371 2890 scire
1386 2842 1470 2908 pars
1493 2823 1604 2907 ipsius
1626 2825 1779 2901 ecclesie,
1799 2829 1834 2889 et
1848 2823 1898 2890 sic
1912 2841 1970 2890 eos
1985 2822 2072 2889 diui·

150 3022 153 3026 ‡
216 2978 314 3055 dere,
332 2979 421 3046 sicut
436 2995 543 3082 supra
559 2975 688 3042 dictum
707 2977 768 3054 est,
787 2976 824 3041 in
847 2975 983 3042 tertiam
1009 2977 1158 3060 partem,
1177 2974 1347 3042 abendum
1372 2973 1442 3042 illis
1464 2977 1499 3040 et
1523 2975 1594 3041 suis
1618 2973 1802 3040 heredibus
1829 2973 1905 3056 ipsa
1930 2975 2071 3041 tertiam

215 3097 356 3212 partem
373 3130 553 3213 hobligata
568 3130 605 3195 in
622 3129 631 3193 i
635 3146 696 3212 psa
712 3129 867 3205 eeclesia,
886 3129 976 3194 sicut
991 3145 1096 3212 supra
1112 3128 1256 3214 legitur3
1274 3130 1308 3194 et
1323 3145 1405 3212 pars
1420 3128 1530 3212 ipsius
1553 3126 1697 3194 ecclesie
1720 3143 1857 3210 semper
1880 3124 2073 3193 defensaret

217 3281 360 3348 illorum
378 3283 412 3346 et
426 3280 470 3346 ad
487 3281 624 3346 illorum
641 3278 786 3346 heredes
801 3279 880 3362 ipsa
894 3279 1032 3344 tertiam
1050 3282 1186 3364 partem
1203 3295 1281 3344 cum
1306 3277 1381 3344 bice
1403 3276 1447 3344 de
1469 3277 1527 3344 bia
1549 3294 1611 3343 sua
1632 3275 1679 3342 da
1700 3276 1813 3364 omnis
1835 3275 2011 3361 homines3
2036 3277 2072 3342 et

218 3433 345 3500 amodo
361 3437 396 3500 et
410 3433 493 3499 dum
509 3448 578 3498 non
594 3431 699 3499 fuerit
713 3431 915 3518 supradicta
931 3435 1034 3498 rebus
1049 3431 1173 3510 divisa,
1192 3432 1281 3498 sicut
1296 3447 1402 3515 supra
1416 3429 1559 3514 legitur,
1577 3429 1654 3514 ipsa
1668 3429 1773 3494 abbas
1788 3429 1823 3494 et
1839 3427 1912 3494 eius
1935 3429 2071 3494 subces-

216 3601 314 3652 sores
330 3587 404 3650 tota
418 3583 622 3668 supradicta
638 3584 739 3649 robus
754 3580 949 3648 defensaret
971 3581 1110 3647 illorum
1136 3531 1233 3646 etad
1258 3580 1397 3646 illorum
1421 3576 1565 3646 heredes
1588 3595 1665 3644 cum
1691 3576 1766 3643 bico
1788 3575 1831 3642 de
1855 3576 1913 3642 bia
1938 3593 2002 3642 sua
2027 3576 2073 3643 da

216 3737 332 3804 omnis
355 3734 513 3803 homines
536 3735 698 3819 omnique
721 3735 889 3819 partibus.
909 3732 1002 3800 uude
1016 3731 1060 3800 de
1081 3733 1200 3798 omnia
1221 3732 1460 3815 suprascripta
1481 3731 1556 3815 ipse
1578 3730 1683 3795 abbas
1705 3731 1741 3796 et
1763 3728 1837 3798 eius
1858 3729 2074 3796 subcessores

214 3889 373 3972 ipsorum
391 3887 483 3970 petri
500 3889 535 3952 et
550 3885 763 3968 maghenolfi
779 3885 814 3950 et
829 3883 874 3950 ad
890 3885 1029 3951 illorum
1046 3881 1192 3949 heredes
1206 3880 1475 3965 adimplendum,
1495 3898 1557 3964 per
1574 3881 1665 3947 bona
1687 3831 1940 3945 combenientia
1953 3876 2071 3944 wadia

213 4039 470 4108 illorum'dedit
495 4057 666 4106 unacum
691 4039 806 4122 ipsum
828 4035 1033 4113 waifarium,
1048 4023 1094 4100 ¹ot
1116 3982 1344 4100 mediatorem
1368 4049 1486 4098 corum
1511 4031 1612 4115 posui
1638 4031 1759 4114 petrus
1784 4028 1955 4113 presbiter
1978 4027 2071 4096 filius

215 4195 413 4279 rodelghisi
436 4193 633 4279 presbiteri;
658 4195 693 4260 et
715 4209 778 4276 per
801 4191 877 4276 ipsa
899 4188 1016 4257 wadia
1037 4186 1230 4272 hobligabit
1252 4203 1290 4254 se
1312 4187 1348 4252 et
1373 4185 1444 4252 suis
1466 4181 1734 4260 subcessoribus,
1760 4184 1799 4248 ut
1821 4181 1850 4246 si
1876 4179 2012 4264 aliquit,
2030 4179 2072 4248 de

214 4345 309 4431 quod
333 4347 492 4430 superius
514 4344 667 4429 legitur,
692 4342 884 4429 quesierint
906 4341 1084 4408 remobere
1106 4342 1166 4405 aut
1188 4342 1351 4405 contrare
1374 4338 1410 4404 et
1432 4337 1518 4403 talia
1541 4353 1611 4402 non
1634 4333 1909 4419 adimpleberint,
1935 4347 2073 4416 compo-

215 4515 301 4566 nere
323 4496 521 4580 hobligabit
543 4513 580 4563 se
602 4443 729 4564 etsuis
752 4493 1010 4564 subcessoribus
1033 4493 1172 4559 illorum
1196 4492 1248 4559 vel
1271 4488 1314 4555 ad
1339 4441 1479 4558 illorum
1502 4486 1683 4555 heredibus
1706 4483 1962 4570 qninquaginta
1994 4482 2070 4550 auri

218 4647 349 4718 solidos
372 4646 619 4714 constantinos.
645 4647 680 4712 et
701 4663 765 4729 per
788 4643 991 4730 supradicta
1011 4641 1127 4710 wadia
1149 4635 1409 4725 hobligavimus
1431 4656 1495 4706 nos
1517 4639 1552 4706 et
1574 4636 1704 4704 nostris
1737 4633 1921 4703 heredibus
1948 4632 2071 4700 amodo

219 4803 256 4867 et
279 4817 432 4884 semper,
454 4797 534 4864 dnm
557 4795 758 4881 supradicta
779 4798 880 4863 rebus
904 4795 1119 4861 tenuerimus
1141 4808 1204 4877 per
1227 4788 1425 4874 supradicto
1448 4787 1582 4866 ordine,
1608 4786 1744 4873 quando
1767 4803 1850 4871 pars
1884 4784 1993 4870 ipsius
2020 4802 2075 4853 ec-

214 4949 320 5017 clesie
342 4949 513 5017 direxerit
534 4949 617 5015 illuc
639 4949 780 5016 missurn
804 4967 902 5014 suum
926 4964 991 5031 pro
1015 4942 1251 5030 recipiendum
1274 4941 1478 5027 supradicta
1503 4958 1567 5008 sua
1589 4939 1743 5006 sortione
1764 4936 1808 5005 de
1825 4937 1899 5021 ipse
1916 4937 2076 5004 abellane
2149 4977 2154 4986 -

215 5107 254 5170 et
276 5120 380 5188 poma
403 5105 440 5170 et
459 5101 674 5178 terraticum,
691 5099 811 5168 demus
835 5098 879 5166 ad
902 5099 1044 5166 missum
1068 5097 1179 5182 ipsius
1202 5094 1356 5173 ecclesie,
1374 5093 1457 5160 dum
1480 5091 1562 5159 inde
1584 5090 1710 5158 ividem
1727 5089 1843 5166 fuerit,
1863 5085 2075 5154 manducare

215 5259 252 5324 et
275 5255 393 5323 bibere
417 5253 605 5322 secundum
629 5256 784 5322 nostram
808 5252 1039 5337 possivilitato
1062 5253 1097 5317 et
1118 5249 1214 5317 illius
1236 5247 1342 5315 fuerit
1363 5263 1538 5316 mensura.
1557 5247 1592 5312 et
1615 5259 1680 5327 pro
1701 5242 1803 5325 parte
1825 5238 1980 5322 ipsorum
2004 5253 2078 5302 ma-

216 5407 374 5492 ghenolfi
400 5409 435 5474 et
458 5405 550 5491 petri
572 5405 724 5473 scribere
746 5403 891 5470 fecimus
913 5404 947 5470 te
969 5401 1128 5470 alderissi
1151 5399 1323 5466 notarium
1347 5397 1405 5483 qui
1428 5392 1628 5464 interfuisti.

276 5533 389 5644 †ego
404 5560 461 5644 qui
486 5575 594 5642 supra
614 5563 736 5643 petrus
759 5556 864 5623 iudex

278 5684 391 5796 †ego
414 5710 472 5795 qui
495 5728 604 5795 supra
626 5709 797 5776 martinus
820 5709 993 5793 presbiter
1016 5709 1050 5774 et
1074 5704 1164 5774 abba

277 5837 388 5958 †ego
413 5865 468 5950 qui
493 5882 601 5950 supra
622 5863 826 5948 guaiferius.

396 6016 479 6084 deus
502 6018 538 6083 in
561 6015 712 6083 nomine.
