5286 7098
629 569 670 630 80
1290 549 1452 624 donax
1497 549 1729 625 CAVENSlS

581 815 659 864 cum
675 799 761 864 fonti
778 795 820 865 ad
836 797 994 863 sanctum
1010 795 1133 880 felice3
1158 793 1279 861 inolita
1292 810 1355 862 sua
1377 791 1530 861 sortione
1553 791 1679 862 exinde
1700 791 1812 862 eidem
1836 794 1927 860 leoni
1950 792 2148 862 donaberat.
2175 813 2252 863 cum
2268 813 2335 883 quo
2358 799 2429 884 ipsa

583 949 776 1016 monimina
791 948 921 1016 relecta
936 945 1014 1024 fuit,
1032 949 1116 1012 tuno
1132 945 1200 1030 ipsi
1216 944 1389 1012 nominati
1407 945 1502 1030 sergi
1517 946 1552 1013 et
1565 945 1711 1030 lupenus
1726 943 1903 1024 dixerunt,
1923 949 1962 1014 ut
1984 946 2062 1031 ipsa
2084 947 2276 1015 monimina
2297 967 2431 1019 veraces

581 1103 662 1167 sunt
677 1099 767 1166 sicut
782 1099 975 1177 continent,
993 1101 1028 1168 et
1044 1098 1218 1165 contentio
1234 1096 1464 1182 preposuerat
1477 1096 1587 1181 ipsius
1602 1096 1693 1162 leoni
1717 1094 1882 1174 dicentes,
1907 1097 1946 1162 ut
1968 1096 2103 1181 legibus
2130 1097 2256 1166 ibidem
2284 1100 2430 1168 sortione

581 1253 728 1320 habere:
747 1253 824 1337 ipse
840 1253 936 1338 sergi
952 1271 974 1320 a
990 1255 1087 1338 parte
1103 1249 1244 1337 quidam
1260 1250 1333 1319 ursi
1348 1250 1406 1336 qui
1423 1249 1490 1317 fuit
1504 1251 1596 1316 thios
1612 1249 1762 1328 illorum,
1777 1254 1812 1317 et
1827 1249 1902 1336 ipse
1919 1252 2065 1335 lupenus
2087 1268 2108 1316 a
2130 1255 2232 1336 parte
2252 1253 2343 1322 leoni
2360 1271 2430 1338 pro-

579 1407 699 1474 sbiteri
717 1406 869 1490 genitori
885 1407 951 1482 sui,
969 1405 1059 1472 unde
1082 1405 1158 1489 ipse
1174 1407 1228 1472 leo
1245 1405 1424 1472 contrabat
1438 1419 1558 1471 eorum
1576 1402 1740 1470 dicentes.
1760 1403 1868 1488 ipsius
1889 1403 1984 1488 sergi
1999 1402 2101 1483 dixit,
2120 1425 2142 1472 u
2179 1405 2254 1490 ipse
2278 1407 2351 1474 thio
2373 1427 2427 1475 no

578 1561 689 1624 strum
706 1556 845 1624 nomine
860 1575 944 1625 ursu
958 1555 1047 1624 nihil
1062 1556 1094 1624 ei
1110 1553 1237 1624 exinde
1253 1554 1458 1639 reliquisset,
1477 1571 1541 1620 nec
1557 1571 1620 1638 per
1636 1556 1750 1638 legem
1766 1553 1846 1621 inde
1863 1554 1896 1621 ei
1918 1573 1988 1621 non
2011 1555 2136 1624 debere
2159 1557 2376 1646 hereditare;
2399 1564 2430 1629 et

580 1707 689 1790 ipsius
705 1707 823 1792 lupeni
839 1705 940 1786 dixit,
957 1709 996 1774 ut
1010 1725 1073 1792 per
1089 1708 1203 1791 legem
1219 1707 1328 1791 ipsius
1344 1705 1436 1774 leoni
1453 1704 1637 1789 presbiteri
1654 1723 1724 1772 non
1740 1703 1864 1772 debere
1878 1705 2086 1786 hereditare,
2100 1709 2184 1793 quia
2195 1727 2337 1780 veraces
2352 1730 2429 1779 uxo

580 1811 619 1928 re
631 1878 703 1928 non
718 1859 849 1938 habuit,
868 1859 974 1927 setin
990 1858 1158 1927 adulterio
1172 1877 1250 1928 eum
1268 1859 1402 1943 genuit.
1423 1875 1490 1942 ego
1506 1859 1563 1944 qui
1579 1876 1686 1943 supra
1699 1857 1805 1926 iudex
1821 1859 1939 1926 taliter
1956 1860 2094 1927 illorum
2111 1862 2317 1945 agnoblmus
2332 1866 2366 1929 et
2378 1879 2431 1930 au-

517 2065 520 2072 .
580 2013 665 2080 dibit
681 2013 910 2090 contentione,
930 2013 1146 2096 interrogabi
1163 2011 1229 2096 ipsi
1246 2011 1415 2078 nominati
1435 2011 1531 2095 sergi
1543 2012 1579 2078 et
1590 2012 1752 2095 lupenuS,
1768 2009 1797 2076 si
1812 2029 1874 2095 per
1890 2010 2079 2095 scriptione
2092 2015 2152 2080 aut
2163 2030 2226 2096 per
2242 2014 2432 2082 testimonia

581 2165 734 2247 potuerit
749 2165 876 2241 lacere,
895 2164 1046 2248 qualiter
1063 2163 1101 2230 in
1115 2163 1191 2248 ipsa
1205 2163 1308 2230 rebus
1326 2163 1476 2246 potuerit
1490 2160 1685 2230 hereditare
1701 2161 1791 2228 iusta
1812 2162 1948 2247 legem3
1973 2163 2010 2229 at
2033 2162 2104 2230 illis
2127 2164 2429 2233 manifestaberunt

582 2315 669 2380 talia
684 2315 797 2382 facere
812 2331 883 2379 non
900 2315 1030 2398 potere,
1049 2317 1083 2382 et
1098 2312 1217 2381 statim
1234 2316 1313 2380 orta
1328 2314 1378 2380 est
1394 2313 1485 2379 inter
1509 2311 1580 2379 illis
1594 2329 1685 2379 vona
1700 2310 1976 2391 convenihentia,
2003 2315 2040 2379 ut
2055 2315 2182 2400 absque
2203 2331 2379 2383 sacramen
2399 2319 2429 2382 et

580 2470 712 2554 absque
727 2468 879 2552 amplius
895 2468 1070 2536 calumnie
1086 2467 1175 2536 inter
1190 2485 1227 2536 se
1243 2465 1369 2533 exinde
1385 2465 1591 2534 diffinirent.
1610 2465 1678 2550 ipsi
1695 2466 1864 2533 nominati
1887 2466 1983 2551 sergi
2005 2469 2039 2536 et
2062 2469 2209 2552 lupenus
2231 2485 2302 2535 uno
2323 2469 2429 2536 tinore

581 2619 757 2718 prosexint
783 2623 818 2687 et
834 2619 1147 2686 manifestaberunt
1162 2635 1200 2686 se
1215 2618 1442 2702 ipsiusleoni,
1462 2619 1501 2683 ut
1515 2617 1559 2685 de
1575 2616 1731 2702 predicta
1746 2618 1860 2694 rebus,
1880 2621 2046 2703 quantum
2063 2621 2304 2706 suprascripta
2326 2621 2428 2688 moni-

578 2771 677 2838 mina
693 2771 857 2848 continet,
875 2769 966 2838 etde
984 2769 1143 2854 predicta
1166 2769 1308 2836 ecclesia
1322 2786 1434 2853 neque
1449 2787 1512 2854 per
1527 2771 1643 2848 testes,
1661 2785 1773 2853 neque
1796 2787 1859 2852 per
1883 2769 2069 2850 monimen,
2087 2789 2198 2855 neque
2221 2790 2283 2856 per
2305 2790 2429 2841 succes·

580 2923 679 2989 sione
695 2924 750 2989 vel
764 2941 827 3006 per
842 2925 1092 3007 qualecumque
1104 2879 1261 2988 rationes
1277 2938 1420 2989 causare
1436 2924 1492 2988 aut
1508 2921 1713 2989 contendere
1730 2939 1800 2987 non
1816 2924 1947 3006 potere,
1966 2926 2001 2990 et
2015 2923 2209 2990 voluntarie
2223 2942 2283 2992 sue
2306 2925 2427 3008 obliga·

580 3074 705 3142 berunt
724 3093 760 3143 se
774 3076 808 3143 et
823 3091 969 3160 suosque
984 3075 1066 3142 filiis
1081 3077 1115 3142 et
1130 3050 1287 3152 heredes
1307 3077 1346 3140 ut
1361 3075 1390 3142 si
1409 3074 1594 3159 aliquando
1609 3077 1761 3160 tempore
1776 3091 1813 3142 se
1830 3078 1890 3141 aut
1914 3093 1975 3159 per
1998 3092 2093 3143 suam
2117 3076 2336 3144 summissam
2357 3094 2428 3161 per-

575 3243 696 3292 sonam
712 3225 754 3295 de
772 3225 926 3311 predicta
942 3228 1085 3297 ecclesia
1106 3229 1141 3296 et
1163 3227 1206 3294 de
1231 3228 1306 3312 ipsa
1329 3230 1431 3297 rebus
1454 3229 1610 3296 emiserit
1633 3228 1870 3314 quodcumque
1892 3229 2119 3308 causationes,
2146 3229 2190 3296 ad
2212 3231 2425 3316 compositio-

574 3397 618 3444 ne
635 3379 880 3464 obligaberunt
894 3399 930 3448 se
947 3399 1093 3465 suosque
1108 3379 1190 3448 filiis
1206 3383 1241 3446 et
1263 3381 1408 3449 heredes
1431 3399 1637 3466 componere
1659 3383 1770 3467 ipsius
1792 3383 1882 3449 leoni
1907 3387 1942 3450 et
1964 3384 2006 3450 ad
2031 3387 2105 3452 eius
2127 3385 2271 3454 heredes
2295 3391 2424 3454 centum

454 3591 455 3596 ,
574 3531 651 3595 auri
675 3531 801 3599 solidos
817 3533 1040 3610 costantinus,
1067 3535 1102 3600 et
1117 3533 1252 3617 questio
1267 3551 1385 3601 eorum
1403 3536 1448 3602 sit
1464 3535 1590 3604 exinde
1607 3535 1715 3602 tacita
1737 3537 1771 3602 et
1794 3553 1916 3603 vacua.
1940 3553 2010 3620 ego
2033 3539 2192 3621 superius
2215 3537 2330 3616 iudex,
2349 3536 2424 3604 dum

576 3683 691 3750 taliter
707 3683 845 3750 illorum
862 3683 994 3750 audibit
1010 3687 1243 3754 manifestatio
1258 3691 1292 3755 et
1308 3689 1532 3773 obligatione,
1551 3688 1628 3756 ideo
1645 3689 1734 3755 iusta
1758 3691 1871 3774 legem
1888 3687 2063 3772 iudicabit,
2083 3692 2119 3756 ut
2135 3691 2209 3774 ipse
2226 3693 2278 3758 leo
2301 3693 2335 3758 et
2357 3691 2424 3758 eius

571 3835 717 3902 heredes
735 3823 835 3904 rebus
853 3835 930 3920 ipsa
945 3841 979 3905 et
995 3838 1073 3920 ipsa
1089 3838 1236 3905 ecclesia
1251 3841 1379 3906 habeas
1397 3839 1506 3924 adque
1521 3839 1702 3925 possidead
1720 3840 1888 3908 securiter
1903 3841 2031 3924 absque
2046 3841 2217 3909 calumnie
2232 3859 2254 3906 a
2272 3842 2423 3926 partibus

572 3988 683 4070 ipsius
698 3989 790 4072 sergi
808 3989 975 4072 etlupeni
991 3987 1084 4056 etde
1100 3989 1237 4056 illorum
1254 3991 1409 4058 heredes.
1428 3993 1463 4058 et
1478 3993 1516 4058 ut
1538 3992 1576 4058 in
1598 3995 1773 4076 posterum
1797 3991 1998 4060 recordetur
2022 4010 2086 4077 pro
2109 3993 2291 4063 securitate
2316 3994 2418 4078 ipsius

567 4137 661 4232 leoni
678 4139 770 4204 hunc
786 4137 964 4206 emisimus
979 4141 1181 4224 scriptione,
1199 4139 1287 4224 quod
1306 4140 1429 4224 scripsi
1445 4141 1657 4224 grimoaldus
1673 4141 1827 4208 notarius
1843 4145 1904 4226 qui.
1916 4143 2069 4210 interlui.

628 4261 657 4372 †
673 4308 740 4374 ego
757 4289 816 4373 qui
832 4308 938 4374 supra
953 4289 1059 4375 gaido
1075 4290 1193 4359 iudex

1350 4796 1658 4876 CCLXXV.

1363 5025 1417 5113 Α.
1455 5037 1506 5114 D.
1544 5037 1647 5117 973.

636 5296 722 5433 †ln
739 5347 880 5413 nomine
897 5345 1028 5413 domini
1044 5347 1158 5431 primo
1174 5365 1266 5414 anno
1280 5349 1497 5444 principatus
1513 5303 1628 5418 domni
1645 5352 1754 5419 nostri
1779 5354 1919 5422 landolfi
1942 5357 2084 5440 gloriosi
2109 5358 2289 5444 principis,
2309 5379 2419 5430 mense

573 5498 767 5581 september
791 5497 943 5566 secunda
958 5496 1158 5565 indictione.
1178 5501 1463 5568 memoratorium
1480 5504 1572 5570 sactu
1586 5521 1607 5570 a
1622 5504 1720 5573 nobis
1744 5506 1912 5575 iohannes
1934 5508 2026 5579 filius
2049 5507 2256 5597 radelgrimi
2279 5516 2314 5581 et
2334 5512 2420 5582 adel·

572 5647 688 5732 grimo
710 5647 783 5715 filio
800 5649 994 5734 sramperti,
1013 5665 1054 5717 eo
1070 5648 1157 5734 quod
1174 5653 1256 5718 ante
1272 5652 1456 5738 subscripti
1474 5656 1578 5723 testes
1593 5656 1738 5725 tradidit
1751 5659 1850 5726 nobis
1874 5659 2070 5732 romoaldus
2091 5661 2184 5732 filius
2207 5665 2332 5735 teodici
2355 5669 2419 5733 ter·

572 5800 621 5870 ris
634 5819 712 5867 cum
726 5802 876 5870 arbustis
892 5803 926 5870 et
940 5801 1044 5872 terris
1060 5804 1179 5884 bacue,
1198 5803 1286 5889 quod
1303 5806 1406 5874 habet
1422 5826 1484 5892 per
1500 5807 1627 5879 finibus
1644 5813 1784 5882 nucerie
1799 5832 1865 5898 que
1881 5813 1943 5882 suit
1992 5870 1998 5882 .
2043 5869 2049 5882 .
2102 5867 2108 5880 .
2161 5869 2167 5880 .
2221 5870 2226 5882 .
2277 5818 2363 5904 quod
2387 5815 2415 5885 ei
