<?xml version="1.0" encoding="UTF-8"?>
<!DOCTYPE html PUBLIC "-//W3C//DTD XHTML 1.0 Transitional//EN"
    "http://www.w3.org/TR/xhtml1/DTD/xhtml1-transitional.dtd">
<html xmlns="http://www.w3.org/1999/xhtml" xml:lang="en" lang="en">
 <head>
  <title>
</title>
<meta http-equiv="Content-Type" content="text/html;charset=utf-8" />
  <meta name='ocr-system' content='tesseract 3.04.00' />
  <meta name='ocr-capabilities' content='ocr_page ocr_carea ocr_par ocr_line ocrx_word'/>
</head>
<body>
  <div class='ocr_page' id='page_1' title='image "./codexdiplomatic07aragoog_0270.png"; bbox 0 0 5216 7092; ppageno 0'>
   <div class='ocr_carea' id='block_1_1' title="bbox 969 575 1344 652">
    <p class='ocr_par' dir='ltr' id='par_1_1' title="bbox 969 575 1344 652">
     <span class='ocr_line' id='line_1_1' title="bbox 969 575 1344 652; baseline 0.011 -7"><span class='ocrx_word' id='word_1_1' title='bbox 969 575 1344 652; x_wconf 80' lang='lat' dir='ltr'>DIPLOMATICUS</span> 
     </span>
    </p>
   </div>
   <div class='ocr_carea' id='block_1_2' title="bbox 997 1025 1294 1106">
    <p class='ocr_par' dir='ltr' id='par_1_2' title="bbox 997 1025 1294 1106">
     <span class='ocr_line' id='line_1_2' title="bbox 997 1025 1294 1106; baseline -0.007 -2"><span class='ocrx_word' id='word_1_2' title='bbox 997 1025 1294 1106; x_wconf 83' lang='lat' dir='ltr'>CCCLXII.</span> 
     </span>
    </p>
   </div>
   <div class='ocr_carea' id='block_1_3' title="bbox 1001 1269 1288 1350">
    <p class='ocr_par' dir='ltr' id='par_1_3' title="bbox 1001 1269 1288 1350">
     <span class='ocr_line' id='line_1_3' title="bbox 1001 1269 1288 1350; baseline 0.007 -3"><span class='ocrx_word' id='word_1_3' title='bbox 1001 1270 1057 1347; x_wconf 88' lang='lat' dir='ltr'>A.</span> <span class='ocrx_word' id='word_1_4' title='bbox 1096 1272 1147 1348; x_wconf 90' lang='lat' dir='ltr'>D.</span> <span class='ocrx_word' id='word_1_5' title='bbox 1184 1269 1288 1350; x_wconf 82' lang='lat'>983.</span> 
     </span>
    </p>
   </div>
   <div class='ocr_carea' id='block_1_4' title="bbox 285 1525 2084 1667">
    <p class='ocr_par' dir='ltr' id='par_1_4' title="bbox 285 1525 2084 1667">
     <span class='ocr_line' id='line_1_4' title="bbox 285 1525 2084 1667; baseline 0.008 -22"><span class='ocrx_word' id='word_1_6' title='bbox 285 1525 321 1664; x_wconf 72' lang='lat'>†</span> <span class='ocrx_word' id='word_1_7' title='bbox 343 1583 383 1646; x_wconf 92' lang='lat' dir='ltr'>ln</span> <span class='ocrx_word' id='word_1_8' title='bbox 399 1579 538 1648; x_wconf 87' lang='lat' dir='ltr'>nomine</span> <span class='ocrx_word' id='word_1_9' title='bbox 555 1578 686 1647; x_wconf 90' lang='lat' dir='ltr'>domini</span> <span class='ocrx_word' id='word_1_10' title='bbox 701 1578 851 1648; x_wconf 90' lang='lat' dir='ltr'>secundo</span> <span class='ocrx_word' id='word_1_11' title='bbox 867 1598 959 1647; x_wconf 88' lang='lat' dir='ltr'>anno</span> <span class='ocrx_word' id='word_1_12' title='bbox 974 1580 1193 1667; x_wconf 83' lang='lat' dir='ltr'>principatus</span> <span class='ocrx_word' id='word_1_13' title='bbox 1208 1580 1322 1648; x_wconf 89' lang='lat' dir='ltr'>domni</span> <span class='ocrx_word' id='word_1_14' title='bbox 1346 1581 1458 1649; x_wconf 88' lang='lat' dir='ltr'>nostri</span> <span class='ocrx_word' id='word_1_15' title='bbox 1483 1585 1640 1651; x_wconf 90' lang='lat' dir='ltr'>mansoni</span> <span class='ocrx_word' id='word_1_16' title='bbox 1663 1604 1682 1653; x_wconf 91' lang='lat' dir='ltr'>e</span> <span class='ocrx_word' id='word_1_17' title='bbox 1703 1584 1820 1655; x_wconf 89' lang='lat' dir='ltr'>domni</span> <span class='ocrx_word' id='word_1_18' title='bbox 1844 1587 1986 1664; x_wconf 86' lang='lat' dir='ltr'>iohanni</span> <span class='ocrx_word' id='word_1_19' title='bbox 2010 1593 2084 1659; x_wconf 92' lang='lat' dir='ltr'>eius</span> 
     </span>
    </p>
   </div>
   <div class='ocr_carea' id='block_1_5' title="bbox 221 1733 2083 2748">
    <p class='ocr_par' dir='ltr' id='par_1_5' title="bbox 221 1733 2083 2748">
     <span class='ocr_line' id='line_1_5' title="bbox 221 1733 2082 1830; baseline 0.005 -28"><span class='ocrx_word' id='word_1_20' title='bbox 221 1734 298 1802; x_wconf 88' lang='lat' dir='ltr'>filio</span> <span class='ocrx_word' id='word_1_21' title='bbox 312 1733 459 1819; x_wconf 84' lang='lat' dir='ltr'>gloriosi</span> <span class='ocrx_word' id='word_1_22' title='bbox 476 1733 708 1820; x_wconf 88' lang='lat' dir='ltr'>principibus,</span> <span class='ocrx_word' id='word_1_23' title='bbox 727 1753 845 1803; x_wconf 88' lang='lat' dir='ltr'>mense</span> <span class='ocrx_word' id='word_1_24' title='bbox 860 1738 1041 1820; x_wconf 85' lang='lat' dir='ltr'>augustus,</span> <span class='ocrx_word' id='word_1_25' title='bbox 1060 1735 1242 1804; x_wconf 87' lang='lat' dir='ltr'>undecima</span> <span class='ocrx_word' id='word_1_26' title='bbox 1257 1735 1458 1804; x_wconf 82' lang='lat' dir='ltr'>indictione.</span> <span class='ocrx_word' id='word_1_27' title='bbox 1477 1736 1556 1805; x_wconf 92' lang='lat' dir='ltr'>Ideo</span> <span class='ocrx_word' id='word_1_28' title='bbox 1573 1755 1640 1824; x_wconf 93' lang='lat' dir='ltr'>que</span> <span class='ocrx_word' id='word_1_29' title='bbox 1655 1757 1718 1807; x_wconf 91' lang='lat' dir='ltr'>nos</span> <span class='ocrx_word' id='word_1_30' title='bbox 1733 1741 1868 1810; x_wconf 83' lang='lat' dir='ltr'>arechis</span> <span class='ocrx_word' id='word_1_31' title='bbox 1891 1747 1925 1810; x_wconf 87' lang='lat' dir='ltr'>et</span> <span class='ocrx_word' id='word_1_32' title='bbox 1948 1744 2082 1830; x_wconf 91' lang='lat' dir='ltr'>iaquin-</span> 
     </span>
     <span class='ocr_line' id='line_1_6' title="bbox 224 1884 2078 1978; baseline 0.008 -27"><span class='ocrx_word' id='word_1_33' title='bbox 224 1887 282 1954; x_wconf 90' lang='lat' dir='ltr'>tus</span> <span class='ocrx_word' id='word_1_34' title='bbox 298 1886 483 1954; x_wconf 83' lang='lat' dir='ltr'>comitibus</span> <span class='ocrx_word' id='word_1_35' title='bbox 498 1884 658 1972; x_wconf 82' lang='lat' dir='ltr'>germani</span> <span class='ocrx_word' id='word_1_36' title='bbox 673 1887 738 1954; x_wconf 89' lang='lat' dir='ltr'>filii</span> <span class='ocrx_word' id='word_1_37' title='bbox 753 1887 926 1972; x_wconf 92' lang='lat' dir='ltr'>quondam</span> <span class='ocrx_word' id='word_1_38' title='bbox 944 1887 1104 1966; x_wconf 79' lang='lat' dir='ltr'>marcidi,</span> <span class='ocrx_word' id='word_1_39' title='bbox 1123 1889 1211 1955; x_wconf 88' lang='lat' dir='ltr'>sicut</span> <span class='ocrx_word' id='word_1_40' title='bbox 1226 1889 1327 1955; x_wconf 90' lang='lat' dir='ltr'>nobis</span> <span class='ocrx_word' id='word_1_41' title='bbox 1342 1906 1536 1974; x_wconf 89' lang='lat' dir='ltr'>congruum</span> <span class='ocrx_word' id='word_1_42' title='bbox 1551 1893 1603 1958; x_wconf 90' lang='lat' dir='ltr'>est</span> <span class='ocrx_word' id='word_1_43' title='bbox 1626 1889 1744 1960; x_wconf 88' lang='lat' dir='ltr'>nostre</span> <span class='ocrx_word' id='word_1_44' title='bbox 1767 1910 1856 1961; x_wconf 79' lang='lat' dir='ltr'>rone</span> <span class='ocrx_word' id='word_1_45' title='bbox 1878 1898 2078 1978; x_wconf 81' lang='lat' dir='ltr'>uoluntatis,</span> 
     </span>
     <span class='ocr_line' id='line_1_7' title="bbox 224 2019 2083 2123; baseline 0.006 -17"><span class='ocrx_word' id='word_1_46' title='bbox 224 2056 290 2123; x_wconf 88' lang='lat' dir='ltr'>per</span> <span class='ocrx_word' id='word_1_47' title='bbox 306 2057 370 2105; x_wconf 88' lang='lat' dir='ltr'>anc</span> <span class='ocrx_word' id='word_1_48' title='bbox 388 2039 560 2106; x_wconf 86' lang='lat' dir='ltr'>cartulam</span> <span class='ocrx_word' id='word_1_49' title='bbox 584 2037 754 2106; x_wconf 86' lang='lat' dir='ltr'>donamus</span> <span class='ocrx_word' id='word_1_50' title='bbox 777 2039 880 2122; x_wconf 89' lang='lat' dir='ltr'>atque</span> <span class='ocrx_word' id='word_1_51' title='bbox 904 2037 946 2104; x_wconf 86' lang='lat' dir='ltr'>ad</span> <span class='ocrx_word' id='word_1_52' title='bbox 969 2056 1105 2123; x_wconf 90' lang='lat' dir='ltr'>semper</span> <span class='ocrx_word' id='word_1_53' title='bbox 1128 2039 1325 2107; x_wconf 89' lang='lat' dir='ltr'>babendum</span> <span class='ocrx_word' id='word_1_54' title='bbox 1349 2041 1628 2110; x_wconf 89' lang='lat' dir='ltr'>confirmavimus</span> <span class='ocrx_word' id='word_1_55' title='bbox 1650 2043 1747 2111; x_wconf 92' lang='lat' dir='ltr'>vobis</span> <span class='ocrx_word' id='word_1_56' title='bbox 1770 2047 1844 2112; x_wconf 92' lang='lat' dir='ltr'>ursi</span> <span class='ocrx_word' id='word_1_57' title='bbox 1870 2019 2022 2116; x_wconf 45' lang='lat' dir='ltr'>et&#39;leoni</span> <span class='ocrx_word' id='word_1_58' title='bbox 2048 2053 2083 2117; x_wconf 89' lang='lat' dir='ltr'>et</span> 
     </span>
     <span class='ocr_line' id='line_1_8' title="bbox 226 2192 2083 2282; baseline 0.006 -23"><span class='ocrx_word' id='word_1_59' title='bbox 226 2193 348 2278; x_wconf 90' lang='lat' dir='ltr'>lupeni</span> <span class='ocrx_word' id='word_1_60' title='bbox 366 2193 524 2277; x_wconf 88' lang='lat' dir='ltr'>germani</span> <span class='ocrx_word' id='word_1_61' title='bbox 541 2193 605 2260; x_wconf 87' lang='lat' dir='ltr'>filii</span> <span class='ocrx_word' id='word_1_62' title='bbox 622 2192 738 2278; x_wconf 93' lang='lat' dir='ltr'>lupeni</span> <span class='ocrx_word' id='word_1_63' title='bbox 756 2192 944 2260; x_wconf 71' lang='lat' dir='ltr'>adrianensi</span> <span class='ocrx_word' id='word_1_64' title='bbox 960 2211 1032 2259; x_wconf 93' lang='lat' dir='ltr'>una</span> <span class='ocrx_word' id='word_1_65' title='bbox 1048 2193 1148 2277; x_wconf 90' lang='lat' dir='ltr'>pecia</span> <span class='ocrx_word' id='word_1_66' title='bbox 1163 2193 1205 2262; x_wconf 91' lang='lat' dir='ltr'>de</span> <span class='ocrx_word' id='word_1_67' title='bbox 1220 2196 1315 2262; x_wconf 91' lang='lat' dir='ltr'>terra</span> <span class='ocrx_word' id='word_1_68' title='bbox 1329 2197 1450 2263; x_wconf 89' lang='lat' dir='ltr'>nostra</span> <span class='ocrx_word' id='word_1_69' title='bbox 1465 2197 1583 2276; x_wconf 80' lang='lat' dir='ltr'>bactra,</span> <span class='ocrx_word' id='word_1_70' title='bbox 1602 2196 1692 2282; x_wconf 91' lang='lat' dir='ltr'>quod</span> <span class='ocrx_word' id='word_1_71' title='bbox 1716 2200 1884 2268; x_wconf 88' lang='lat' dir='ltr'>habemus</span> <span class='ocrx_word' id='word_1_72' title='bbox 1908 2202 1945 2268; x_wconf 91' lang='lat' dir='ltr'>in</span> <span class='ocrx_word' id='word_1_73' title='bbox 1969 2204 2083 2270; x_wconf 89' lang='lat' dir='ltr'>locum</span> 
     </span>
     <span class='ocr_line' id='line_1_9' title="bbox 225 2311 2082 2437; baseline 0.006 -25"><span class='ocrx_word' id='word_1_74' title='bbox 225 2348 334 2416; x_wconf 90' lang='lat' dir='ltr'>beteri</span> <span class='ocrx_word' id='word_1_75' title='bbox 348 2347 415 2414; x_wconf 89' lang='lat' dir='ltr'>ista</span> <span class='ocrx_word' id='word_1_76' title='bbox 431 2349 531 2432; x_wconf 91' lang='lat' dir='ltr'>parte</span> <span class='ocrx_word' id='word_1_77' title='bbox 546 2349 581 2415; x_wconf 89' lang='lat' dir='ltr'>et</span> <span class='ocrx_word' id='word_1_78' title='bbox 596 2348 763 2415; x_wconf 89' lang='lat' dir='ltr'>coniunta</span> <span class='ocrx_word' id='word_1_79' title='bbox 777 2345 820 2414; x_wconf 88' lang='lat' dir='ltr'>ad</span> <span class='ocrx_word' id='word_1_80' title='bbox 836 2347 941 2414; x_wconf 84' lang='lat' dir='ltr'>dubio</span> <span class='ocrx_word' id='word_1_81' title='bbox 957 2345 998 2414; x_wconf 92' lang='lat' dir='ltr'>de</span> <span class='ocrx_word' id='word_1_82' title='bbox 1015 2348 1091 2431; x_wconf 91' lang='lat' dir='ltr'>ipso</span> <span class='ocrx_word' id='word_1_83' title='bbox 1106 2349 1219 2415; x_wconf 90' lang='lat' dir='ltr'>locum</span> <span class='ocrx_word' id='word_1_84' title='bbox 1234 2349 1342 2418; x_wconf 84' lang='lat' dir='ltr'>boteri</span> <span class='ocrx_word' id='word_1_85' title='bbox 1367 2349 1493 2416; x_wconf 85' lang='lat' dir='ltr'>finibus</span> <span class='ocrx_word' id='word_1_86' title='bbox 1519 2351 1730 2418; x_wconf 89' lang='lat' dir='ltr'>salernitane</span> <span class='ocrx_word' id='word_1_87' title='bbox 1757 2311 1818 2437; x_wconf 85' lang='lat' dir='ltr'>per</span> <span class='ocrx_word' id='word_1_88' title='bbox 1845 2357 1909 2422; x_wconf 91' lang='lat' dir='ltr'>hec</span> <span class='ocrx_word' id='word_1_89' title='bbox 1931 2355 2034 2423; x_wconf 87' lang='lat' dir='ltr'>finis:</span> <span class='ocrx_word' id='word_1_90' title='bbox 2060 2376 2082 2424; x_wconf 89' lang='lat' dir='ltr'>a</span> 
     </span>
     <span class='ocr_line' id='line_1_10' title="bbox 224 2481 2082 2594; baseline 0.005 -25"><span class='ocrx_word' id='word_1_91' title='bbox 224 2505 329 2587; x_wconf 87' lang='lat' dir='ltr'>parte</span> <span class='ocrx_word' id='word_1_92' title='bbox 353 2502 541 2570; x_wconf 88' lang='lat' dir='ltr'>occidentis</span> <span class='ocrx_word' id='word_1_93' title='bbox 556 2504 626 2570; x_wconf 87' lang='lat' dir='ltr'>fine</span> <span class='ocrx_word' id='word_1_94' title='bbox 642 2502 792 2588; x_wconf 87' lang='lat' dir='ltr'>qualiter</span> <span class='ocrx_word' id='word_1_95' title='bbox 809 2481 963 2569; x_wconf 82' lang='lat' dir='ltr'>decurrit</span> <span class='ocrx_word' id='word_1_96' title='bbox 978 2503 1054 2586; x_wconf 91' lang='lat' dir='ltr'>ipso</span> <span class='ocrx_word' id='word_1_97' title='bbox 1070 2501 1187 2569; x_wconf 89' lang='lat' dir='ltr'>flubio:</span> <span class='ocrx_word' id='word_1_98' title='bbox 1205 2520 1227 2568; x_wconf 88' lang='lat' dir='ltr'>a</span> <span class='ocrx_word' id='word_1_99' title='bbox 1247 2505 1348 2588; x_wconf 87' lang='lat' dir='ltr'>parte</span> <span class='ocrx_word' id='word_1_100' title='bbox 1371 2503 1516 2572; x_wconf 88' lang='lat' dir='ltr'>meridie</span> <span class='ocrx_word' id='word_1_101' title='bbox 1536 2505 1605 2573; x_wconf 87' lang='lat' dir='ltr'>fine</span> <span class='ocrx_word' id='word_1_102' title='bbox 1630 2523 1739 2573; x_wconf 88' lang='lat' dir='ltr'>arena</span> <span class='ocrx_word' id='word_1_103' title='bbox 1762 2509 1956 2594; x_wconf 90' lang='lat' dir='ltr'>propinquo</span> <span class='ocrx_word' id='word_1_104' title='bbox 1980 2513 2082 2580; x_wconf 89' lang='lat' dir='ltr'>litore</span> 
     </span>
     <span class='ocr_line' id='line_1_11' title="bbox 223 2654 2083 2748; baseline 0.005 -29"><span class='ocrx_word' id='word_1_105' title='bbox 223 2654 344 2722; x_wconf 89' lang='lat' dir='ltr'>maris:</span> <span class='ocrx_word' id='word_1_106' title='bbox 363 2655 406 2721; x_wconf 87' lang='lat' dir='ltr'>do</span> <span class='ocrx_word' id='word_1_107' title='bbox 421 2655 493 2722; x_wconf 89' lang='lat' dir='ltr'>alia</span> <span class='ocrx_word' id='word_1_108' title='bbox 507 2658 608 2740; x_wconf 88' lang='lat' dir='ltr'>parte</span> <span class='ocrx_word' id='word_1_109' title='bbox 625 2656 771 2742; x_wconf 86' lang='lat' dir='ltr'>qualiter</span> <span class='ocrx_word' id='word_1_110' title='bbox 788 2656 908 2740; x_wconf 85' lang='lat' dir='ltr'>pergit</span> <span class='ocrx_word' id='word_1_111' title='bbox 924 2655 983 2722; x_wconf 86' lang='lat' dir='ltr'>via</span> <span class='ocrx_word' id='word_1_112' title='bbox 999 2657 1059 2741; x_wconf 90' lang='lat' dir='ltr'>qui</span> <span class='ocrx_word' id='word_1_113' title='bbox 1075 2657 1127 2724; x_wconf 90' lang='lat' dir='ltr'>est</span> <span class='ocrx_word' id='word_1_114' title='bbox 1141 2706 1307 2723; x_wconf 92' lang='grc'><strong>.......</strong></span> <span class='ocrx_word' id='word_1_115' title='bbox 1326 2677 1334 2720; x_wconf 89' lang='lat'>:</span> <span class='ocrx_word' id='word_1_116' title='bbox 1352 2656 1395 2724; x_wconf 88' lang='lat' dir='ltr'>de</span> <span class='ocrx_word' id='word_1_117' title='bbox 1411 2659 1480 2723; x_wconf 88' lang='lat' dir='ltr'>alia</span> <span class='ocrx_word' id='word_1_118' title='bbox 1495 2660 1593 2743; x_wconf 87' lang='lat' dir='ltr'>parte</span> <span class='ocrx_word' id='word_1_119' title='bbox 1607 2659 1678 2727; x_wconf 87' lang='lat' dir='ltr'>fine</span> <span class='ocrx_word' id='word_1_120' title='bbox 1702 2657 1775 2727; x_wconf 90' lang='lat' dir='ltr'>ursi</span> <span class='ocrx_word' id='word_1_121' title='bbox 1800 2661 2006 2742; x_wconf 88' lang='lat' dir='ltr'>atrianensi‚</span> <span class='ocrx_word' id='word_1_122' title='bbox 2025 2663 2083 2748; x_wconf 88' lang='lat' dir='ltr'>qui</span> 
     </span>
    </p>
   </div>
   <div class='ocr_carea' id='block_1_6' title="bbox 222 2807 2088 2897">
    <p class='ocr_par' dir='ltr' id='par_1_6' title="bbox 222 2807 2088 2897">
     <span class='ocr_line' id='line_1_12' title="bbox 222 2807 2088 2897; baseline 0.005 -21"><span class='ocrx_word' id='word_1_123' title='bbox 222 2807 351 2876; x_wconf 89' lang='lat' dir='ltr'>dicitur</span> <span class='ocrx_word' id='word_1_124' title='bbox 369 2807 412 2875; x_wconf 85' lang='lat' dir='ltr'>de</span> <span class='ocrx_word' id='word_1_125' title='bbox 428 2807 573 2887; x_wconf 88' lang='lat' dir='ltr'>dumeti,</span> <span class='ocrx_word' id='word_1_126' title='bbox 592 2809 680 2874; x_wconf 89' lang='lat' dir='ltr'>sicut</span> <span class='ocrx_word' id='word_1_127' title='bbox 695 2811 814 2893; x_wconf 88' lang='lat' dir='ltr'>plescu</span> <span class='ocrx_word' id='word_1_128' title='bbox 838 2809 970 2876; x_wconf 85' lang='lat' dir='ltr'>maiore</span> <span class='ocrx_word' id='word_1_129' title='bbox 992 2807 1160 2875; x_wconf 91' lang='lat' dir='ltr'>discernit</span> <span class='ocrx_word' id='word_1_130' title='bbox 1183 2811 1217 2875; x_wconf 93' lang='lat' dir='ltr'>et</span> <span class='ocrx_word' id='word_1_131' title='bbox 1240 2810 1371 2876; x_wconf 89' lang='lat' dir='ltr'>rectum</span> <span class='ocrx_word' id='word_1_132' title='bbox 1397 2808 1515 2892; x_wconf 85' lang='lat' dir='ltr'>pergit</span> <span class='ocrx_word' id='word_1_133' title='bbox 1536 2810 1574 2875; x_wconf 90' lang='lat' dir='ltr'>in</span> <span class='ocrx_word' id='word_1_134' title='bbox 1598 2810 1676 2894; x_wconf 89' lang='lat' dir='ltr'>ipso</span> <span class='ocrx_word' id='word_1_135' title='bbox 1699 2810 1817 2878; x_wconf 90' lang='lat' dir='ltr'>flubio.</span> <span class='ocrx_word' id='word_1_136' title='bbox 1836 2830 1900 2897; x_wconf 92' lang='lat' dir='ltr'>per</span> <span class='ocrx_word' id='word_1_137' title='bbox 1926 2815 2088 2886; x_wconf 88' lang='lat' dir='ltr'>iamdicte</span> 
     </span>
    </p>
   </div>
   <div class='ocr_carea' id='block_1_7' title="bbox 126 2961 2083 3046">
    <p class='ocr_par' dir='ltr' id='par_1_7' title="bbox 126 2961 2083 3046">
     <span class='ocr_line' id='line_1_13' title="bbox 126 2961 2083 3046; baseline 0.009 -25"><span class='ocrx_word' id='word_1_138' title='bbox 126 3017 128 3021; x_wconf 87' lang='lat'>.</span> <span class='ocrx_word' id='word_1_139' title='bbox 227 2961 309 3028; x_wconf 86' lang='lat' dir='ltr'>finis</span> <span class='ocrx_word' id='word_1_140' title='bbox 324 2964 431 3029; x_wconf 91' lang='lat' dir='ltr'>totum</span> <span class='ocrx_word' id='word_1_141' title='bbox 449 2965 484 3030; x_wconf 88' lang='lat' dir='ltr'>et</span> <span class='ocrx_word' id='word_1_142' title='bbox 499 2962 657 3030; x_wconf 89' lang='lat' dir='ltr'>inclitum</span> <span class='ocrx_word' id='word_1_143' title='bbox 675 2981 753 3029; x_wconf 92' lang='lat' dir='ltr'>cum</span> <span class='ocrx_word' id='word_1_144' title='bbox 771 2962 891 3029; x_wconf 91' lang='lat' dir='ltr'>omnia</span> <span class='ocrx_word' id='word_1_145' title='bbox 906 2962 998 3029; x_wconf 91' lang='lat' dir='ltr'>infra</span> <span class='ocrx_word' id='word_1_146' title='bbox 1014 2980 1051 3029; x_wconf 90' lang='lat' dir='ltr'>se</span> <span class='ocrx_word' id='word_1_147' title='bbox 1067 2961 1283 3042; x_wconf 89' lang='lat' dir='ltr'>habentibus,</span> <span class='ocrx_word' id='word_1_148' title='bbox 1300 2964 1334 3031; x_wconf 91' lang='lat' dir='ltr'>et</span> <span class='ocrx_word' id='word_1_149' title='bbox 1349 2963 1419 3028; x_wconf 90' lang='lat' dir='ltr'>suis</span> <span class='ocrx_word' id='word_1_150' title='bbox 1435 2963 1656 3046; x_wconf 84' lang='lat' dir='ltr'>pertinentiis</span> <span class='ocrx_word' id='word_1_151' title='bbox 1669 2967 1704 3032; x_wconf 93' lang='lat' dir='ltr'>et</span> <span class='ocrx_word' id='word_1_152' title='bbox 1718 2984 1796 3032; x_wconf 91' lang='lat' dir='ltr'>cum</span> <span class='ocrx_word' id='word_1_153' title='bbox 1814 2967 1890 3036; x_wconf 89' lang='lat' dir='ltr'>bice</span> <span class='ocrx_word' id='word_1_154' title='bbox 1901 2967 1943 3036; x_wconf 90' lang='lat' dir='ltr'>de</span> <span class='ocrx_word' id='word_1_155' title='bbox 1956 2970 2083 3038; x_wconf 87' lang='lat' dir='ltr'>viasua</span> 
     </span>
    </p>
   </div>
   <div class='ocr_carea' id='block_1_8' title="bbox 221 3111 2089 5491">
    <p class='ocr_par' dir='ltr' id='par_1_8' title="bbox 221 3111 2089 5186">
     <span class='ocr_line' id='line_1_14' title="bbox 226 3111 2084 3203; baseline 0.005 -25"><span class='ocrx_word' id='word_1_156' title='bbox 226 3113 307 3180; x_wconf 94' lang='lat' dir='ltr'>illut</span> <span class='ocrx_word' id='word_1_157' title='bbox 322 3112 419 3180; x_wconf 83' lang='lat' dir='ltr'>vobis</span> <span class='ocrx_word' id='word_1_158' title='bbox 434 3111 591 3180; x_wconf 88' lang='lat' dir='ltr'>iamdicti</span> <span class='ocrx_word' id='word_1_159' title='bbox 609 3112 769 3198; x_wconf 83' lang='lat' dir='ltr'>germani</span> <span class='ocrx_word' id='word_1_160' title='bbox 786 3113 993 3181; x_wconf 83' lang='lat' dir='ltr'>donavimus</span> <span class='ocrx_word' id='word_1_161' title='bbox 1010 3112 1054 3180; x_wconf 89' lang='lat' dir='ltr'>ad</span> <span class='ocrx_word' id='word_1_162' title='bbox 1070 3114 1238 3182; x_wconf 87' lang='lat' dir='ltr'>securiter</span> <span class='ocrx_word' id='word_1_163' title='bbox 1254 3115 1289 3182; x_wconf 88' lang='lat' dir='ltr'>et</span> <span class='ocrx_word' id='word_1_164' title='bbox 1310 3114 1458 3181; x_wconf 88' lang='lat' dir='ltr'>firmiter</span> <span class='ocrx_word' id='word_1_165' title='bbox 1481 3115 1602 3182; x_wconf 87' lang='lat' dir='ltr'>amodo</span> <span class='ocrx_word' id='word_1_166' title='bbox 1626 3118 1660 3184; x_wconf 91' lang='lat' dir='ltr'>et</span> <span class='ocrx_word' id='word_1_167' title='bbox 1683 3136 1821 3203; x_wconf 90' lang='lat' dir='ltr'>semper</span> <span class='ocrx_word' id='word_1_168' title='bbox 1845 3137 1904 3188; x_wconf 85' lang='lat' dir='ltr'>vos</span> <span class='ocrx_word' id='word_1_169' title='bbox 1928 3121 2084 3189; x_wconf 90' lang='lat' dir='ltr'>iamdicti</span> 
     </span>
     <span class='ocr_line' id='line_1_15' title="bbox 226 3265 2084 3352; baseline 0.005 -21"><span class='ocrx_word' id='word_1_170' title='bbox 226 3266 397 3350; x_wconf 86' lang='lat' dir='ltr'>germani</span> <span class='ocrx_word' id='word_1_171' title='bbox 422 3283 523 3350; x_wconf 87' lang='lat' dir='ltr'>quam</span> <span class='ocrx_word' id='word_1_172' title='bbox 548 3267 583 3332; x_wconf 90' lang='lat' dir='ltr'>et</span> <span class='ocrx_word' id='word_1_173' title='bbox 606 3267 729 3334; x_wconf 85' lang='lat' dir='ltr'>vestris</span> <span class='ocrx_word' id='word_1_174' title='bbox 752 3265 937 3334; x_wconf 90' lang='lat' dir='ltr'>heredibus</span> <span class='ocrx_word' id='word_1_175' title='bbox 966 3267 1045 3333; x_wconf 93' lang='lat' dir='ltr'>illut</span> <span class='ocrx_word' id='word_1_176' title='bbox 1072 3267 1280 3346; x_wconf 87' lang='lat' dir='ltr'>habendum,</span> <span class='ocrx_word' id='word_1_177' title='bbox 1299 3266 1554 3352; x_wconf 90' lang='lat' dir='ltr'>possidendum,</span> <span class='ocrx_word' id='word_1_178' title='bbox 1573 3267 1834 3350; x_wconf 86' lang='lat' dir='ltr'>dominandum,</span> <span class='ocrx_word' id='word_1_179' title='bbox 1862 3274 1980 3339; x_wconf 84' lang='lat' dir='ltr'>omnia</span> <span class='ocrx_word' id='word_1_180' title='bbox 2003 3273 2084 3341; x_wconf 90' lang='lat' dir='ltr'>inde</span> 
     </span>
     <span class='ocr_line' id='line_1_16' title="bbox 224 3417 2085 3524; baseline 0.005 -41"><span class='ocrx_word' id='word_1_181' title='bbox 224 3417 424 3485; x_wconf 88' lang='lat' dir='ltr'>faciendum</span> <span class='ocrx_word' id='word_1_182' title='bbox 443 3417 531 3502; x_wconf 92' lang='lat' dir='ltr'>quod</span> <span class='ocrx_word' id='word_1_183' title='bbox 549 3419 741 3497; x_wconf 80' lang='lat' dir='ltr'>uolueritis,</span> <span class='ocrx_word' id='word_1_184' title='bbox 758 3421 886 3503; x_wconf 87' lang='lat' dir='ltr'>absque</span> <span class='ocrx_word' id='word_1_185' title='bbox 901 3419 1146 3503; x_wconf 89' lang='lat' dir='ltr'>cuiuscumque</span> <span class='ocrx_word' id='word_1_186' title='bbox 1162 3421 1411 3487; x_wconf 88' lang='lat' dir='ltr'>contrarietate</span> <span class='ocrx_word' id='word_1_187' title='bbox 1427 3422 1481 3486; x_wconf 88' lang='lat' dir='ltr'>vel</span> <span class='ocrx_word' id='word_1_188' title='bbox 1498 3420 1734 3505; x_wconf 88' lang='lat' dir='ltr'>requisitione.</span> <span class='ocrx_word' id='word_1_189' title='bbox 1751 3426 1785 3491; x_wconf 91' lang='lat' dir='ltr'>et</span> <span class='ocrx_word' id='word_1_190' title='bbox 1796 3441 1860 3524; x_wconf 83' lang='lat' dir='ltr'>pro</span> <span class='ocrx_word' id='word_1_191' title='bbox 1875 3426 1941 3490; x_wconf 93' lang='lat' dir='ltr'>hoc</span> <span class='ocrx_word' id='word_1_192' title='bbox 1956 3425 2085 3493; x_wconf 91' lang='lat' dir='ltr'>donum</span> 
     </span>
     <span class='ocr_line' id='line_1_17' title="bbox 222 3567 2084 3656; baseline 0.006 -24"><span class='ocrx_word' id='word_1_193' title='bbox 222 3567 435 3634; x_wconf 86' lang='lat' dir='ltr'>firmandum</span> <span class='ocrx_word' id='word_1_194' title='bbox 454 3570 624 3654; x_wconf 88' lang='lat' dir='ltr'>launegilt</span> <span class='ocrx_word' id='word_1_195' title='bbox 639 3588 661 3637; x_wconf 90' lang='lat' dir='ltr'>a</span> <span class='ocrx_word' id='word_1_196' title='bbox 677 3586 737 3636; x_wconf 90' lang='lat' dir='ltr'>vos</span> <span class='ocrx_word' id='word_1_197' title='bbox 752 3570 845 3638; x_wconf 88' lang='lat' dir='ltr'>iusta</span> <span class='ocrx_word' id='word_1_198' title='bbox 861 3571 974 3654; x_wconf 86' lang='lat' dir='ltr'>legem</span> <span class='ocrx_word' id='word_1_199' title='bbox 991 3571 1184 3655; x_wconf 88' lang='lat' dir='ltr'>recepimus</span> <span class='ocrx_word' id='word_1_200' title='bbox 1199 3571 1396 3638; x_wconf 90' lang='lat' dir='ltr'>manicione</span> <span class='ocrx_word' id='word_1_201' title='bbox 1413 3568 1564 3639; x_wconf 89' lang='lat' dir='ltr'>nusciuii</span> <span class='ocrx_word' id='word_1_202' title='bbox 1581 3571 1683 3656; x_wconf 83' lang='lat' dir='ltr'>pario</span> <span class='ocrx_word' id='word_1_203' title='bbox 1706 3592 1776 3640; x_wconf 92' lang='lat' dir='ltr'>uno</span> <span class='ocrx_word' id='word_1_204' title='bbox 1801 3575 1839 3640; x_wconf 91' lang='lat' dir='ltr'>in</span> <span class='ocrx_word' id='word_1_205' title='bbox 1864 3575 1976 3642; x_wconf 91' lang='lat' dir='ltr'>omnis</span> <span class='ocrx_word' id='word_1_206' title='bbox 1999 3575 2084 3644; x_wconf 91' lang='lat' dir='ltr'>deli·</span> 
     </span>
     <span class='ocr_line' id='line_1_18' title="bbox 229 3723 2085 3824; baseline 0.003 -34"><span class='ocrx_word' id='word_1_207' title='bbox 229 3723 458 3802; x_wconf 89' lang='lat' dir='ltr'>berationem,</span> <span class='ocrx_word' id='word_1_208' title='bbox 478 3723 566 3790; x_wconf 91' lang='lat' dir='ltr'>sicut</span> <span class='ocrx_word' id='word_1_209' title='bbox 580 3725 672 3793; x_wconf 90' lang='lat' dir='ltr'>iuter</span> <span class='ocrx_word' id='word_1_210' title='bbox 688 3743 752 3790; x_wconf 92' lang='lat' dir='ltr'>nos</span> <span class='ocrx_word' id='word_1_211' title='bbox 768 3723 952 3791; x_wconf 88' lang='lat' dir='ltr'>combenit.</span> <span class='ocrx_word' id='word_1_212' title='bbox 971 3723 1013 3793; x_wconf 92' lang='lat' dir='ltr'>de</span> <span class='ocrx_word' id='word_1_213' title='bbox 1028 3743 1098 3809; x_wconf 89' lang='lat' dir='ltr'>qua</span> <span class='ocrx_word' id='word_1_214' title='bbox 1114 3742 1177 3792; x_wconf 89' lang='lat' dir='ltr'>nos</span> <span class='ocrx_word' id='word_1_215' title='bbox 1191 3724 1383 3809; x_wconf 84' lang='lat' dir='ltr'>supradicti</span> <span class='ocrx_word' id='word_1_216' title='bbox 1400 3727 1538 3793; x_wconf 89' lang='lat' dir='ltr'>arechis</span> <span class='ocrx_word' id='word_1_217' title='bbox 1553 3728 1587 3793; x_wconf 89' lang='lat' dir='ltr'>et</span> <span class='ocrx_word' id='word_1_218' title='bbox 1603 3725 1788 3824; x_wconf 85' lang='lat' dir='ltr'>iaquintus</span> <span class='ocrx_word' id='word_1_219' title='bbox 1802 3728 1999 3812; x_wconf 87' lang='lat' dir='ltr'>obligamus</span> <span class='ocrx_word' id='word_1_220' title='bbox 2022 3747 2085 3797; x_wconf 91' lang='lat' dir='ltr'>nos</span> 
     </span>
     <span class='ocr_line' id='line_1_19' title="bbox 224 3876 2087 3965; baseline 0.002 -21"><span class='ocrx_word' id='word_1_221' title='bbox 224 3879 260 3944; x_wconf 90' lang='lat' dir='ltr'>et</span> <span class='ocrx_word' id='word_1_222' title='bbox 276 3879 412 3944; x_wconf 91' lang='lat' dir='ltr'>nostros</span> <span class='ocrx_word' id='word_1_223' title='bbox 429 3877 574 3946; x_wconf 88' lang='lat' dir='ltr'>heredes</span> <span class='ocrx_word' id='word_1_224' title='bbox 590 3876 712 3945; x_wconf 88' lang='lat' dir='ltr'>amodo</span> <span class='ocrx_word' id='word_1_225' title='bbox 731 3880 765 3945; x_wconf 91' lang='lat' dir='ltr'>et</span> <span class='ocrx_word' id='word_1_226' title='bbox 781 3896 919 3962; x_wconf 87' lang='lat' dir='ltr'>semper</span> <span class='ocrx_word' id='word_1_227' title='bbox 936 3877 1171 3945; x_wconf 90' lang='lat' dir='ltr'>antistandum</span> <span class='ocrx_word' id='word_1_228' title='bbox 1189 3883 1224 3946; x_wconf 91' lang='lat' dir='ltr'>et</span> <span class='ocrx_word' id='word_1_229' title='bbox 1239 3879 1486 3947; x_wconf 88' lang='lat' dir='ltr'>defensandum</span> <span class='ocrx_word' id='word_1_230' title='bbox 1502 3880 1599 3947; x_wconf 90' lang='lat' dir='ltr'>vobis</span> <span class='ocrx_word' id='word_1_231' title='bbox 1622 3881 1814 3965; x_wconf 89' lang='lat' dir='ltr'>vestrisque</span> <span class='ocrx_word' id='word_1_232' title='bbox 1837 3881 2019 3950; x_wconf 87' lang='lat' dir='ltr'>heredibus</span> <span class='ocrx_word' id='word_1_233' title='bbox 2034 3883 2087 3948; x_wconf 94' lang='lat' dir='ltr'>in·</span> 
     </span>
     <span class='ocr_line' id='line_1_20' title="bbox 230 4028 2086 4116; baseline 0.004 -22"><span class='ocrx_word' id='word_1_234' title='bbox 230 4029 316 4096; x_wconf 88' lang='lat' dir='ltr'>clita</span> <span class='ocrx_word' id='word_1_235' title='bbox 330 4029 532 4114; x_wconf 88' lang='lat' dir='ltr'>supradicta</span> <span class='ocrx_word' id='word_1_236' title='bbox 546 4030 669 4096; x_wconf 89' lang='lat' dir='ltr'>nostra</span> <span class='ocrx_word' id='word_1_237' title='bbox 684 4028 871 4097; x_wconf 89' lang='lat' dir='ltr'>donatione</span> <span class='ocrx_word' id='word_1_238' title='bbox 885 4029 931 4096; x_wconf 91' lang='lat' dir='ltr'>da</span> <span class='ocrx_word' id='word_1_239' title='bbox 946 4031 1059 4096; x_wconf 93' lang='lat' dir='ltr'>omnis</span> <span class='ocrx_word' id='word_1_240' title='bbox 1082 4030 1241 4098; x_wconf 90' lang='lat' dir='ltr'>homiues</span> <span class='ocrx_word' id='word_1_241' title='bbox 1264 4031 1425 4116; x_wconf 89' lang='lat' dir='ltr'>omnique</span> <span class='ocrx_word' id='word_1_242' title='bbox 1448 4032 1616 4116; x_wconf 89' lang='lat' dir='ltr'>partibus.</span> <span class='ocrx_word' id='word_1_243' title='bbox 1636 4035 1671 4098; x_wconf 88' lang='lat' dir='ltr'>et</span> <span class='ocrx_word' id='word_1_244' title='bbox 1694 4033 1723 4100; x_wconf 90' lang='lat' dir='ltr'>si</span> <span class='ocrx_word' id='word_1_245' title='bbox 1747 4032 1865 4100; x_wconf 90' lang='lat' dir='ltr'>taliter</span> <span class='ocrx_word' id='word_1_246' title='bbox 1889 4034 1968 4100; x_wconf 90' lang='lat' dir='ltr'>illut</span> <span class='ocrx_word' id='word_1_247' title='bbox 1990 4036 2086 4102; x_wconf 83' lang='lat' dir='ltr'>vobis</span> 
     </span>
     <span class='ocr_line' id='line_1_21' title="bbox 227 4163 2088 4270; baseline 0.003 -21"><span class='ocrx_word' id='word_1_248' title='bbox 227 4163 622 4268; x_wconf 56' lang='lat' dir='ltr'>vestrisque‘hercdibus</span> <span class='ocrx_word' id='word_1_249' title='bbox 637 4182 818 4252; x_wconf 89' lang='lat' dir='ltr'>defensare</span> <span class='ocrx_word' id='word_1_250' title='bbox 833 4201 902 4251; x_wconf 93' lang='lat' dir='ltr'>non</span> <span class='ocrx_word' id='word_1_251' title='bbox 918 4183 1144 4269; x_wconf 90' lang='lat' dir='ltr'>potuerimus,</span> <span class='ocrx_word' id='word_1_252' title='bbox 1159 4185 1254 4264; x_wconf 91' lang='lat' dir='ltr'>tunc,</span> <span class='ocrx_word' id='word_1_253' title='bbox 1269 4185 1359 4252; x_wconf 90' lang='lat' dir='ltr'>sicut</span> <span class='ocrx_word' id='word_1_254' title='bbox 1382 4185 1419 4251; x_wconf 95' lang='lat' dir='ltr'>in</span> <span class='ocrx_word' id='word_1_255' title='bbox 1442 4187 1498 4253; x_wconf 84' lang='lat' dir='ltr'>lex</span> <span class='ocrx_word' id='word_1_256' title='bbox 1522 4186 1815 4270; x_wconf 87' lang='lat' dir='ltr'>langobardorum</span> <span class='ocrx_word' id='word_1_257' title='bbox 1838 4187 1879 4256; x_wconf 90' lang='lat' dir='ltr'>de</span> <span class='ocrx_word' id='word_1_258' title='bbox 1902 4187 2030 4254; x_wconf 91' lang='lat' dir='ltr'>donum</span> <span class='ocrx_word' id='word_1_259' title='bbox 2053 4191 2088 4256; x_wconf 90' lang='lat' dir='ltr'>et</span> 
     </span>
     <span class='ocr_line' id='line_1_22' title="bbox 226 4335 2088 4426; baseline 0.003 -25"><span class='ocrx_word' id='word_1_260' title='bbox 226 4335 400 4419; x_wconf 85' lang='lat' dir='ltr'>launegilt</span> <span class='ocrx_word' id='word_1_261' title='bbox 416 4335 582 4414; x_wconf 90' lang='lat' dir='ltr'>continet,</span> <span class='ocrx_word' id='word_1_262' title='bbox 607 4335 656 4402; x_wconf 90' lang='lat' dir='ltr'>ita</span> <span class='ocrx_word' id='word_1_263' title='bbox 670 4355 734 4404; x_wconf 92' lang='lat' dir='ltr'>nos</span> <span class='ocrx_word' id='word_1_264' title='bbox 751 4338 786 4404; x_wconf 91' lang='lat' dir='ltr'>et</span> <span class='ocrx_word' id='word_1_265' title='bbox 801 4336 929 4403; x_wconf 88' lang='lat' dir='ltr'>nostris</span> <span class='ocrx_word' id='word_1_266' title='bbox 951 4335 1137 4404; x_wconf 90' lang='lat' dir='ltr'>heredibus</span> <span class='ocrx_word' id='word_1_267' title='bbox 1153 4337 1250 4404; x_wconf 87' lang='lat' dir='ltr'>vobis</span> <span class='ocrx_word' id='word_1_268' title='bbox 1266 4336 1457 4422; x_wconf 80' lang='lat' dir='ltr'>vestrisque</span> <span class='ocrx_word' id='word_1_269' title='bbox 1480 4336 1663 4426; x_wconf 87' lang='lat' dir='ltr'>heredibus</span> <span class='ocrx_word' id='word_1_270' title='bbox 1680 4336 1929 4423; x_wconf 87' lang='lat' dir='ltr'>adimpleamus</span> <span class='ocrx_word' id='word_1_271' title='bbox 1952 4341 1986 4408; x_wconf 91' lang='lat' dir='ltr'>et</span> <span class='ocrx_word' id='word_1_272' title='bbox 2008 4357 2088 4424; x_wconf 91' lang='lat' dir='ltr'>per-</span> 
     </span>
     <span class='ocr_line' id='line_1_23' title="bbox 222 4489 2087 4575; baseline -0.001 -18"><span class='ocrx_word' id='word_1_273' title='bbox 222 4490 397 4557; x_wconf 83' lang='lat' dir='ltr'>solbamus</span> <span class='ocrx_word' id='word_1_274' title='bbox 412 4489 512 4556; x_wconf 89' lang='lat' dir='ltr'>vobis</span> <span class='ocrx_word' id='word_1_275' title='bbox 526 4489 708 4556; x_wconf 88' lang='lat' dir='ltr'>iustitiam.</span> <span class='ocrx_word' id='word_1_276' title='bbox 727 4491 762 4557; x_wconf 87' lang='lat' dir='ltr'>et</span> <span class='ocrx_word' id='word_1_277' title='bbox 776 4489 806 4555; x_wconf 92' lang='lat' dir='ltr'>si</span> <span class='ocrx_word' id='word_1_278' title='bbox 834 4489 953 4556; x_wconf 89' lang='lat' dir='ltr'>taliter</span> <span class='ocrx_word' id='word_1_279' title='bbox 980 4490 1044 4556; x_wconf 88' lang='lat' dir='ltr'>etc.</span> <span class='ocrx_word' id='word_1_280' title='bbox 1069 4489 1132 4561; x_wconf 82' lang='lat' dir='ltr'>Qac‘</span> <span class='ocrx_word' id='word_1_281' title='bbox 1158 4491 1274 4574; x_wconf 80' lang='lat' dir='ltr'>nequit</span> <span class='ocrx_word' id='word_1_282' title='bbox 1301 4491 1396 4558; x_wconf 81' lang='lat' dir='ltr'>sture</span> <span class='ocrx_word' id='word_1_283' title='bbox 1417 4491 1609 4571; x_wconf 68' lang='lat' dir='ltr'>mulcebres,</span> <span class='ocrx_word' id='word_1_284' title='bbox 1627 4491 1761 4556; x_wconf 81' lang='lat' dir='ltr'>tenetur</span> <span class='ocrx_word' id='word_1_285' title='bbox 1787 4490 1913 4556; x_wconf 83' lang='lat' dir='ltr'>solorre</span> <span class='ocrx_word' id='word_1_286' title='bbox 1939 4491 2087 4575; x_wconf 76' lang='lat' dir='ltr'>triptota</span> 
     </span>
     <span class='ocr_line' id='line_1_24' title="bbox 222 4641 2084 4728; baseline 0.001 -19"><span class='ocrx_word' id='word_1_287' title='bbox 222 4643 307 4709; x_wconf 85' lang='lat' dir='ltr'>curt</span> <span class='ocrx_word' id='word_1_288' title='bbox 331 4641 455 4708; x_wconf 77' lang='lat' dir='ltr'>solidos</span> <span class='ocrx_word' id='word_1_289' title='bbox 477 4643 778 4711; x_wconf 79' lang='lat' dir='ltr'>constantinianus.</span> <span class='ocrx_word' id='word_1_290' title='bbox 797 4659 877 4708; x_wconf 87' lang='lat' dir='ltr'>nam</span> <span class='ocrx_word' id='word_1_291' title='bbox 900 4642 1038 4726; x_wconf 90' lang='lat' dir='ltr'>quando</span> <span class='ocrx_word' id='word_1_292' title='bbox 1061 4659 1125 4710; x_wconf 94' lang='lat' dir='ltr'>nos</span> <span class='ocrx_word' id='word_1_293' title='bbox 1141 4642 1223 4710; x_wconf 89' lang='lat' dir='ltr'>inde</span> <span class='ocrx_word' id='word_1_294' title='bbox 1246 4643 1440 4728; x_wconf 88' lang='lat' dir='ltr'>quesieritis</span> <span class='ocrx_word' id='word_1_295' title='bbox 1467 4645 1596 4712; x_wconf 87' lang='lat' dir='ltr'>habere</span> <span class='ocrx_word' id='word_1_296' title='bbox 1622 4645 1777 4712; x_wconf 89' lang='lat' dir='ltr'>autorem</span> <span class='ocrx_word' id='word_1_297' title='bbox 1803 4645 1837 4711; x_wconf 91' lang='lat' dir='ltr'>et</span> <span class='ocrx_word' id='word_1_298' title='bbox 1859 4643 2084 4723; x_wconf 84' lang='lat' dir='ltr'>defensorem,</span> 
     </span>
     <span class='ocr_line' id='line_1_25' title="bbox 222 4794 2085 4880; baseline 0.001 -19"><span class='ocrx_word' id='word_1_299' title='bbox 222 4813 287 4862; x_wconf 92' lang='lat' dir='ltr'>nos</span> <span class='ocrx_word' id='word_1_300' title='bbox 304 4797 419 4862; x_wconf 90' lang='lat' dir='ltr'>autem</span> <span class='ocrx_word' id='word_1_301' title='bbox 443 4797 477 4863; x_wconf 92' lang='lat' dir='ltr'>et</span> <span class='ocrx_word' id='word_1_302' title='bbox 498 4795 628 4863; x_wconf 89' lang='lat' dir='ltr'>nostris</span> <span class='ocrx_word' id='word_1_303' title='bbox 643 4794 828 4863; x_wconf 88' lang='lat' dir='ltr'>heredibus</span> <span class='ocrx_word' id='word_1_304' title='bbox 840 4794 917 4862; x_wconf 94' lang='lat' dir='ltr'>illut</span> <span class='ocrx_word' id='word_1_305' title='bbox 933 4795 1028 4862; x_wconf 91' lang='lat' dir='ltr'>vobis</span> <span class='ocrx_word' id='word_1_306' title='bbox 1044 4796 1237 4880; x_wconf 88' lang='lat' dir='ltr'>vestrisque</span> <span class='ocrx_word' id='word_1_307' title='bbox 1253 4794 1438 4865; x_wconf 88' lang='lat' dir='ltr'>heredibus</span> <span class='ocrx_word' id='word_1_308' title='bbox 1453 4795 1669 4864; x_wconf 87' lang='lat' dir='ltr'>defensemus</span> <span class='ocrx_word' id='word_1_309' title='bbox 1683 4801 1717 4864; x_wconf 88' lang='lat' dir='ltr'>et</span> <span class='ocrx_word' id='word_1_310' title='bbox 1732 4797 1849 4864; x_wconf 89' lang='lat' dir='ltr'>omnia</span> <span class='ocrx_word' id='word_1_311' title='bbox 1864 4795 1960 4864; x_wconf 88' lang='lat' dir='ltr'>vobis</span> <span class='ocrx_word' id='word_1_312' title='bbox 1979 4794 2085 4863; x_wconf 90' lang='lat' dir='ltr'>adim-</span> 
     </span>
     <span class='ocr_line' id='line_1_26' title="bbox 222 4947 2089 5044; baseline -0.001 -28"><span class='ocrx_word' id='word_1_313' title='bbox 222 4950 379 5033; x_wconf 88' lang='lat' dir='ltr'>pleamus</span> <span class='ocrx_word' id='word_1_314' title='bbox 405 4949 553 5034; x_wconf 90' lang='lat' dir='ltr'>perillo</span> <span class='ocrx_word' id='word_1_315' title='bbox 577 4948 723 5016; x_wconf 88' lang='lat' dir='ltr'>hordine</span> <span class='ocrx_word' id='word_1_316' title='bbox 745 4951 779 5016; x_wconf 88' lang='lat' dir='ltr'>et</span> <span class='ocrx_word' id='word_1_317' title='bbox 801 4949 959 5025; x_wconf 88' lang='lat' dir='ltr'>ratione,</span> <span class='ocrx_word' id='word_1_318' title='bbox 986 4949 1076 5015; x_wconf 88' lang='lat' dir='ltr'>sicut</span> <span class='ocrx_word' id='word_1_319' title='bbox 1098 4947 1258 5033; x_wconf 86' lang='lat' dir='ltr'>superius</span> <span class='ocrx_word' id='word_1_320' title='bbox 1281 4951 1423 5036; x_wconf 89' lang='lat' dir='ltr'>legitur.</span> <span class='ocrx_word' id='word_1_321' title='bbox 1451 4953 1486 5044; x_wconf 87' lang='lat' dir='ltr'>et</span> <span class='ocrx_word' id='word_1_322' title='bbox 1508 4952 1625 5018; x_wconf 89' lang='lat' dir='ltr'>taliter</span> <span class='ocrx_word' id='word_1_323' title='bbox 1648 4950 1800 5021; x_wconf 88' lang='lat' dir='ltr'>scribere</span> <span class='ocrx_word' id='word_1_324' title='bbox 1823 4950 2026 5036; x_wconf 88' lang='lat' dir='ltr'>rogavimus</span> <span class='ocrx_word' id='word_1_325' title='bbox 2056 4951 2089 5015; x_wconf 82' lang='lat' dir='ltr'>tc</span> 
     </span>
     <span class='ocr_line' id='line_1_27' title="bbox 221 5099 1275 5186; baseline 0.003 -21"><span class='ocrx_word' id='word_1_326' title='bbox 221 5099 406 5185; x_wconf 54' lang='lat' dir='ltr'>iaquintus„</span> <span class='ocrx_word' id='word_1_327' title='bbox 416 5101 584 5168; x_wconf 87' lang='lat' dir='ltr'>notarius.</span> <span class='ocrx_word' id='word_1_328' title='bbox 605 5103 718 5167; x_wconf 89' lang='lat' dir='ltr'>actum</span> <span class='ocrx_word' id='word_1_329' title='bbox 736 5101 773 5167; x_wconf 93' lang='lat' dir='ltr'>in</span> <span class='ocrx_word' id='word_1_330' title='bbox 789 5116 890 5168; x_wconf 92' lang='lat' dir='ltr'>sacro</span> <span class='ocrx_word' id='word_1_331' title='bbox 905 5101 1120 5167; x_wconf 88' lang='lat' dir='ltr'>salernitano</span> <span class='ocrx_word' id='word_1_332' title='bbox 1135 5101 1275 5186; x_wconf 88' lang='lat' dir='ltr'>palatio.</span> 
     </span>
    </p>

    <p class='ocr_par' dir='ltr' id='par_1_9' title="bbox 283 5225 917 5340">
     <span class='ocr_line' id='line_1_28' title="bbox 283 5225 917 5340; baseline 0 -19"><span class='ocrx_word' id='word_1_333' title='bbox 283 5225 313 5337; x_wconf 91' lang='lat'>†</span> <span class='ocrx_word' id='word_1_334' title='bbox 335 5271 402 5337; x_wconf 91' lang='lat' dir='ltr'>ego</span> <span class='ocrx_word' id='word_1_335' title='bbox 419 5253 477 5339; x_wconf 90' lang='lat' dir='ltr'>qui</span> <span class='ocrx_word' id='word_1_336' title='bbox 501 5273 607 5340; x_wconf 90' lang='lat' dir='ltr'>supra</span> <span class='ocrx_word' id='word_1_337' title='bbox 629 5254 780 5322; x_wconf 87' lang='lat' dir='ltr'>arechisi</span> <span class='ocrx_word' id='word_1_338' title='bbox 804 5270 917 5321; x_wconf 88' lang='lat' dir='ltr'>comes</span> 
     </span>
    </p>

    <p class='ocr_par' dir='ltr' id='par_1_10' title="bbox 283 5376 617 5491">
     <span class='ocr_line' id='line_1_29' title="bbox 283 5376 617 5491; baseline -0.003 -18"><span class='ocrx_word' id='word_1_339' title='bbox 283 5376 313 5490; x_wconf 87' lang='lat'><em>†</em></span> <span class='ocrx_word' id='word_1_340' title='bbox 335 5423 401 5491; x_wconf 88' lang='lat' dir='ltr'>ego</span> <span class='ocrx_word' id='word_1_341' title='bbox 424 5406 617 5491; x_wconf 88' lang='lat' dir='ltr'>rodelghisi</span> 
     </span>
    </p>
   </div>
   <div class='ocr_carea' id='block_1_9' title="bbox 284 5528 616 5646">
    <p class='ocr_par' dir='ltr' id='par_1_11' title="bbox 284 5528 616 5646">
     <span class='ocr_line' id='line_1_30' title="bbox 284 5528 616 5646; baseline -0.006 -19"><span class='ocrx_word' id='word_1_342' title='bbox 284 5528 314 5641; x_wconf 87' lang='lat'>†</span> <span class='ocrx_word' id='word_1_343' title='bbox 335 5577 402 5646; x_wconf 90' lang='lat' dir='ltr'>ego</span> <span class='ocrx_word' id='word_1_344' title='bbox 425 5559 616 5629; x_wconf 85' lang='lat' dir='ltr'>adenolfus.</span> 
     </span>
    </p>
   </div>
   <div class='ocr_carea' id='block_1_10' title="bbox 0 0 2612 7092">
    <p class='ocr_par' dir='ltr' id='par_1_12' title="bbox 0 0 2612 7092">
     <span class='ocr_line' id='line_1_31' title="bbox 0 0 2612 7092; baseline 0 2"><span class='ocrx_word' id='word_1_345' title='bbox 0 0 2612 7092; x_wconf 95' lang='lat' dir='ltr'> </span> 
     </span>
    </p>
   </div>
  </div>
 </body>
</html>
