5216 7092
1009 603 1380 678 lllPLOMATlCUS
1963 624 2025 687 215

216 853 370 920 berimus
384 853 427 917 ab
443 849 601 916 omnibus
616 847 789 917 ominibus
804 851 848 916 ab
872 851 1096 934 omnibusque
1118 850 1276 934 partibus
1298 853 1331 919 et
1353 850 1397 918 da
1419 850 1492 937 ipsa
1514 870 1624 919 uxore
1646 870 1723 920 mea
1745 855 1780 920 et
1802 852 1860 939 qui
1883 870 1947 937 pro
1974 852 2073 937 p'arte

212 1007 290 1076 eius
304 1005 430 1074 exinde
445 1003 654 1083 causaberit
672 1021 742 1069 non
758 1003 1053 1072 defensaberimus
1068 1003 1253 1071 secundum
1269 1004 1588 1088 langnobardorum
1600 1000 1730 1090 legem,
1750 1007 1826 1073 ideo
1849 1008 1932 1074 ante
1954 1008 2073 1074 omnia

214 1157 349 1244 questio
365 1159 399 1224 et
415 1155 569 1224 causatio
585 1156 707 1222 nostra
722 1172 832 1222 vacua
847 1157 881 1222 ot
900 1156 1006 1222 tacita
1028 1154 1109 1233 sint,
1128 1159 1163 1222 et
1185 1155 1441 1240 quinquaginta
1463 1155 1563 1223 solidi
1587 1157 1684 1224 aurei
1708 1159 1980 1227 constantiniani
2004 1178 2072 1244 ego

213 1309 253 1376 et
267 1325 361 1376 meos
378 1306 498 1375 eredes
513 1306 575 1373 tibi
590 1308 625 1373 et
640 1305 684 1373 ad
702 1307 770 1374 tuis
784 1306 942 1376 eredibus
957 1324 1152 1391 conponere
1168 1308 1363 1392 obligamus
1379 1311 1414 1374 et
1430 1307 1467 1374 in
1483 1309 1585 1376 antea
1600 1325 1664 1392 per
1676 1307 1794 1375 inbitis
1807 1326 1943 1393 semper
1955 1309 2073 1378 tacitis

214 1461 252 1526 et
267 1460 438 1527 contentis
452 1475 720 1544 permaneamus
734 1476 798 1542 per
824 1456 1025 1542 supradicta
1051 1459 1203 1544 obligata
1231 1477 1333 1543 pena,
1354 1460 1389 1526 et
1414 1457 1627 1528 defendimus
1656 1459 1753 1526 illum
1781 1459 1846 1526 tibi
1873 1460 1976 1527 etad
2002 1461 2071 1529 tuis

210 1610 377 1680 eredibus
391 1629 457 1696 ego
471 1615 506 1680 et
521 1628 616 1678 meos
631 1609 751 1680 eredes
767 1629 825 1679 seo
840 1613 875 1678 et
901 1611 945 1677 ad
973 1611 1044 1680 illis
1070 1611 1252 1690 ominibus,
1272 1611 1326 1677 cui
1355 1629 1419 1697 per
1445 1628 1506 1679 vos
1531 1610 1652 1678 datum
1680 1612 1734 1678 vel
1752 1611 1950 1678 'alienatum
1978 1613 2070 1679 esset

212 1765 387 1850 paruerit,
406 1767 442 1832 et
456 1764 501 1831 ad
518 1763 655 1832 illorum
673 1763 834 1832 enodibus
847 1769 891 1832 ab
907 1767 1067 1833 omnibus
1084 1766 1255 1833 ominibus
1269 1768 1312 1833 ab
1326 1766 1552 1852 omnibusque
1568 1767 1724 1850 partibus
1739 1767 1774 1833 et
1796 1763 1841 1830 da
1863 1765 1940 1849 ipsa
1963 1781 2072 1832 uxore

212 1934 295 1984 mea
309 1917 345 1982 et
361 1914 420 2000 qui
435 1932 501 1999 pro
517 1918 616 2000 parts
633 1918 708 1983 eius
723 1916 850 1984 exinde
866 1919 1060 1985 causaberit
1076 1936 1139 2001 per
1153 1917 1356 2002 supradicta
1372 1919 1528 2002 obligata
1544 1935 1635 2002 pena
1650 1916 1837 1984 secundum
1861 1919 2074 2002 langnobar·

210 2065 340 2133 dorum
356 2069 484 2152 legem.
503 2066 598 2146 Quod
614 2069 648 2136 te
663 2069 839 2153 iaquintus
854 2069 1083 2138 subdiaconus
1098 2072 1133 2136 et
1147 2071 1301 2138 notarius
1316 2071 1467 2140 scribere
1491 2070 1632 2155 rogabit
1657 2070 1693 2135 11
1718 2069 1878 2148 abellino,
1897 2087 2014 2138 menso
2037 2073 2073 2137 et

211 2216 405 2288 indictione
420 2219 580 2288 feliciter.

274 2340 305 2450 †
320 2387 387 2454 ego
403 2369 550 2438 adelbisi

276 2493 306 2606 †
321 2540 388 2608 ego
404 2522 585 2608 garardus.

994 3027 1295 3106 CCCLXX.

998 3271 1054 3346 A.
1089 3269 1140 3346 D.
1177 3267 1281 3346 984.

278 3529 313 3667 †
337 3587 376 3649 ln
392 3581 531 3648 nomine
545 3579 676 3646 domini
694 3581 817 3664 quarto
832 3595 924 3645 anno
940 3578 1156 3662 principatus
1170 3576 1289 3643 domni
1312 3576 1456 3662 paldolll
1479 3578 1654 3662 gloriosus
1676 3580 1851 3664 princeps,
1879 3599 1995 3650 mense
2017 3600 2078 3649 no-

218 3734 361 3803 bember
385 3731 622 3802 tertiadecima
644 3731 843 3798 indictione.
872 3728 949 3797 ldeo
971 3747 1037 3813 que
1062 3747 1128 3813 ego
1156 3729 1248 3797 risus
1274 3728 1367 3796 filius
1394 3728 1553 3809 roderisi,
1584 3730 1736 3814 qualiter
1762 3733 1845 3798 ante
1870 3709 2077 3800 nobiliorum

214 3887 496 3970 subscriptorum
513 3883 652 3951 testium
669 3882 865 3961 clarelacio,
884 3881 1023 3967 quiade
1038 3882 1103 3949 isto
1119 3899 1235 3948 mense
1250 3881 1392 3948 donabit
1407 3882 1492 3948 mihi
1509 3881 1638 3950 andrea
1654 3902 1784 3968 genero
1799 3884 1986 3955 dornoneke
2001 3887 2012 3953 1
2015 3906 2077 3971 pse

216 4056 298 4106 case
314 4055 376 4106 sue
391 4037 433 4103 de
450 4037 546 4104 intus
562 4035 704 4102 civitate
719 4034 862 4102 abellini
879 4038 914 4102 et
929 4034 1015 4118 ipsis
1029 4034 1132 4103 rebus
1148 4035 1220 4100 suis
1236 4033 1278 4101 de
1295 4035 1369 4100 loco
1388 4036 1493 4101 banao
1516 4037 1551 4103 et
1574 4053 1637 4119 per
1661 4036 1732 4103 alia
1755 4037 1920 4120 singnula
1942 4039 2018 4104 loca
2040 4039 2078 4106 in

219 4190 351 4256 linibus
367 4191 402 4258 et
418 4188 644 4274 pertiuentiis
659 4188 702 4254 de
719 4189 919 4255 comitatum
944 4186 987 4253 de
1010 4188 1161 4253 abellino
1184 4205 1262 4254 cum
1291 4187 1449 4271 integras
1475 4187 1571 4271 ipsas
1598 4186 1817 4266 moniminas,
1836 4205 1902 4272 que
1924 4187 1968 4256 de
1990 4189 2077 4274 ipsis

219 4299 325 4409 rebus
342 4342 378 4408 et
393 4341 483 4409 casis
497 4342 577 4406 sunt
592 4341 805 4425 pertinentes
821 4338 933 4424 adque
948 4339 1174 4415 continentes
1193 4337 1283 4404 sicut
1297 4354 1368 4404 una
1385 4339 1521 4405 cartula
1536 4317 1614 4404 mea
1628 4337 1795 4418 continet,
1814 4339 1904 4424 quod
1920 4346 2006 4425 aput
2020 4357 2076 4409 me

149 4511 154 4518 ·
219 4495 399 4562 firmatam
415 4497 587 4561 reteneor.
606 4492 706 4560 Modo
722 4492 858 4579 quidem
875 4510 1068 4577 congruum
1092 4491 1179 4558 mibi
1203 4493 1257 4558 est
1271 4491 1422 4576 integris
1444 4490 1530 4576 ipsis
1552 4490 1655 4559 rebus
1676 4497 1711 4561 et
1732 4493 1886 4572 caelant
1909 4495 2073 4574 diximus,

217 4666 300 4714 cum
317 4647 397 4732 ipsa
412 4649 557 4726 cartula,
576 4650 703 4714 etcum
721 4645 816 4731 ipsas
832 4645 1040 4714 moniminas
1063 4661 1128 4729 que
1150 4644 1193 4712 de
1216 4640 1300 4728 ipsis
1323 4646 1427 4711 rebus
1448 4648 1484 4726 et
1507 4643 1596 4712 casis
1619 4646 1700 4712 sunt
1726 4647 1939 4730 pertinentes
1966 4647 2078 4733 adque

217 4799 453 4876 continentes,
473 4799 569 4867 illum
587 4798 718 4867 donare
735 4799 827 4885 petri
843 4799 917 4867 filio
932 4799 1036 4884 petri.
1055 4801 1276 4898 Quapropter
1287 4817 1354 4884 ego
1368 4799 1426 4884 qui
1441 4815 1549 4883 supra
1563 4797 1665 4876 risus,
1680 4799 1770 4866 siout
1782 4799 1869 4865 mibi
1882 4816 2076 4884 congruum

216 4955 285 5027 ost,
305 4969 393 5018 vona
408 4949 533 5017 etenim
549 4967 628 5016 mea
643 4951 865 5017 volumtatem
883 4953 918 5016 et
933 4967 996 5033 per
1008 4947 1129 5016 eadem
1143 4949 1313 5016 cartulam
1330 4948 1421 5016 dono
1437 4949 1502 5015 tibi
1514 4939 1603 5034 petri
1616 4947 1658 5016 de
1670 4949 1821 5038 1111111)
1833 4951 1982 5036 integris
1992 4952 2078 5036 ipsis

219 5101 326 5168 rebus
344 5103 380 5169 et
394 5100 497 5178 casis,
515 5104 555 5166 ut
570 5099 734 5178 diximus,
753 5117 830 5167 cum
847 5099 925 5184 ipsa
942 5101 1089 5178 cartula,
1103 5104 1231 5166 etcum
1247 5099 1341 5183 ipsas
1356 5099 1567 5168 moniminas
1582 5118 1647 5184 que
1662 5100 1706 5168 de
1722 5101 1806 5186 ipsis
1821 5102 1925 5169 rebus
1940 5105 1975 5168 et
1988 5103 2076 5170 casis

216 5257 304 5320 sunt
319 5253 534 5338 pertinentes
550 5253 662 5338 adque
679 5253 908 5340 continentem
933 5255 968 5322 et
990 5252 1077 5338 ipsis
1100 5254 1216 5332 rebus
1234 5256 1271 5320 ut
1292 5252 1458 5332 diximus
1476 5271 1516 5320 eo
1539 5256 1632 5321 sunt:
1658 5255 1778 5333 curtis,
1796 5254 1930 5333 ortalis,
1948 5256 2071 5334 vineis,

217 5412 257 5476 et
271 5407 430 5486 vinealis,
445 5407 646 5486 castanieta,
660 5407 851 5492 querciola,
869 5409 1017 5486 cerreta,
1031 5409 1170 5488 escleta,
1186 5409 1307 5486 monti,
1323 5409 1440 5492 plano,
1459 5409 1586 5475 cultum
1603 5405 1714 5492 adque
1728 5407 1908 5486 incultum,
1923 5407 2078 5476 ubicum-

220 5522 291 5646 que
306 5561 349 5629 de
366 5563 469 5630 rebus
483 5565 517 5630 et
532 5561 634 5638 casis,
653 5579 718 5645 que
734 5560 819 5627 mihi
838 5561 1003 5646 pertinet,
1022 5559 1261 5644 asupradicto
1276 5558 1407 5628 andrea
1422 5559 1582 5628 iubentus
1597 5556 1714 5638 fuerit,
1734 5560 1843 5626 totum
1859 5559 1971 5645 adque
1988 5560 2076 5628 inte·

569 5760 665 5767 ...-

278 5903 302 5977 Ι)
317 5906 425 5976 Scribo,
440 5921 535 5978 pagus
549 5904 578 5959 in
592 5903 758 5978 Principatu
772 5901 916 5962 Ulteriori.
