<?xml version="1.0" encoding="UTF-8"?>
<!DOCTYPE html PUBLIC "-//W3C//DTD XHTML 1.0 Transitional//EN"
    "http://www.w3.org/TR/xhtml1/DTD/xhtml1-transitional.dtd">
<html xmlns="http://www.w3.org/1999/xhtml" xml:lang="en" lang="en">
 <head>
  <title>
</title>
<meta http-equiv="Content-Type" content="text/html;charset=utf-8" />
  <meta name='ocr-system' content='tesseract 3.04.00' />
  <meta name='ocr-capabilities' content='ocr_page ocr_carea ocr_par ocr_line ocrx_word'/>
</head>
<body>
  <div class='ocr_page' id='page_1' title='image "./codexdiplomatic07aragoog_0282.png"; bbox 0 0 5216 7092; ppageno 0'>
   <div class='ocr_carea' id='block_1_1' title="bbox 938 563 1999 642">
    <p class='ocr_par' dir='ltr' id='par_1_1' title="bbox 938 563 1999 642">
     <span class='ocr_line' id='line_1_1' title="bbox 938 563 1999 642; baseline 0.009 -10"><span class='ocrx_word' id='word_1_1' title='bbox 938 563 1312 638; x_wconf 77' lang='lat' dir='ltr'>DIPLOMATICUS</span> <span class='ocrx_word' id='word_1_2' title='bbox 1414 583 1417 589; x_wconf 81' lang='grc'>’</span> <span class='ocrx_word' id='word_1_3' title='bbox 1937 583 1999 642; x_wconf 76' lang='lat'>213</span> 
     </span>
    </p>
   </div>
   <div class='ocr_carea' id='block_1_2' title="bbox 134 806 2159 4404">
    <p class='ocr_par' dir='ltr' id='par_1_2' title="bbox 134 806 2159 4404">
     <span class='ocr_line' id='line_1_2' title="bbox 191 806 2047 906; baseline -0.002 -20"><span class='ocrx_word' id='word_1_4' title='bbox 191 822 269 903; x_wconf 91' lang='lat' dir='ltr'>ipse</span> <span class='ocrx_word' id='word_1_5' title='bbox 292 814 510 900; x_wconf 89' lang='lat' dir='ltr'>supradictus</span> <span class='ocrx_word' id='word_1_6' title='bbox 533 811 679 880; x_wconf 93' lang='lat' dir='ltr'>domnus</span> <span class='ocrx_word' id='word_1_7' title='bbox 703 808 850 895; x_wconf 82' lang='lat' dir='ltr'>gisolfus</span> <span class='ocrx_word' id='word_1_8' title='bbox 871 809 1063 878; x_wconf 85' lang='lat' dir='ltr'>donaberat</span> <span class='ocrx_word' id='word_1_9' title='bbox 1086 806 1452 906; x_wconf 85' lang='lat' dir='ltr'>ipsorumguaimarii</span> <span class='ocrx_word' id='word_1_10' title='bbox 1474 811 1510 878; x_wconf 88' lang='lat' dir='ltr'>et</span> <span class='ocrx_word' id='word_1_11' title='bbox 1539 807 1701 895; x_wconf 79' lang='lat' dir='ltr'>guaiferii</span> <span class='ocrx_word' id='word_1_12' title='bbox 1736 810 1780 878; x_wconf 91' lang='lat' dir='ltr'>de</span> <span class='ocrx_word' id='word_1_13' title='bbox 1812 811 1936 891; x_wconf 88' lang='lat' dir='ltr'>rebus,</span> <span class='ocrx_word' id='word_1_14' title='bbox 1962 832 2047 900; x_wconf 88' lang='lat' dir='ltr'>quas</span> 
     </span>
     <span class='ocr_line' id='line_1_3' title="bbox 188 955 2092 1051; baseline -0.001 -15"><span class='ocrx_word' id='word_1_15' title='bbox 188 969 340 1040; x_wconf 90' lang='lat' dir='ltr'>abuerat</span> <span class='ocrx_word' id='word_1_16' title='bbox 354 967 445 1034; x_wconf 90' lang='lat' dir='ltr'>ulter</span> <span class='ocrx_word' id='word_1_17' title='bbox 461 965 537 1049; x_wconf 92' lang='lat' dir='ltr'>ipso</span> <span class='ocrx_word' id='word_1_18' title='bbox 552 963 658 1046; x_wconf 84' lang='lat' dir='ltr'>dubio</span> <span class='ocrx_word' id='word_1_19' title='bbox 671 961 831 1030; x_wconf 88' lang='lat' dir='ltr'>tusciano</span> <span class='ocrx_word' id='word_1_20' title='bbox 846 979 908 1046; x_wconf 91' lang='lat' dir='ltr'>per</span> <span class='ocrx_word' id='word_1_21' title='bbox 924 978 963 1028; x_wconf 89' lang='lat' dir='ltr'>ec</span> <span class='ocrx_word' id='word_1_22' title='bbox 977 959 1077 1027; x_wconf 87' lang='lat' dir='ltr'>finis:</span> <span class='ocrx_word' id='word_1_23' title='bbox 1095 959 1138 1025; x_wconf 91' lang='lat' dir='ltr'>ab</span> <span class='ocrx_word' id='word_1_24' title='bbox 1153 959 1287 1028; x_wconf 89' lang='lat' dir='ltr'>oriente</span> <span class='ocrx_word' id='word_1_25' title='bbox 1301 961 1381 1037; x_wconf 85' lang='lat' dir='ltr'>fine,</span> <span class='ocrx_word' id='word_1_26' title='bbox 1401 962 1491 1030; x_wconf 88' lang='lat' dir='ltr'>sicut</span> <span class='ocrx_word' id='word_1_27' title='bbox 1512 961 1665 1030; x_wconf 82' lang='lat' dir='ltr'>decurrit</span> <span class='ocrx_word' id='word_1_28' title='bbox 1688 962 1765 1048; x_wconf 88' lang='lat' dir='ltr'>ipsa</span> <span class='ocrx_word' id='word_1_29' title='bbox 1787 955 1880 1050; x_wconf 86' lang='lat' dir='ltr'>aqua</span> <span class='ocrx_word' id='word_1_30' title='bbox 1902 963 1946 1033; x_wconf 92' lang='lat' dir='ltr'>de</span> <span class='ocrx_word' id='word_1_31' title='bbox 1968 965 2048 1051; x_wconf 86' lang='lat' dir='ltr'>ipsa</span> <span class='ocrx_word' id='word_1_32' title='bbox 2083 960 2092 976; x_wconf 87' lang='lat'><strong><em>‘</em></strong></span> 
     </span>
     <span class='ocr_line' id='line_1_4' title="bbox 188 1111 2047 1216; baseline -0.001 -28"><span class='ocrx_word' id='word_1_33' title='bbox 188 1119 394 1216; x_wconf 84' lang='lat' dir='ltr'>peduclosa:</span> <span class='ocrx_word' id='word_1_34' title='bbox 414 1116 457 1184; x_wconf 88' lang='lat' dir='ltr'>ab</span> <span class='ocrx_word' id='word_1_35' title='bbox 474 1114 613 1182; x_wconf 88' lang='lat' dir='ltr'>occiduo</span> <span class='ocrx_word' id='word_1_36' title='bbox 629 1131 761 1200; x_wconf 86' lang='lat' dir='ltr'>quoque</span> <span class='ocrx_word' id='word_1_37' title='bbox 776 1113 846 1181; x_wconf 86' lang='lat' dir='ltr'>fine</span> <span class='ocrx_word' id='word_1_38' title='bbox 861 1113 940 1196; x_wconf 89' lang='lat' dir='ltr'>ipsa</span> <span class='ocrx_word' id='word_1_39' title='bbox 955 1113 1023 1191; x_wconf 88' lang='lat' dir='ltr'>bia,</span> <span class='ocrx_word' id='word_1_40' title='bbox 1041 1113 1101 1197; x_wconf 92' lang='lat' dir='ltr'>qui</span> <span class='ocrx_word' id='word_1_41' title='bbox 1117 1111 1293 1181; x_wconf 88' lang='lat' dir='ltr'>descendit</span> <span class='ocrx_word' id='word_1_42' title='bbox 1316 1112 1360 1180; x_wconf 91' lang='lat' dir='ltr'>ad</span> <span class='ocrx_word' id='word_1_43' title='bbox 1385 1131 1499 1182; x_wconf 89' lang='lat' dir='ltr'>mare:</span> <span class='ocrx_word' id='word_1_44' title='bbox 1517 1132 1537 1180; x_wconf 89' lang='lat' dir='ltr'>a</span> <span class='ocrx_word' id='word_1_45' title='bbox 1558 1114 1849 1199; x_wconf 90' lang='lat' dir='ltr'>septemtrionalis</span> <span class='ocrx_word' id='word_1_46' title='bbox 1873 1116 1943 1184; x_wconf 88' lang='lat' dir='ltr'>fine</span> <span class='ocrx_word' id='word_1_47' title='bbox 1966 1117 2047 1202; x_wconf 88' lang='lat' dir='ltr'>ipsa</span> 
     </span>
     <span class='ocr_line' id='line_1_5' title="bbox 190 1265 2048 1359; baseline -0.002 -19"><span class='ocrx_word' id='word_1_48' title='bbox 190 1273 259 1352; x_wconf 90' lang='lat' dir='ltr'>bia,</span> <span class='ocrx_word' id='word_1_49' title='bbox 273 1273 331 1359; x_wconf 90' lang='lat' dir='ltr'>qui</span> <span class='ocrx_word' id='word_1_50' title='bbox 347 1271 443 1339; x_wconf 88' lang='lat' dir='ltr'>uenit</span> <span class='ocrx_word' id='word_1_51' title='bbox 456 1270 501 1338; x_wconf 91' lang='lat' dir='ltr'>da</span> <span class='ocrx_word' id='word_1_52' title='bbox 515 1269 592 1356; x_wconf 92' lang='lat' dir='ltr'>ipso</span> <span class='ocrx_word' id='word_1_53' title='bbox 605 1270 711 1354; x_wconf 88' lang='lat' dir='ltr'>ponte</span> <span class='ocrx_word' id='word_1_54' title='bbox 726 1266 872 1352; x_wconf 84' lang='lat' dir='ltr'>predicti</span> <span class='ocrx_word' id='word_1_55' title='bbox 887 1265 1052 1345; x_wconf 86' lang='lat' dir='ltr'>fluminis,</span> <span class='ocrx_word' id='word_1_56' title='bbox 1068 1265 1127 1333; x_wconf 90' lang='lat' dir='ltr'>ubi</span> <span class='ocrx_word' id='word_1_57' title='bbox 1145 1266 1220 1351; x_wconf 89' lang='lat' dir='ltr'>ipse</span> <span class='ocrx_word' id='word_1_58' title='bbox 1234 1267 1335 1333; x_wconf 89' lang='lat' dir='ltr'>strati</span> <span class='ocrx_word' id='word_1_59' title='bbox 1351 1266 1541 1336; x_wconf 76' lang='lat' dir='ltr'>residentes</span> <span class='ocrx_word' id='word_1_60' title='bbox 1554 1266 1630 1340; x_wconf 86' lang='lat' dir='ltr'>fuit,</span> <span class='ocrx_word' id='word_1_61' title='bbox 1643 1271 1678 1335; x_wconf 90' lang='lat' dir='ltr'>et</span> <span class='ocrx_word' id='word_1_62' title='bbox 1692 1267 1861 1353; x_wconf 91' lang='lat' dir='ltr'>quomodo</span> <span class='ocrx_word' id='word_1_63' title='bbox 1872 1270 2048 1338; x_wconf 87' lang='lat' dir='ltr'>trabersat</span> 
     </span>
     <span class='ocr_line' id='line_1_6' title="bbox 189 1419 2048 1512; baseline -0.001 -19"><span class='ocrx_word' id='word_1_64' title='bbox 189 1426 270 1512; x_wconf 90' lang='lat' dir='ltr'>ipsa</span> <span class='ocrx_word' id='word_1_65' title='bbox 284 1423 484 1510; x_wconf 88' lang='lat' dir='ltr'>pedoclosa:</span> <span class='ocrx_word' id='word_1_66' title='bbox 503 1441 530 1490; x_wconf 83' lang='lat' dir='ltr'>a·</span> <span class='ocrx_word' id='word_1_67' title='bbox 540 1420 685 1489; x_wconf 91' lang='lat' dir='ltr'>meridie</span> <span class='ocrx_word' id='word_1_68' title='bbox 699 1421 769 1488; x_wconf 86' lang='lat' dir='ltr'>dne</span> <span class='ocrx_word' id='word_1_69' title='bbox 784 1420 861 1505; x_wconf 89' lang='lat' dir='ltr'>ipsa</span> <span class='ocrx_word' id='word_1_70' title='bbox 875 1419 944 1498; x_wconf 92' lang='lat' dir='ltr'>bia,</span> <span class='ocrx_word' id='word_1_71' title='bbox 962 1419 1022 1505; x_wconf 91' lang='lat' dir='ltr'>qui</span> <span class='ocrx_word' id='word_1_72' title='bbox 1039 1419 1136 1486; x_wconf 87' lang='lat' dir='ltr'>badit</span> <span class='ocrx_word' id='word_1_73' title='bbox 1150 1419 1245 1486; x_wconf 90' lang='lat' dir='ltr'>circa</span> <span class='ocrx_word' id='word_1_74' title='bbox 1259 1437 1367 1488; x_wconf 89' lang='lat' dir='ltr'>mare.</span> <span class='ocrx_word' id='word_1_75' title='bbox 1388 1437 1451 1504; x_wconf 90' lang='lat' dir='ltr'>per</span> <span class='ocrx_word' id='word_1_76' title='bbox 1466 1420 1532 1488; x_wconf 86' lang='lat' dir='ltr'>iste</span> <span class='ocrx_word' id='word_1_77' title='bbox 1547 1419 1627 1488; x_wconf 85' lang='lat' dir='ltr'>fluis</span> <span class='ocrx_word' id='word_1_78' title='bbox 1642 1422 1802 1490; x_wconf 88' lang='lat' dir='ltr'>inclitum</span> <span class='ocrx_word' id='word_1_79' title='bbox 1826 1423 1905 1491; x_wconf 88' lang='lat' dir='ltr'>illut</span> <span class='ocrx_word' id='word_1_80' title='bbox 1927 1440 2048 1491; x_wconf 91' lang='lat' dir='ltr'>eorum</span> 
     </span>
     <span class='ocr_line' id='line_1_7' title="bbox 188 1571 2049 1674; baseline 0 -30"><span class='ocrx_word' id='word_1_81' title='bbox 188 1577 381 1646; x_wconf 90' lang='lat' dir='ltr'>donaberat</span> <span class='ocrx_word' id='word_1_82' title='bbox 396 1595 474 1643; x_wconf 89' lang='lat' dir='ltr'>cum</span> <span class='ocrx_word' id='word_1_83' title='bbox 490 1575 609 1642; x_wconf 91' lang='lat' dir='ltr'>omnia</span> <span class='ocrx_word' id='word_1_84' title='bbox 623 1575 716 1642; x_wconf 91' lang='lat' dir='ltr'>intro</span> <span class='ocrx_word' id='word_1_85' title='bbox 731 1592 768 1641; x_wconf 93' lang='lat' dir='ltr'>se</span> <span class='ocrx_word' id='word_1_86' title='bbox 781 1571 961 1664; x_wconf 88' lang='lat' dir='ltr'>abentibus</span> <span class='ocrx_word' id='word_1_87' title='bbox 976 1575 1011 1641; x_wconf 89' lang='lat' dir='ltr'>et</span> <span class='ocrx_word' id='word_1_88' title='bbox 1027 1574 1099 1641; x_wconf 91' lang='lat' dir='ltr'>suis</span> <span class='ocrx_word' id='word_1_89' title='bbox 1117 1573 1337 1658; x_wconf 83' lang='lat' dir='ltr'>pertinentiis</span> <span class='ocrx_word' id='word_1_90' title='bbox 1351 1575 1387 1641; x_wconf 91' lang='lat' dir='ltr'>ct</span> <span class='ocrx_word' id='word_1_91' title='bbox 1401 1592 1478 1641; x_wconf 89' lang='lat' dir='ltr'>cum</span> <span class='ocrx_word' id='word_1_92' title='bbox 1494 1575 1569 1644; x_wconf 90' lang='lat' dir='ltr'>bice</span> <span class='ocrx_word' id='word_1_93' title='bbox 1583 1573 1626 1642; x_wconf 89' lang='lat' dir='ltr'>de</span> <span class='ocrx_word' id='word_1_94' title='bbox 1642 1575 1708 1642; x_wconf 91' lang='lat' dir='ltr'>biis</span> <span class='ocrx_word' id='word_1_95' title='bbox 1720 1575 1802 1654; x_wconf 91' lang='lat' dir='ltr'>suis,</span> <span class='ocrx_word' id='word_1_96' title='bbox 1816 1579 1852 1643; x_wconf 88' lang='lat' dir='ltr'>et</span> <span class='ocrx_word' id='word_1_97' title='bbox 1863 1576 2049 1674; x_wconf 89' lang='lat' dir='ltr'>secundum</span> 
     </span>
     <span class='ocr_line' id='line_1_8' title="bbox 194 1725 2052 1814; baseline 0 -18"><span class='ocrx_word' id='word_1_98' title='bbox 194 1730 310 1814; x_wconf 88' lang='lat' dir='ltr'>legem</span> <span class='ocrx_word' id='word_1_99' title='bbox 328 1729 507 1812; x_wconf 84' lang='lat' dir='ltr'>receperat</span> <span class='ocrx_word' id='word_1_100' title='bbox 522 1725 648 1794; x_wconf 85' lang='lat' dir='ltr'>exinde</span> <span class='ocrx_word' id='word_1_101' title='bbox 663 1726 706 1793; x_wconf 91' lang='lat' dir='ltr'>ab</span> <span class='ocrx_word' id='word_1_102' title='bbox 722 1725 792 1793; x_wconf 92' lang='lat' dir='ltr'>illis</span> <span class='ocrx_word' id='word_1_103' title='bbox 810 1726 1021 1793; x_wconf 90' lang='lat' dir='ltr'>maniciones</span> <span class='ocrx_word' id='word_1_104' title='bbox 1038 1725 1136 1810; x_wconf 89' lang='lat' dir='ltr'>pario</span> <span class='ocrx_word' id='word_1_105' title='bbox 1153 1743 1258 1791; x_wconf 90' lang='lat' dir='ltr'>unum</span> <span class='ocrx_word' id='word_1_106' title='bbox 1274 1727 1456 1810; x_wconf 88' lang='lat' dir='ltr'>launegilt.</span> <span class='ocrx_word' id='word_1_107' title='bbox 1476 1725 1606 1811; x_wconf 87' lang='lat' dir='ltr'>scripta</span> <span class='ocrx_word' id='word_1_108' title='bbox 1622 1728 1756 1793; x_wconf 89' lang='lat' dir='ltr'>cartula</span> <span class='ocrx_word' id='word_1_109' title='bbox 1779 1728 1856 1810; x_wconf 88' lang='lat' dir='ltr'>ipsa</span> <span class='ocrx_word' id='word_1_110' title='bbox 1872 1745 1935 1812; x_wconf 88' lang='lat' dir='ltr'>per</span> <span class='ocrx_word' id='word_1_111' title='bbox 1958 1727 2052 1796; x_wconf 90' lang='lat' dir='ltr'>alde-</span> 
     </span>
     <span class='ocr_line' id='line_1_9' title="bbox 193 1833 2159 1967; baseline -0.001 -21"><span class='ocrx_word' id='word_1_112' title='bbox 193 1880 259 1948; x_wconf 90' lang='lat' dir='ltr'>risi</span> <span class='ocrx_word' id='word_1_113' title='bbox 275 1881 422 1960; x_wconf 89' lang='lat' dir='ltr'>notario,</span> <span class='ocrx_word' id='word_1_114' title='bbox 441 1879 602 1946; x_wconf 89' lang='lat' dir='ltr'>rovorata</span> <span class='ocrx_word' id='word_1_115' title='bbox 617 1878 841 1946; x_wconf 86' lang='lat' dir='ltr'>sufficienter.</span> <span class='ocrx_word' id='word_1_116' title='bbox 860 1833 1069 1945; x_wconf 83' lang='lat' dir='ltr'>comantem</span> <span class='ocrx_word' id='word_1_117' title='bbox 1087 1878 1188 1944; x_wconf 90' lang='lat' dir='ltr'>ambo</span> <span class='ocrx_word' id='word_1_118' title='bbox 1211 1877 1412 1963; x_wconf 79' lang='lat' dir='ltr'>supradicte</span> <span class='ocrx_word' id='word_1_119' title='bbox 1435 1880 1565 1947; x_wconf 89' lang='lat' dir='ltr'>cartule</span> <span class='ocrx_word' id='word_1_120' title='bbox 1588 1880 1714 1946; x_wconf 84' lang='lat' dir='ltr'>relecto</span> <span class='ocrx_word' id='word_1_121' title='bbox 1736 1878 1888 1958; x_wconf 89' lang='lat' dir='ltr'>fuerunt,</span> <span class='ocrx_word' id='word_1_122' title='bbox 1907 1880 2053 1948; x_wconf 89' lang='lat' dir='ltr'>interro-</span> <span class='ocrx_word' id='word_1_123' title='bbox 2158 1963 2159 1967; x_wconf 7' lang='grc' dir='ltr'><strong>Ἰ</strong></span> 
     </span>
     <span class='ocr_line' id='line_1_10' title="bbox 194 2031 2052 2119; baseline -0.001 -19"><span class='ocrx_word' id='word_1_124' title='bbox 194 2033 360 2119; x_wconf 89' lang='lat' dir='ltr'>gabimus</span> <span class='ocrx_word' id='word_1_125' title='bbox 375 2033 488 2117; x_wconf 90' lang='lat' dir='ltr'>ipsum</span> <span class='ocrx_word' id='word_1_126' title='bbox 505 2031 651 2100; x_wconf 91' lang='lat' dir='ltr'>domnus</span> <span class='ocrx_word' id='word_1_127' title='bbox 666 2032 866 2118; x_wconf 90' lang='lat' dir='ltr'>episcopum</span> <span class='ocrx_word' id='word_1_128' title='bbox 884 2035 919 2099; x_wconf 91' lang='lat' dir='ltr'>et</span> <span class='ocrx_word' id='word_1_129' title='bbox 934 2031 1128 2116; x_wconf 90' lang='lat' dir='ltr'>predictum</span> <span class='ocrx_word' id='word_1_130' title='bbox 1143 2031 1339 2110; x_wconf 84' lang='lat' dir='ltr'>advocator,</span> <span class='ocrx_word' id='word_1_131' title='bbox 1359 2036 1396 2098; x_wconf 93' lang='lat' dir='ltr'>ut</span> <span class='ocrx_word' id='word_1_132' title='bbox 1411 2032 1440 2099; x_wconf 88' lang='lat' dir='ltr'>si</span> <span class='ocrx_word' id='word_1_133' title='bbox 1457 2050 1519 2118; x_wconf 90' lang='lat' dir='ltr'>per</span> <span class='ocrx_word' id='word_1_134' title='bbox 1535 2033 1607 2099; x_wconf 86' lang='lat' dir='ltr'>alia</span> <span class='ocrx_word' id='word_1_135' title='bbox 1623 2032 1798 2099; x_wconf 91' lang='lat' dir='ltr'>munimen</span> <span class='ocrx_word' id='word_1_136' title='bbox 1821 2034 1857 2099; x_wconf 92' lang='lat' dir='ltr'>et</span> <span class='ocrx_word' id='word_1_137' title='bbox 1879 2033 2052 2102; x_wconf 89' lang='lat' dir='ltr'>rationem</span> 
     </span>
     <span class='ocr_line' id='line_1_11' title="bbox 196 2184 2050 2272; baseline -0.002 -18"><span class='ocrx_word' id='word_1_138' title='bbox 196 2204 282 2272; x_wconf 91' lang='lat' dir='ltr'>pars</span> <span class='ocrx_word' id='word_1_139' title='bbox 298 2186 352 2254; x_wconf 90' lang='lat' dir='ltr'>sui</span> <span class='ocrx_word' id='word_1_140' title='bbox 365 2186 529 2271; x_wconf 88' lang='lat' dir='ltr'>episcopii</span> <span class='ocrx_word' id='word_1_141' title='bbox 545 2187 647 2255; x_wconf 84' lang='lat' dir='ltr'>abere</span> <span class='ocrx_word' id='word_1_142' title='bbox 662 2185 810 2254; x_wconf 88' lang='lat' dir='ltr'>voluerit</span> <span class='ocrx_word' id='word_1_143' title='bbox 826 2186 919 2252; x_wconf 90' lang='lat' dir='ltr'>infra</span> <span class='ocrx_word' id='word_1_144' title='bbox 942 2185 1017 2268; x_wconf 92' lang='lat' dir='ltr'>ipse</span> <span class='ocrx_word' id='word_1_145' title='bbox 1044 2185 1136 2262; x_wconf 88' lang='lat' dir='ltr'>finis,</span> <span class='ocrx_word' id='word_1_146' title='bbox 1155 2203 1221 2270; x_wconf 90' lang='lat' dir='ltr'>que</span> <span class='ocrx_word' id='word_1_147' title='bbox 1247 2187 1322 2270; x_wconf 90' lang='lat' dir='ltr'>ipsa</span> <span class='ocrx_word' id='word_1_148' title='bbox 1348 2186 1483 2252; x_wconf 90' lang='lat' dir='ltr'>cartula</span> <span class='ocrx_word' id='word_1_149' title='bbox 1508 2184 1666 2269; x_wconf 92' lang='lat' dir='ltr'>ipsorum</span> <span class='ocrx_word' id='word_1_150' title='bbox 1693 2184 1855 2252; x_wconf 86' lang='lat' dir='ltr'>comitum</span> <span class='ocrx_word' id='word_1_151' title='bbox 1883 2185 2050 2266; x_wconf 90' lang='lat' dir='ltr'>continet,</span> 
     </span>
     <span class='ocr_line' id='line_1_12' title="bbox 195 2335 2053 2424; baseline -0.001 -18"><span class='ocrx_word' id='word_1_152' title='bbox 195 2339 397 2408; x_wconf 90' lang='lat' dir='ltr'>ostenderet</span> <span class='ocrx_word' id='word_1_153' title='bbox 413 2341 509 2407; x_wconf 92' lang='lat' dir='ltr'>illam</span> <span class='ocrx_word' id='word_1_154' title='bbox 527 2339 646 2424; x_wconf 81' lang='lat' dir='ltr'>nobis3</span> <span class='ocrx_word' id='word_1_155' title='bbox 664 2337 736 2404; x_wconf 92' lang='lat' dir='ltr'>illis</span> <span class='ocrx_word' id='word_1_156' title='bbox 751 2337 862 2404; x_wconf 89' lang='lat' dir='ltr'>autem</span> <span class='ocrx_word' id='word_1_157' title='bbox 879 2335 1199 2414; x_wconf 90' lang='lat' dir='ltr'>manifestaberunt,</span> <span class='ocrx_word' id='word_1_158' title='bbox 1220 2338 1258 2401; x_wconf 91' lang='lat' dir='ltr'>ut</span> <span class='ocrx_word' id='word_1_159' title='bbox 1281 2353 1344 2421; x_wconf 87' lang='lat' dir='ltr'>per</span> <span class='ocrx_word' id='word_1_160' title='bbox 1369 2337 1466 2402; x_wconf 91' lang='lat' dir='ltr'>nulla</span> <span class='ocrx_word' id='word_1_161' title='bbox 1493 2335 1670 2404; x_wconf 88' lang='lat' dir='ltr'>munimen</span> <span class='ocrx_word' id='word_1_162' title='bbox 1696 2339 1731 2403; x_wconf 85' lang='lat' dir='ltr'>et</span> <span class='ocrx_word' id='word_1_163' title='bbox 1759 2337 1925 2406; x_wconf 88' lang='lat' dir='ltr'>rationem</span> <span class='ocrx_word' id='word_1_164' title='bbox 1951 2341 2053 2409; x_wconf 90' lang='lat' dir='ltr'>rebus</span> 
     </span>
     <span class='ocr_line' id='line_1_13' title="bbox 200 2489 2057 2578; baseline 0.001 -19"><span class='ocrx_word' id='word_1_165' title='bbox 200 2494 282 2578; x_wconf 90' lang='lat' dir='ltr'>ipsa</span> <span class='ocrx_word' id='word_1_166' title='bbox 305 2511 368 2578; x_wconf 92' lang='lat' dir='ltr'>per</span> <span class='ocrx_word' id='word_1_167' title='bbox 391 2493 467 2577; x_wconf 90' lang='lat' dir='ltr'>ipse</span> <span class='ocrx_word' id='word_1_168' title='bbox 489 2491 569 2558; x_wconf 85' lang='lat' dir='ltr'>finis</span> <span class='ocrx_word' id='word_1_169' title='bbox 592 2492 697 2558; x_wconf 91' lang='lat' dir='ltr'>abere</span> <span class='ocrx_word' id='word_1_170' title='bbox 720 2492 851 2558; x_wconf 83' lang='lat' dir='ltr'>voleret</span> <span class='ocrx_word' id='word_1_171' title='bbox 873 2492 991 2574; x_wconf 90' lang='lat' dir='ltr'>preter</span> <span class='ocrx_word' id='word_1_172' title='bbox 1013 2507 1077 2574; x_wconf 89' lang='lat' dir='ltr'>per</span> <span class='ocrx_word' id='word_1_173' title='bbox 1102 2490 1180 2574; x_wconf 90' lang='lat' dir='ltr'>ipsa</span> <span class='ocrx_word' id='word_1_174' title='bbox 1202 2491 1337 2556; x_wconf 89' lang='lat' dir='ltr'>cartula</span> <span class='ocrx_word' id='word_1_175' title='bbox 1360 2489 1562 2567; x_wconf 90' lang='lat' dir='ltr'>offertionis,</span> <span class='ocrx_word' id='word_1_176' title='bbox 1580 2507 1647 2574; x_wconf 90' lang='lat' dir='ltr'>que</span> <span class='ocrx_word' id='word_1_177' title='bbox 1662 2491 1821 2573; x_wconf 91' lang='lat' dir='ltr'>superius</span> <span class='ocrx_word' id='word_1_178' title='bbox 1838 2491 1973 2558; x_wconf 89' lang='lat' dir='ltr'>ostedit.</span> <span class='ocrx_word' id='word_1_179' title='bbox 1993 2511 2057 2561; x_wconf 91' lang='lat' dir='ltr'>nos</span> 
     </span>
     <span class='ocr_line' id='line_1_14' title="bbox 198 2640 2058 2730; baseline 0 -20"><span class='ocrx_word' id='word_1_180' title='bbox 198 2646 258 2730; x_wconf 91' lang='lat' dir='ltr'>qui</span> <span class='ocrx_word' id='word_1_181' title='bbox 284 2663 390 2730; x_wconf 90' lang='lat' dir='ltr'>supra</span> <span class='ocrx_word' id='word_1_182' title='bbox 412 2644 584 2712; x_wconf 86' lang='lat' dir='ltr'>iudicibus</span> <span class='ocrx_word' id='word_1_183' title='bbox 607 2644 841 2728; x_wconf 86' lang='lat' dir='ltr'>angnoscente</span> <span class='ocrx_word' id='word_1_184' title='bbox 864 2643 954 2727; x_wconf 90' lang='lat' dir='ltr'>quod</span> <span class='ocrx_word' id='word_1_185' title='bbox 976 2643 1052 2727; x_wconf 86' lang='lat' dir='ltr'>ipsa</span> <span class='ocrx_word' id='word_1_186' title='bbox 1074 2644 1219 2720; x_wconf 89' lang='lat' dir='ltr'>cartula,</span> <span class='ocrx_word' id='word_1_187' title='bbox 1238 2660 1342 2726; x_wconf 92' lang='lat' dir='ltr'>quam</span> <span class='ocrx_word' id='word_1_188' title='bbox 1359 2642 1428 2726; x_wconf 90' lang='lat' dir='ltr'>ipsi</span> <span class='ocrx_word' id='word_1_189' title='bbox 1452 2640 1633 2709; x_wconf 85' lang='lat' dir='ltr'>comitibus</span> <span class='ocrx_word' id='word_1_190' title='bbox 1655 2641 1865 2720; x_wconf 87' lang='lat' dir='ltr'>ostederunt,</span> <span class='ocrx_word' id='word_1_191' title='bbox 1885 2645 2058 2712; x_wconf 89' lang='lat' dir='ltr'>anteriore</span> 
     </span>
     <span class='ocr_line' id='line_1_15' title="bbox 199 2796 2135 2898; baseline 0.001 -33"><span class='ocrx_word' id='word_1_192' title='bbox 199 2802 294 2867; x_wconf 85' lang='lat' dir='ltr'>esset</span> <span class='ocrx_word' id='word_1_193' title='bbox 317 2797 360 2865; x_wconf 89' lang='lat' dir='ltr'>de</span> <span class='ocrx_word' id='word_1_194' title='bbox 385 2805 460 2883; x_wconf 89' lang='lat' dir='ltr'>ipsa</span> <span class='ocrx_word' id='word_1_195' title='bbox 484 2797 675 2876; x_wconf 89' lang='lat' dir='ltr'>offertione,</span> <span class='ocrx_word' id='word_1_196' title='bbox 696 2797 773 2864; x_wconf 87' lang='lat' dir='ltr'>ideo</span> <span class='ocrx_word' id='word_1_197' title='bbox 796 2798 889 2864; x_wconf 89' lang='lat' dir='ltr'>iusta</span> <span class='ocrx_word' id='word_1_198' title='bbox 911 2798 1026 2898; x_wconf 87' lang='lat' dir='ltr'>legem</span> <span class='ocrx_word' id='word_1_199' title='bbox 1050 2796 1293 2874; x_wconf 90' lang='lat' dir='ltr'>iudicabimus,</span> <span class='ocrx_word' id='word_1_200' title='bbox 1320 2799 1357 2862; x_wconf 95' lang='lat' dir='ltr'>ut</span> <span class='ocrx_word' id='word_1_201' title='bbox 1378 2797 1502 2862; x_wconf 90' lang='lat' dir='ltr'>amodo</span> <span class='ocrx_word' id='word_1_202' title='bbox 1526 2802 1560 2864; x_wconf 91' lang='lat' dir='ltr'>et</span> <span class='ocrx_word' id='word_1_203' title='bbox 1583 2797 1619 2862; x_wconf 88' lang='lat' dir='ltr'>in</span> <span class='ocrx_word' id='word_1_204' title='bbox 1642 2801 1847 2882; x_wconf 82' lang='lat' dir='ltr'>perpetuum</span> <span class='ocrx_word' id='word_1_205' title='bbox 1872 2799 1940 2883; x_wconf 92' lang='lat' dir='ltr'>ipsi</span> <span class='ocrx_word' id='word_1_206' title='bbox 1964 2800 2061 2884; x_wconf 88' lang='lat' dir='ltr'>guai-</span> <span class='ocrx_word' id='word_1_207' title='bbox 2132 2842 2135 2848; x_wconf 71' lang='lat'>‚</span> 
     </span>
     <span class='ocr_line' id='line_1_16' title="bbox 134 2945 2061 3032; baseline 0.001 -18"><span class='ocrx_word' id='word_1_208' title='bbox 134 3020 137 3025; x_wconf 60' lang='grc'><strong>,</strong></span> <span class='ocrx_word' id='word_1_209' title='bbox 202 2948 338 3015; x_wconf 88' lang='lat' dir='ltr'>marius</span> <span class='ocrx_word' id='word_1_210' title='bbox 361 2949 397 3014; x_wconf 92' lang='lat' dir='ltr'>et</span> <span class='ocrx_word' id='word_1_211' title='bbox 419 2947 614 3031; x_wconf 84' lang='lat' dir='ltr'>guaiferius</span> <span class='ocrx_word' id='word_1_212' title='bbox 637 2949 673 3014; x_wconf 90' lang='lat' dir='ltr'>et</span> <span class='ocrx_word' id='word_1_213' title='bbox 695 2947 833 3014; x_wconf 87' lang='lat' dir='ltr'>illorum</span> <span class='ocrx_word' id='word_1_214' title='bbox 857 2945 977 3013; x_wconf 90' lang='lat' dir='ltr'>eredes</span> <span class='ocrx_word' id='word_1_215' title='bbox 1000 2947 1102 3013; x_wconf 89' lang='lat' dir='ltr'>rebus</span> <span class='ocrx_word' id='word_1_216' title='bbox 1125 2948 1204 3030; x_wconf 87' lang='lat' dir='ltr'>ipsa</span> <span class='ocrx_word' id='word_1_217' title='bbox 1226 2964 1289 3028; x_wconf 93' lang='lat' dir='ltr'>per</span> <span class='ocrx_word' id='word_1_218' title='bbox 1313 2945 1387 3030; x_wconf 89' lang='lat' dir='ltr'>ipse</span> <span class='ocrx_word' id='word_1_219' title='bbox 1409 2947 1513 3024; x_wconf 84' lang='lat' dir='ltr'>fluis,</span> <span class='ocrx_word' id='word_1_220' title='bbox 1539 2965 1605 3032; x_wconf 87' lang='lat' dir='ltr'>que</span> <span class='ocrx_word' id='word_1_221' title='bbox 1640 2948 1715 3032; x_wconf 91' lang='lat' dir='ltr'>ipsa</span> <span class='ocrx_word' id='word_1_222' title='bbox 1750 2949 1887 3016; x_wconf 87' lang='lat' dir='ltr'>illorum</span> <span class='ocrx_word' id='word_1_223' title='bbox 1923 2951 2061 3016; x_wconf 90' lang='lat' dir='ltr'>cartula</span> 
     </span>
     <span class='ocr_line' id='line_1_17' title="bbox 202 3061 2056 3183; baseline 0.002 -20"><span class='ocrx_word' id='word_1_224' title='bbox 202 3097 371 3177; x_wconf 89' lang='lat' dir='ltr'>continet,</span> <span class='ocrx_word' id='word_1_225' title='bbox 398 3098 567 3164; x_wconf 86' lang='lat' dir='ltr'>securiter</span> <span class='ocrx_word' id='word_1_226' title='bbox 590 3100 624 3165; x_wconf 91' lang='lat' dir='ltr'>et</span> <span class='ocrx_word' id='word_1_227' title='bbox 646 3099 794 3166; x_wconf 86' lang='lat' dir='ltr'>firmiter</span> <span class='ocrx_word' id='word_1_228' title='bbox 816 3115 875 3165; x_wconf 91' lang='lat' dir='ltr'>eos</span> <span class='ocrx_word' id='word_1_229' title='bbox 898 3099 1041 3166; x_wconf 88' lang='lat' dir='ltr'>aberent</span> <span class='ocrx_word' id='word_1_230' title='bbox 1062 3101 1096 3165; x_wconf 90' lang='lat' dir='ltr'>et</span> <span class='ocrx_word' id='word_1_231' title='bbox 1110 3061 1305 3181; x_wconf 83' lang='lat' dir='ltr'>possidere,</span> <span class='ocrx_word' id='word_1_232' title='bbox 1332 3097 1367 3164; x_wconf 92' lang='lat' dir='ltr'>et</span> <span class='ocrx_word' id='word_1_233' title='bbox 1389 3097 1504 3164; x_wconf 89' lang='lat' dir='ltr'>facere</span> <span class='ocrx_word' id='word_1_234' title='bbox 1527 3096 1608 3164; x_wconf 92' lang='lat' dir='ltr'>inde</span> <span class='ocrx_word' id='word_1_235' title='bbox 1631 3099 1759 3176; x_wconf 92' lang='lat' dir='ltr'>omnia,</span> <span class='ocrx_word' id='word_1_236' title='bbox 1777 3099 1866 3183; x_wconf 91' lang='lat' dir='ltr'>quod</span> <span class='ocrx_word' id='word_1_237' title='bbox 1884 3100 2056 3168; x_wconf 88' lang='lat' dir='ltr'>voluerint</span> 
     </span>
     <span class='ocr_line' id='line_1_18' title="bbox 199 3248 2060 3335; baseline -0.001 -16"><span class='ocrx_word' id='word_1_238' title='bbox 199 3251 331 3335; x_wconf 88' lang='lat' dir='ltr'>absque</span> <span class='ocrx_word' id='word_1_239' title='bbox 354 3249 447 3316; x_wconf 93' lang='lat' dir='ltr'>omni</span> <span class='ocrx_word' id='word_1_240' title='bbox 470 3249 653 3316; x_wconf 86' lang='lat' dir='ltr'>cuiuslibet</span> <span class='ocrx_word' id='word_1_241' title='bbox 676 3248 924 3316; x_wconf 87' lang='lat' dir='ltr'>contrarietate</span> <span class='ocrx_word' id='word_1_242' title='bbox 945 3250 999 3317; x_wconf 86' lang='lat' dir='ltr'>uel</span> <span class='ocrx_word' id='word_1_243' title='bbox 1023 3248 1269 3335; x_wconf 91' lang='lat' dir='ltr'>requisitione;</span> <span class='ocrx_word' id='word_1_244' title='bbox 1286 3250 1321 3317; x_wconf 89' lang='lat' dir='ltr'>et</span> <span class='ocrx_word' id='word_1_245' title='bbox 1343 3266 1408 3333; x_wconf 92' lang='lat' dir='ltr'>pro</span> <span class='ocrx_word' id='word_1_246' title='bbox 1431 3251 1530 3334; x_wconf 91' lang='lat' dir='ltr'>parte</span> <span class='ocrx_word' id='word_1_247' title='bbox 1553 3249 1708 3334; x_wconf 88' lang='lat' dir='ltr'>ipsorum</span> <span class='ocrx_word' id='word_1_248' title='bbox 1732 3250 1897 3317; x_wconf 88' lang='lat' dir='ltr'>comitum</span> <span class='ocrx_word' id='word_1_249' title='bbox 1920 3268 1960 3316; x_wconf 89' lang='lat' dir='ltr'>oc</span> <span class='ocrx_word' id='word_1_250' title='bbox 1974 3249 2060 3318; x_wconf 91' lang='lat' dir='ltr'>scri-</span> 
     </span>
     <span class='ocr_line' id='line_1_19' title="bbox 203 3400 2062 3487; baseline 0 -19"><span class='ocrx_word' id='word_1_251' title='bbox 203 3404 286 3470; x_wconf 88' lang='lat' dir='ltr'>bere</span> <span class='ocrx_word' id='word_1_252' title='bbox 310 3402 455 3472; x_wconf 90' lang='lat' dir='ltr'>fecimus</span> <span class='ocrx_word' id='word_1_253' title='bbox 477 3407 511 3472; x_wconf 85' lang='lat' dir='ltr'>te</span> <span class='ocrx_word' id='word_1_254' title='bbox 532 3405 686 3472; x_wconf 90' lang='lat' dir='ltr'>tutonem</span> <span class='ocrx_word' id='word_1_255' title='bbox 708 3403 897 3481; x_wconf 88' lang='lat' dir='ltr'>notarium,</span> <span class='ocrx_word' id='word_1_256' title='bbox 915 3402 974 3487; x_wconf 91' lang='lat' dir='ltr'>qui</span> <span class='ocrx_word' id='word_1_257' title='bbox 998 3401 1197 3469; x_wconf 83' lang='lat' dir='ltr'>interfuisti.</span> <span class='ocrx_word' id='word_1_258' title='bbox 1223 3418 1290 3486; x_wconf 91' lang='lat' dir='ltr'>ego</span> <span class='ocrx_word' id='word_1_259' title='bbox 1312 3402 1370 3487; x_wconf 91' lang='lat' dir='ltr'>qui</span> <span class='ocrx_word' id='word_1_260' title='bbox 1394 3419 1502 3486; x_wconf 89' lang='lat' dir='ltr'>supra</span> <span class='ocrx_word' id='word_1_261' title='bbox 1524 3402 1628 3485; x_wconf 90' lang='lat' dir='ltr'>gaido</span> <span class='ocrx_word' id='word_1_262' title='bbox 1651 3400 1770 3469; x_wconf 84' lang='lat' dir='ltr'>iudex.</span> <span class='ocrx_word' id='word_1_263' title='bbox 1788 3419 1854 3487; x_wconf 89' lang='lat' dir='ltr'>ego</span> <span class='ocrx_word' id='word_1_264' title='bbox 1872 3403 1929 3487; x_wconf 93' lang='lat' dir='ltr'>qui</span> <span class='ocrx_word' id='word_1_265' title='bbox 1954 3419 2062 3486; x_wconf 90' lang='lat' dir='ltr'>supra</span> 
     </span>
     <span class='ocr_line' id='line_1_20' title="bbox 207 3537 2059 3641; baseline -0.002 -19"><span class='ocrx_word' id='word_1_266' title='bbox 207 3554 366 3623; x_wconf 89' lang='lat' dir='ltr'>ademari</span> <span class='ocrx_word' id='word_1_267' title='bbox 390 3555 506 3623; x_wconf 87' lang='lat' dir='ltr'>iudex.</span> <span class='ocrx_word' id='word_1_268' title='bbox 523 3537 600 3622; x_wconf 89' lang='lat' dir='ltr'>cum</span> <span class='ocrx_word' id='word_1_269' title='bbox 616 3558 730 3624; x_wconf 88' lang='lat' dir='ltr'>autem</span> <span class='ocrx_word' id='word_1_270' title='bbox 747 3558 821 3623; x_wconf 92' lang='lat' dir='ltr'>tota</span> <span class='ocrx_word' id='word_1_271' title='bbox 835 3555 1036 3640; x_wconf 90' lang='lat' dir='ltr'>supradicta</span> <span class='ocrx_word' id='word_1_272' title='bbox 1052 3555 1242 3622; x_wconf 88' lang='lat' dir='ltr'>monimina</span> <span class='ocrx_word' id='word_1_273' title='bbox 1257 3555 1323 3621; x_wconf 92' lang='lat' dir='ltr'>fuit</span> <span class='ocrx_word' id='word_1_274' title='bbox 1338 3557 1479 3634; x_wconf 91' lang='lat' dir='ltr'>relecta,</span> <span class='ocrx_word' id='word_1_275' title='bbox 1499 3553 1791 3641; x_wconf 81' lang='lat' dir='ltr'>interrogabimus</span> <span class='ocrx_word' id='word_1_276' title='bbox 1808 3554 1922 3638; x_wconf 90' lang='lat' dir='ltr'>ipsum</span> <span class='ocrx_word' id='word_1_277' title='bbox 1938 3552 2059 3640; x_wconf 89' lang='lat' dir='ltr'>guido,</span> 
     </span>
     <span class='ocr_line' id='line_1_21' title="bbox 206 3704 2064 3792; baseline 0 -19"><span class='ocrx_word' id='word_1_278' title='bbox 206 3707 236 3774; x_wconf 93' lang='lat' dir='ltr'>si</span> <span class='ocrx_word' id='word_1_279' title='bbox 259 3708 380 3773; x_wconf 90' lang='lat' dir='ltr'>aberet</span> <span class='ocrx_word' id='word_1_280' title='bbox 403 3706 522 3790; x_wconf 90' lang='lat' dir='ltr'>aliqua</span> <span class='ocrx_word' id='word_1_281' title='bbox 545 3707 714 3774; x_wconf 89' lang='lat' dir='ltr'>rationem</span> <span class='ocrx_word' id='word_1_282' title='bbox 737 3706 780 3775; x_wconf 91' lang='lat' dir='ltr'>de</span> <span class='ocrx_word' id='word_1_283' title='bbox 794 3706 995 3791; x_wconf 87' lang='lat' dir='ltr'>supradicta</span> <span class='ocrx_word' id='word_1_284' title='bbox 1010 3708 1124 3786; x_wconf 72' lang='lat' dir='ltr'>rebus</span> <span class='ocrx_word' id='word_1_285' title='bbox 1143 3724 1210 3791; x_wconf 91' lang='lat' dir='ltr'>que</span> <span class='ocrx_word' id='word_1_286' title='bbox 1227 3705 1424 3791; x_wconf 87' lang='lat' dir='ltr'>supradicte</span> <span class='ocrx_word' id='word_1_287' title='bbox 1441 3704 1687 3790; x_wconf 86' lang='lat' dir='ltr'>scriptionibus</span> <span class='ocrx_word' id='word_1_288' title='bbox 1702 3707 1894 3785; x_wconf 91' lang='lat' dir='ltr'>continunt,</span> <span class='ocrx_word' id='word_1_289' title='bbox 1914 3707 2064 3792; x_wconf 89' lang='lat' dir='ltr'>qualiter</span> 
     </span>
     <span class='ocr_line' id='line_1_22' title="bbox 203 3854 2065 3945; baseline 0.002 -23"><span class='ocrx_word' id='word_1_290' title='bbox 203 3857 329 3926; x_wconf 87' lang='lat' dir='ltr'>fuisset</span> <span class='ocrx_word' id='word_1_291' title='bbox 351 3857 542 3942; x_wconf 83' lang='lat' dir='ltr'>guaimarii</span> <span class='ocrx_word' id='word_1_292' title='bbox 565 3858 716 3942; x_wconf 86' lang='lat' dir='ltr'>genitori</span> <span class='ocrx_word' id='word_1_293' title='bbox 741 3859 815 3926; x_wconf 88' lang='lat' dir='ltr'>eius</span> <span class='ocrx_word' id='word_1_294' title='bbox 838 3859 915 3925; x_wconf 89' lang='lat' dir='ltr'>abio</span> <span class='ocrx_word' id='word_1_295' title='bbox 937 3859 981 3926; x_wconf 91' lang='lat' dir='ltr'>de</span> <span class='ocrx_word' id='word_1_296' title='bbox 1002 3860 1071 3945; x_wconf 89' lang='lat' dir='ltr'>ipsi</span> <span class='ocrx_word' id='word_1_297' title='bbox 1094 3860 1279 3945; x_wconf 86' lang='lat' dir='ltr'>germani,</span> <span class='ocrx_word' id='word_1_298' title='bbox 1304 3858 1511 3928; x_wconf 88' lang='lat' dir='ltr'>hostendere</span> <span class='ocrx_word' id='word_1_299' title='bbox 1534 3859 1617 3938; x_wconf 91' lang='lat' dir='ltr'>illa,</span> <span class='ocrx_word' id='word_1_300' title='bbox 1644 3854 1716 3935; x_wconf 85' lang='lat' dir='ltr'>aut,</span> <span class='ocrx_word' id='word_1_301' title='bbox 1742 3861 1772 3926; x_wconf 91' lang='lat' dir='ltr'>si</span> <span class='ocrx_word' id='word_1_302' title='bbox 1794 3858 1980 3928; x_wconf 87' lang='lat' dir='ltr'>secundum</span> <span class='ocrx_word' id='word_1_303' title='bbox 2004 3861 2065 3926; x_wconf 80' lang='lat' dir='ltr'>lex</span> 
     </span>
     <span class='ocr_line' id='line_1_23' title="bbox 203 4011 2066 4099; baseline 0.001 -23"><span class='ocrx_word' id='word_1_304' title='bbox 203 4011 360 4096; x_wconf 91' lang='lat' dir='ltr'>potuerit</span> <span class='ocrx_word' id='word_1_305' title='bbox 377 4011 517 4078; x_wconf 87' lang='lat' dir='ltr'>firmare</span> <span class='ocrx_word' id='word_1_306' title='bbox 532 4029 596 4097; x_wconf 92' lang='lat' dir='ltr'>per</span> <span class='ocrx_word' id='word_1_307' title='bbox 611 4013 778 4091; x_wconf 89' lang='lat' dir='ltr'>homines,</span> <span class='ocrx_word' id='word_1_308' title='bbox 797 4015 944 4098; x_wconf 86' lang='lat' dir='ltr'>qualitor</span> <span class='ocrx_word' id='word_1_309' title='bbox 958 4015 996 4082; x_wconf 90' lang='lat' dir='ltr'>in</span> <span class='ocrx_word' id='word_1_310' title='bbox 1013 4016 1115 4082; x_wconf 89' lang='lat' dir='ltr'>rebus</span> <span class='ocrx_word' id='word_1_311' title='bbox 1131 4015 1209 4099; x_wconf 91' lang='lat' dir='ltr'>ipsa</span> <span class='ocrx_word' id='word_1_312' title='bbox 1230 4017 1418 4082; x_wconf 91' lang='lat' dir='ltr'>sortionem</span> <span class='ocrx_word' id='word_1_313' title='bbox 1442 4015 1546 4081; x_wconf 91' lang='lat' dir='ltr'>abere</span> <span class='ocrx_word' id='word_1_314' title='bbox 1568 4012 1728 4081; x_wconf 88' lang='lat' dir='ltr'>deberet:</span> <span class='ocrx_word' id='word_1_315' title='bbox 1747 4012 1822 4096; x_wconf 90' lang='lat' dir='ltr'>ipse</span> <span class='ocrx_word' id='word_1_316' title='bbox 1845 4011 1962 4096; x_wconf 76' lang='lat' dir='ltr'>guido&#39;</span> <span class='ocrx_word' id='word_1_317' title='bbox 1974 4011 2066 4078; x_wconf 83' lang='lat' dir='ltr'>dixit</span> 
     </span>
     <span class='ocr_line' id='line_1_24' title="bbox 203 4163 2064 4252; baseline 0.001 -23"><span class='ocrx_word' id='word_1_318' title='bbox 203 4164 337 4230; x_wconf 87' lang='lat' dir='ltr'>nullam</span> <span class='ocrx_word' id='word_1_319' title='bbox 355 4163 527 4231; x_wconf 89' lang='lat' dir='ltr'>rationem</span> <span class='ocrx_word' id='word_1_320' title='bbox 544 4164 624 4232; x_wconf 90' lang='lat' dir='ltr'>inde</span> <span class='ocrx_word' id='word_1_321' title='bbox 639 4167 753 4245; x_wconf 88' lang='lat' dir='ltr'>abere,</span> <span class='ocrx_word' id='word_1_322' title='bbox 769 4185 881 4252; x_wconf 92' lang='lat' dir='ltr'>neque</span> <span class='ocrx_word' id='word_1_323' title='bbox 895 4185 957 4251; x_wconf 89' lang='lat' dir='ltr'>per</span> <span class='ocrx_word' id='word_1_324' title='bbox 973 4167 1172 4234; x_wconf 88' lang='lat' dir='ltr'>testimonia</span> <span class='ocrx_word' id='word_1_325' title='bbox 1187 4167 1311 4252; x_wconf 89' lang='lat' dir='ltr'>aliquit</span> <span class='ocrx_word' id='word_1_326' title='bbox 1326 4165 1407 4234; x_wconf 90' lang='lat' dir='ltr'>inde</span> <span class='ocrx_word' id='word_1_327' title='bbox 1422 4166 1565 4233; x_wconf 89' lang='lat' dir='ltr'>firmare</span> <span class='ocrx_word' id='word_1_328' title='bbox 1579 4167 1710 4248; x_wconf 82' lang='lat' dir='ltr'>potere,</span> <span class='ocrx_word' id='word_1_329' title='bbox 1725 4166 1760 4230; x_wconf 93' lang='lat' dir='ltr'>et</span> <span class='ocrx_word' id='word_1_330' title='bbox 1775 4165 1907 4232; x_wconf 88' lang='lat' dir='ltr'>nullum</span> <span class='ocrx_word' id='word_1_331' title='bbox 1926 4163 2064 4231; x_wconf 93' lang='lat' dir='ltr'>modum</span> 
     </span>
     <span class='ocr_line' id='line_1_25' title="bbox 205 4313 2058 4404; baseline 0.001 -24"><span class='ocrx_word' id='word_1_332' title='bbox 205 4313 368 4382; x_wconf 88' lang='lat' dir='ltr'>derebus</span> <span class='ocrx_word' id='word_1_333' title='bbox 384 4315 458 4400; x_wconf 91' lang='lat' dir='ltr'>ipsa</span> <span class='ocrx_word' id='word_1_334' title='bbox 473 4334 617 4386; x_wconf 90' lang='lat' dir='ltr'>causare</span> <span class='ocrx_word' id='word_1_335' title='bbox 632 4321 692 4385; x_wconf 89' lang='lat' dir='ltr'>aut</span> <span class='ocrx_word' id='word_1_336' title='bbox 708 4319 918 4386; x_wconf 90' lang='lat' dir='ltr'>contendere</span> <span class='ocrx_word' id='word_1_337' title='bbox 934 4323 1066 4404; x_wconf 90' lang='lat' dir='ltr'>potere,</span> <span class='ocrx_word' id='word_1_338' title='bbox 1084 4321 1119 4385; x_wconf 91' lang='lat' dir='ltr'>et</span> <span class='ocrx_word' id='word_1_339' title='bbox 1136 4319 1291 4402; x_wconf 90' lang='lat' dir='ltr'>ipsorum</span> <span class='ocrx_word' id='word_1_340' title='bbox 1306 4317 1469 4403; x_wconf 83' lang='lat' dir='ltr'>germani</span> <span class='ocrx_word' id='word_1_341' title='bbox 1485 4316 1660 4402; x_wconf 87' lang='lat' dir='ltr'>guaimari</span> <span class='ocrx_word' id='word_1_342' title='bbox 1682 4319 1717 4383; x_wconf 88' lang='lat' dir='ltr'>et</span> <span class='ocrx_word' id='word_1_343' title='bbox 1740 4315 1894 4402; x_wconf 89' lang='lat' dir='ltr'>guaiferi</span> <span class='ocrx_word' id='word_1_344' title='bbox 1918 4314 2058 4399; x_wconf 89' lang='lat' dir='ltr'>legibus</span> 
     </span>
    </p>
   </div>
   <div class='ocr_carea' id='block_1_3' title="bbox 204 4467 2065 4555">
    <p class='ocr_par' dir='ltr' id='par_1_3' title="bbox 204 4467 2065 4555">
     <span class='ocr_line' id='line_1_26' title="bbox 204 4467 2065 4555; baseline -0.001 -21"><span class='ocrx_word' id='word_1_345' title='bbox 204 4473 286 4534; x_wconf 84' lang='lat' dir='ltr'>exet</span> <span class='ocrx_word' id='word_1_346' title='bbox 317 4467 529 4552; x_wconf 87' lang='lat' dir='ltr'>pertinentes</span> <span class='ocrx_word' id='word_1_347' title='bbox 544 4468 743 4554; x_wconf 86' lang='lat' dir='ltr'>supradicta</span> <span class='ocrx_word' id='word_1_348' title='bbox 759 4469 860 4536; x_wconf 91' lang='lat' dir='ltr'>rebus</span> <span class='ocrx_word' id='word_1_349' title='bbox 875 4484 938 4553; x_wconf 89' lang='lat' dir='ltr'>per</span> <span class='ocrx_word' id='word_1_350' title='bbox 954 4468 1154 4553; x_wconf 89' lang='lat' dir='ltr'>supradicta</span> <span class='ocrx_word' id='word_1_351' title='bbox 1176 4469 1377 4548; x_wconf 87' lang='lat' dir='ltr'>monimina,</span> <span class='ocrx_word' id='word_1_352' title='bbox 1398 4487 1499 4555; x_wconf 90' lang='lat' dir='ltr'>quam</span> <span class='ocrx_word' id='word_1_353' title='bbox 1523 4467 1759 4536; x_wconf 87' lang='lat' dir='ltr'>hostederunt.</span> <span class='ocrx_word' id='word_1_354' title='bbox 1778 4485 1842 4534; x_wconf 90' lang='lat' dir='ltr'>nos</span> <span class='ocrx_word' id='word_1_355' title='bbox 1865 4484 1932 4552; x_wconf 91' lang='lat' dir='ltr'>que</span> <span class='ocrx_word' id='word_1_356' title='bbox 1955 4484 2065 4552; x_wconf 90' lang='lat' dir='ltr'>supra</span> 
     </span>
    </p>
   </div>
   <div class='ocr_carea' id='block_1_4' title="bbox 206 4617 2174 4706">
    <p class='ocr_par' dir='ltr' id='par_1_4' title="bbox 206 4617 2174 4706">
     <span class='ocr_line' id='line_1_27' title="bbox 206 4617 2174 4706; baseline 0.001 -22"><span class='ocrx_word' id='word_1_357' title='bbox 206 4619 352 4698; x_wconf 91' lang='lat' dir='ltr'>iudices,</span> <span class='ocrx_word' id='word_1_358' title='bbox 385 4620 465 4687; x_wconf 92' lang='lat' dir='ltr'>dum</span> <span class='ocrx_word' id='word_1_359' title='bbox 492 4620 607 4688; x_wconf 88' lang='lat' dir='ltr'>taliter</span> <span class='ocrx_word' id='word_1_360' title='bbox 633 4622 748 4706; x_wconf 91' lang='lat' dir='ltr'>ipsum</span> <span class='ocrx_word' id='word_1_361' title='bbox 775 4621 883 4706; x_wconf 90' lang='lat' dir='ltr'>guido</span> <span class='ocrx_word' id='word_1_362' title='bbox 909 4621 1153 4689; x_wconf 88' lang='lat' dir='ltr'>manifestante</span> <span class='ocrx_word' id='word_1_363' title='bbox 1178 4621 1388 4700; x_wconf 90' lang='lat' dir='ltr'>audibimus,</span> <span class='ocrx_word' id='word_1_364' title='bbox 1413 4621 1491 4689; x_wconf 89' lang='lat' dir='ltr'>ideo</span> <span class='ocrx_word' id='word_1_365' title='bbox 1516 4621 1606 4689; x_wconf 90' lang='lat' dir='ltr'>iusta</span> <span class='ocrx_word' id='word_1_366' title='bbox 1632 4622 1745 4704; x_wconf 85' lang='lat' dir='ltr'>legem</span> <span class='ocrx_word' id='word_1_367' title='bbox 1773 4617 2009 4696; x_wconf 88' lang='lat' dir='ltr'>iudicabimus,</span> <span class='ocrx_word' id='word_1_368' title='bbox 2028 4621 2067 4685; x_wconf 93' lang='lat' dir='ltr'>ut</span> <span class='ocrx_word' id='word_1_369' title='bbox 2171 4625 2174 4632; x_wconf 83' lang='grc'><strong>’</strong></span> 
     </span>
    </p>
   </div>
   <div class='ocr_carea' id='block_1_5' title="bbox 86 4767 2065 5924">
    <p class='ocr_par' dir='ltr' id='par_1_5' title="bbox 206 4735 2065 4856">
     <span class='ocr_line' id='line_1_28' title="bbox 206 4767 2065 4856; baseline 0 -21"><span class='ocrx_word' id='word_1_370' title='bbox 206 4768 332 4836; x_wconf 89' lang='lat' dir='ltr'>amodo</span> <span class='ocrx_word' id='word_1_371' title='bbox 348 4771 383 4836; x_wconf 93' lang='lat' dir='ltr'>et</span> <span class='ocrx_word' id='word_1_372' title='bbox 397 4787 536 4855; x_wconf 87' lang='lat' dir='ltr'>semper</span> <span class='ocrx_word' id='word_1_373' title='bbox 552 4770 619 4855; x_wconf 89' lang='lat' dir='ltr'>ipsi</span> <span class='ocrx_word' id='word_1_374' title='bbox 635 4771 796 4856; x_wconf 86' lang='lat' dir='ltr'>germani</span> <span class='ocrx_word' id='word_1_375' title='bbox 812 4773 847 4838; x_wconf 90' lang='lat' dir='ltr'>et</span> <span class='ocrx_word' id='word_1_376' title='bbox 862 4771 1002 4838; x_wconf 91' lang='lat' dir='ltr'>illorum</span> <span class='ocrx_word' id='word_1_377' title='bbox 1026 4769 1144 4840; x_wconf 92' lang='lat' dir='ltr'>eredes</span> <span class='ocrx_word' id='word_1_378' title='bbox 1167 4771 1269 4838; x_wconf 91' lang='lat' dir='ltr'>rebus</span> <span class='ocrx_word' id='word_1_379' title='bbox 1292 4771 1370 4856; x_wconf 91' lang='lat' dir='ltr'>ipsa</span> <span class='ocrx_word' id='word_1_380' title='bbox 1392 4771 1560 4839; x_wconf 88' lang='lat' dir='ltr'>securiter</span> <span class='ocrx_word' id='word_1_381' title='bbox 1583 4771 1738 4850; x_wconf 88' lang='lat' dir='ltr'>aberent,</span> <span class='ocrx_word' id='word_1_382' title='bbox 1763 4768 1957 4837; x_wconf 89' lang='lat' dir='ltr'>faciendum</span> <span class='ocrx_word' id='word_1_383' title='bbox 1973 4767 2065 4854; x_wconf 93' lang='lat' dir='ltr'>quod</span> 
     </span>
    </p>

    <p class='ocr_par' dir='ltr' id='par_1_6' title="bbox 204 4920 2065 5164">
     <span class='ocr_line' id='line_1_29' title="bbox 204 4920 2065 5010; baseline 0.001 -26"><span class='ocrx_word' id='word_1_384' title='bbox 204 4923 357 4991; x_wconf 89' lang='lat' dir='ltr'>voluerit</span> <span class='ocrx_word' id='word_1_385' title='bbox 372 4925 501 5010; x_wconf 89' lang='lat' dir='ltr'>absque</span> <span class='ocrx_word' id='word_1_386' title='bbox 518 4923 611 4991; x_wconf 91' lang='lat' dir='ltr'>omni</span> <span class='ocrx_word' id='word_1_387' title='bbox 628 4923 874 4991; x_wconf 89' lang='lat' dir='ltr'>contrarietate</span> <span class='ocrx_word' id='word_1_388' title='bbox 890 4925 942 4991; x_wconf 91' lang='lat' dir='ltr'>vel</span> <span class='ocrx_word' id='word_1_389' title='bbox 958 4924 1219 5008; x_wconf 89' lang='lat' dir='ltr'>requisitionem</span> <span class='ocrx_word' id='word_1_390' title='bbox 1235 4923 1344 5008; x_wconf 89' lang='lat' dir='ltr'>ipsius</span> <span class='ocrx_word' id='word_1_391' title='bbox 1361 4923 1505 5010; x_wconf 87' lang='lat' dir='ltr'>guidoni</span> <span class='ocrx_word' id='word_1_392' title='bbox 1522 4925 1557 4991; x_wconf 91' lang='lat' dir='ltr'>et</span> <span class='ocrx_word' id='word_1_393' title='bbox 1571 4922 1614 4992; x_wconf 92' lang='lat' dir='ltr'>de</span> <span class='ocrx_word' id='word_1_394' title='bbox 1628 4923 1703 4992; x_wconf 88' lang='lat' dir='ltr'>eius</span> <span class='ocrx_word' id='word_1_395' title='bbox 1718 4921 1875 4990; x_wconf 86' lang='lat' dir='ltr'>heredes.</span> <span class='ocrx_word' id='word_1_396' title='bbox 1894 4923 1930 4988; x_wconf 92' lang='lat' dir='ltr'>et</span> <span class='ocrx_word' id='word_1_397' title='bbox 1944 4920 2065 4988; x_wconf 90' lang='lat' dir='ltr'>taliter</span> 
     </span>
     <span class='ocr_line' id='line_1_30' title="bbox 204 5063 1738 5164; baseline 0.005 -24"><span class='ocrx_word' id='word_1_398' title='bbox 204 5093 271 5158; x_wconf 92' lang='lat' dir='ltr'>pro</span> <span class='ocrx_word' id='word_1_399' title='bbox 287 5063 388 5160; x_wconf 86' lang='lat' dir='ltr'>parte</span> <span class='ocrx_word' id='word_1_400' title='bbox 403 5077 556 5162; x_wconf 90' lang='lat' dir='ltr'>ipsorum</span> <span class='ocrx_word' id='word_1_401' title='bbox 573 5079 735 5162; x_wconf 90' lang='lat' dir='ltr'>germani</span> <span class='ocrx_word' id='word_1_402' title='bbox 751 5078 904 5146; x_wconf 87' lang='lat' dir='ltr'>scribere</span> <span class='ocrx_word' id='word_1_403' title='bbox 920 5079 1063 5146; x_wconf 88' lang='lat' dir='ltr'>fecimus</span> <span class='ocrx_word' id='word_1_404' title='bbox 1078 5079 1113 5146; x_wconf 91' lang='lat' dir='ltr'>te</span> <span class='ocrx_word' id='word_1_405' title='bbox 1130 5081 1248 5164; x_wconf 87' lang='lat' dir='ltr'>petrus</span> <span class='ocrx_word' id='word_1_406' title='bbox 1263 5080 1422 5147; x_wconf 86' lang='lat' dir='ltr'>notarius</span> <span class='ocrx_word' id='word_1_407' title='bbox 1437 5079 1497 5164; x_wconf 90' lang='lat' dir='ltr'>qui</span> <span class='ocrx_word' id='word_1_408' title='bbox 1512 5077 1713 5147; x_wconf 85' lang='lat' dir='ltr'>interfuisti.</span> <span class='ocrx_word' id='word_1_409' title='bbox 1736 5147 1738 5150; x_wconf 82' lang='grc'><strong>,</strong></span> 
     </span>
    </p>

    <p class='ocr_par' dir='ltr' id='par_1_7' title="bbox 86 5185 836 5316">
     <span class='ocr_line' id='line_1_31' title="bbox 86 5185 836 5316; baseline 0.005 -21"><span class='ocrx_word' id='word_1_410' title='bbox 86 5185 89 5190; x_wconf 14' lang='grc' dir='ltr'>λ</span> <span class='ocrx_word' id='word_1_411' title='bbox 268 5201 299 5313; x_wconf 93' lang='lat'>†</span> <span class='ocrx_word' id='word_1_412' title='bbox 315 5249 381 5314; x_wconf 89' lang='lat' dir='ltr'>ego</span> <span class='ocrx_word' id='word_1_413' title='bbox 398 5231 455 5316; x_wconf 94' lang='lat' dir='ltr'>qui</span> <span class='ocrx_word' id='word_1_414' title='bbox 471 5250 580 5316; x_wconf 91' lang='lat' dir='ltr'>supra</span> <span class='ocrx_word' id='word_1_415' title='bbox 595 5237 715 5316; x_wconf 91' lang='lat' dir='ltr'>petrus</span> <span class='ocrx_word' id='word_1_416' title='bbox 732 5232 836 5300; x_wconf 85' lang='lat' dir='ltr'>iudex</span> 
     </span>
    </p>

    <p class='ocr_par' dir='ltr' id='par_1_8' title="bbox 269 5350 833 5463">
     <span class='ocr_line' id='line_1_32' title="bbox 269 5350 833 5463; baseline 0.012 -17"><span class='ocrx_word' id='word_1_417' title='bbox 269 5350 382 5463; x_wconf 89' lang='lat' dir='ltr'>†ego</span> <span class='ocrx_word' id='word_1_418' title='bbox 397 5378 578 5450; x_wconf 85' lang='lat' dir='ltr'>adenolfus</span> <span class='ocrx_word' id='word_1_419' title='bbox 829 5355 833 5365; x_wconf 40' lang='lat'>¹</span> 
     </span>
    </p>

    <p class='ocr_par' dir='ltr' id='par_1_9' title="bbox 269 5499 592 5614">
     <span class='ocr_line' id='line_1_33' title="bbox 269 5499 592 5614; baseline 0.019 -20"><span class='ocrx_word' id='word_1_420' title='bbox 269 5499 302 5614; x_wconf 91' lang='lat'>†</span> <span class='ocrx_word' id='word_1_421' title='bbox 316 5546 383 5614; x_wconf 91' lang='lat' dir='ltr'>ego</span> <span class='ocrx_word' id='word_1_422' title='bbox 398 5530 592 5614; x_wconf 88' lang='lat' dir='ltr'>guaiferius</span> 
     </span>
    </p>

    <p class='ocr_par' dir='ltr' id='par_1_10' title="bbox 269 5654 516 5768">
     <span class='ocr_line' id='line_1_34' title="bbox 269 5654 516 5768; baseline 0.024 -22"><span class='ocrx_word' id='word_1_423' title='bbox 269 5654 301 5766; x_wconf 93' lang='lat'>†</span> <span class='ocrx_word' id='word_1_424' title='bbox 315 5699 382 5766; x_wconf 86' lang='lat' dir='ltr'>ego</span> <span class='ocrx_word' id='word_1_425' title='bbox 396 5687 516 5768; x_wconf 89' lang='lat' dir='ltr'>petrus</span> 
     </span>
    </p>

    <p class='ocr_par' dir='ltr' id='par_1_11' title="bbox 272 5806 1006 5924">
     <span class='ocr_line' id='line_1_35' title="bbox 272 5806 1006 5924; baseline 0.012 -25"><span class='ocrx_word' id='word_1_426' title='bbox 272 5806 303 5918; x_wconf 92' lang='lat'>†</span> <span class='ocrx_word' id='word_1_427' title='bbox 318 5852 384 5918; x_wconf 89' lang='lat' dir='ltr'>ego</span> <span class='ocrx_word' id='word_1_428' title='bbox 400 5835 556 5903; x_wconf 88' lang='lat' dir='ltr'>ademari</span> <span class='ocrx_word' id='word_1_429' title='bbox 571 5837 729 5906; x_wconf 87' lang='lat' dir='ltr'>notarius</span> <span class='ocrx_word' id='word_1_430' title='bbox 746 5857 801 5906; x_wconf 92' lang='lat' dir='ltr'>me</span> <span class='ocrx_word' id='word_1_431' title='bbox 816 5839 1006 5924; x_wconf 90' lang='lat' dir='ltr'>subscripsi</span> 
     </span>
    </p>
   </div>
   <div class='ocr_carea' id='block_1_6' title="bbox 272 5957 802 6076">
    <p class='ocr_par' dir='ltr' id='par_1_12' title="bbox 272 5957 802 6076">
     <span class='ocr_line' id='line_1_36' title="bbox 272 5957 802 6076; baseline 0.009 -23"><span class='ocrx_word' id='word_1_432' title='bbox 272 5957 303 6070; x_wconf 95' lang='lat'><em>†</em></span> <span class='ocrx_word' id='word_1_433' title='bbox 318 6005 385 6072; x_wconf 89' lang='lat' dir='ltr'>ego</span> <span class='ocrx_word' id='word_1_434' title='bbox 401 5991 518 6073; x_wconf 91' lang='lat' dir='ltr'>petrus</span> <span class='ocrx_word' id='word_1_435' title='bbox 534 6009 588 6058; x_wconf 90' lang='lat' dir='ltr'>me</span> <span class='ocrx_word' id='word_1_436' title='bbox 604 5991 802 6076; x_wconf 87' lang='lat' dir='ltr'>subscripsi.</span> 
     </span>
    </p>
   </div>
   <div class='ocr_carea' id='block_1_7' title="bbox 0 0 2636 7092">
    <p class='ocr_par' dir='ltr' id='par_1_13' title="bbox 0 0 2636 7092">
     <span class='ocr_line' id='line_1_37' title="bbox 0 0 2636 7092; baseline 0 0"><span class='ocrx_word' id='word_1_437' title='bbox 0 0 2636 7092; x_wconf 95' lang='lat' dir='ltr'> </span> 
     </span>
    </p>
   </div>
  </div>
 </body>
</html>
