5252 7102
547 587 609 652 264
1213 571 1378 644 oobux
1416 572 1648 645 GAVENSIS

506 820 594 886 riam
618 818 661 886 de
685 821 779 884 terra
801 834 880 883 cum
904 817 1009 884 vinea
1030 819 1066 884 et
1088 835 1164 884 curn
1179 815 1389 900 aliquantum
1414 815 1529 900 ipsum
1553 833 1698 884 vacuum
1721 835 1784 901 per
1807 819 1888 887 finis
1909 823 1944 887 et
1968 822 2164 900 mansoriis,
2191 841 2256 907 que
2276 823 2367 891 inse·

506 971 579 1040 rius
601 971 828 1049 declaramus
847 970 944 1048 dare,
962 970 1055 1037 et'ab
1069 986 1147 1036 cum
1164 967 1320 1051 recipere
1334 967 1410 1051 ipsa
1426 967 1577 1034 clusoria
1591 985 1653 1036 sua
1676 966 1718 1036 de
1734 970 1828 1035 terra
1843 987 1921 1035 cum
1944 971 2045 1039 vinea
2067 989 2143 1038 cum
2160 973 2228 1056 ipsi
2245 971 2360 1052 solidi,

504 1123 606 1200 unde,
633 1126 670 1188 ut
692 1123 856 1201 diximus,
882 1120 1040 1187 cadimen
1056 1115 1082 1206 ⁴)
1106 1120 1216 1203 ipsius
1239 1115 1381 1186 ecclesie
1397 1117 1541 1203 aliisque
1589 1169 1895 1187 ......
1943 1123 2054 1189 nostri
2077 1121 2242 1206 episcopii
2261 1125 2361 1190 resti-

505 1281 603 1344 tuere
618 1278 654 1342 et
668 1275 857 1359 adimplere
870 1276 1058 1352 valeamus,
1074 1275 1119 1352 et,
1138 1275 1177 1340 ut
1193 1271 1388 1340 videremus
1404 1272 1435 1338 si
1450 1289 1576 1339 vonum
1592 1271 1634 1338 ad
1653 1290 1734 1358 pars
1749 1273 1859 1341 nostri
1871 1273 2047 1358 episcopii
2071 1273 2238 1354 eveniret,
2256 1293 2363 1360 super

505 1429 607 1497 rebus
623 1427 708 1512 ipsis
724 1444 823 1511 quem
841 1425 927 1492 dare
942 1429 976 1493 et
991 1426 1147 1508 recipere
1162 1425 1329 1502 volumus,
1356 1442 1426 1490 una
1449 1442 1527 1489 curn
1555 1424 1704 1491 iohanne
1730 1423 1843 1492 iudice
1866 1426 1900 1492 et
1925 1443 2002 1491 cum
2025 1427 2101 1510 ipso
2123 1426 2361 1495 advocatorem

506 1578 651 1664 aliisque
665 1577 774 1645 doctis
789 1578 987 1646 hominibus
1003 1575 1233 1661 perreximus,
1250 1577 1284 1644 et
1300 1593 1379 1641 cum
1397 1593 1531 1646 summa
1546 1572 1730 1659 diligentia
1746 1579 1846 1646 rebus
1863 1579 1937 1662 ipsa
1953 1576 2165 1662 providimus
2187 1579 2223 1643 et
2243 1577 2367 1644 stima-

506 1732 618 1798 vimus
627 1752 646 1818 3·
655 1736 707 1798 set
722 1731 845 1797 melius
862 1731 970 1804 multo
987 1729 1086 1796 nobis
1102 1728 1360 1797 remelioratum
1375 1727 1571 1820 comparuit
1586 1746 1659 1796 esse
1675 1729 1763 1807 illut,
1782 1747 1883 1812 quem
1907 1733 1982 1814 ipse
1996 1731 2142 1814 pinnino
2164 1729 2262 1797 nobis
2277 1729 2366 1795 dare

507 1887 674 1952 vulteum
691 1885 776 1969 ipsis
792 1883 923 1961 solidis,
942 1900 1047 1967 super
1060 1883 1223 1994 illutque
1239 1899 1261 1947 a
1275 1899 1338 1948 nos
1354 1882 1480 1950 tollere¹
1492 1881 1615 1965 querit.
1635 1879 1817 1951 redeuntes
1832 1899 1913 1949 vero
1930 1882 1972 1950 de
1986 1884 2068 1950 illuc
2084 1885 2146 1951 hec
2162 1883 2278 1949 omnia
2299 1901 2364 1966 per

507 2035 630 2102 ordine
653 2033 841 2119 supradicti
865 2034 985 2118 magni
1011 2032 1227 2117 principibus
1250 2029 1539 2108 annuntiavimus,
1553 2033 1590 2096 ut
1612 2049 1675 2115 per
1699 2031 1836 2126 illorum
1859 2032 2033 2100 licentiam
2057 2033 2147 2098 hanc
2170 2025 2365 2098 faceremus

507 2189 651 2273 vicaria3
671 2190 723 2255 illi
739 2191 865 2266 autem,
880 2186 961 2252 dum
978 2204 1041 2270 per
1058 2203 1121 2251 sua
1136 2184 1366 2268 exquisitione
1382 2185 1612 2266 agnoverunt,
1627 2181 1718 2267 quod
1734 2199 1859 2248 vonum
1877 2182 1920 2250 ad
1935 2183 2093 2268 partibus
2108 2183 2216 2251 nostri
2233 2184 2364 2268 episco-

507 2341 557 2424 pii
583 2340 749 2416 eveniret,
777 2337 1005 2422 psolutionom
1030 2337 1129 2402 nobis
1152 2336 1322 2402 dederunt
1343 2335 1427 2401 talia
1449 2334 1710 2421 perficiendum3
1734 2335 1839 2402 etiam
1855 2305 1897 2400 'et
1920 2334 1963 2400 de
1986 2351 2049 2401 sua
2071 2335 2248 2418 presentia
2270 2333 2366 2400 inter

507 2492 657 2561 medium
680 2494 835 2560 nostrum
859 2490 1037 2558 essendum
1061 2488 1264 2556 direxerunt
1288 2489 1474 2555 sikenolsus
1497 2489 1633 2566 comite,
1659 2491 1694 2554 et
1716 2505 1780 2555 nos
1803 2487 1940 2570 utrique
1962 2488 2119 2572 partibus
2143 2489 2366 2556 observantes

507 2661 631 2728 eaque
648 2642 684 2708 in
701 2641 757 2708 lex
773 2640 1066 2726 langobardorum
1083 2640 1126 2706 de
1142 2641 1395 2707 convenientia
1411 2643 1446 2706 et
1460 2639 1728 2706 commutatione
1743 2639 1905 2705 adfictum
1928 2641 1991 2717 est,
2010 2655 2093 2722 pars
2116 2637 2265 2722 partium
2282 2654 2366 2704 con·

507 2798 705 2862 vocavimus
722 2797 856 2862 idoneis
872 2795 1081 2872 hominibus,
1100 2799 1137 2860 ut
1153 2810 1220 2878 quo
1247 2795 1429 2877 utrumque
1451 2794 1653 2870 taceremus
1680 2793 1953 2876 omnitempore
1976 2792 2114 2858 firmum
2138 2791 2365 2874 sterilemque

509 2952 675 3017 maneret.
690 2964 757 3032 quo
769 2949 817 3014 ita
829 2949 969 3025 sactum,
984 2965 1050 3030 ego
1066 2945 1225 3030 superius
1240 2943 1352 3011 dictus
1368 2944 1522 3029 pontifex
1541 2947 1575 3013 et
1590 2963 1657 3011 una
1671 2961 1804 3012 mecum
1821 2943 1934 3028 ipsum
1952 2943 2189 3010 advocatorem
2205 2946 2362 3008 nostrum

507 3118 570 3184 per
587 3117 710 3165 vonam
728 3099 981 3165 cumvenientia
996 3101 1078 3165 ante
1094 3099 1206 3183 ipsum
1224 3095 1329 3164 iudex
1344 3099 1378 3164 et
1392 3055 1603 3164 subscriptos
1619 3099 1722 3165 testes
1737 3097 1931 3183 recepimus
1947 3097 2014 3162 ate
2026 3095 2202 3161 nominato
2215 3093 2368 3178 pinnino

505 3251 574 3336 ipsi
590 3249 708 3317 decem
731 3249 844 3330 solidi,
864 3252 898 3318 et
924 3268 987 3334 per
1013 3268 1138 3317 vonam
1167 3251 1417 3316 comveuientia
1443 3249 1651 3316 tradidimus
1678 3251 1712 3317 et
1736 3249 1980 3314 confirmamus
2005 3247 2114 3324 vobis,
2132 3248 2169 3311 ut
2195 3244 2363 3322 diximus

479 3470 486 3484 ,
507 3401 788 3468 commutationis
804 3400 926 3468 ordine
943 3401 1098 3484 predicta
1114 3399 1324 3466 clusoria-de
1339 3404 1433 3468 terra
1449 3419 1527 3466 cum
1544 3400 1647 3466 vinea
1663 3401 1698 3466 et
1714 3401 1860 3466 bacuum
1877 3417 1940 3483 per
1951 3400 2015 3464 hec
2027 3397 2107 3464 finis
2119 3399 2154 3462 et
2165 3395 2364 3463 mensuriis:

504 3550 667 3635 desuper
683 3553 783 3635 parte
799 3521 1025 3635 incipiente'a
1042 3553 1186 3619 termine
1202 3552 1258 3635 qui
1309 3599 1792 3617 .........
1841 3548 2036 3646 deviaque
2058 3547 2155 3613 vadit
2175 3547 2218 3613 ad
2240 3550 2367 3612 sancto

506 3706 617 3790 petro,
635 3707 668 3771 et
685 3697 853 3788 pergente
869 3722 932 3789 per
948 3704 1062 3771 medio
1078 3704 1189 3770 rifano
1204 3705 1263 3788 qui
1279 3705 1331 3771 est
1347 3705 1439 3790 inter
1457 3693 1559 3769 binea
1575 3703 1653 3787 ipsa
1668 3703 1703 3769 et
1726 3703 1830 3768 binea
1851 3700 1894 3768 de
1916 3700 2018 3768 erede
2041 3699 2149 3766 alfani
2171 3699 2306 3765 diaconi
2328 3703 2368 3765 et

451 3892 457 3902 ·
505 3857 570 3924 filii
585 3858 708 3926 stefani
724 3877 841 3942 usque,
860 3858 915 3924 ubi
932 3857 1001 3923 alio
1018 3857 1165 3925 termine
1180 3857 1297 3922 fictum
1315 3858 1379 3933 est,
1398 3855 1478 3922 inde
1493 3857 1573 3922 sunt
1587 3855 1678 3940 passi
1694 3854 1917 3938 septuaginta
1932 3872 2006 3930 sex,
2021 3855 2055 3918 et
2077 3851 2200 3921 deinde
2222 3850 2366 3918 descen-

468 4041 473 4055 ·
503 4007 607 4075 dente
623 4006 660 4074 in
677 4008 836 4092 partibus
853 4007 1039 4074 occidentis
1054 4006 1246 4090 permedio
1262 4009 1331 4073 alio
1348 4007 1459 4072 rifano
1482 4025 1586 4092 usque
1608 4009 1646 4073 in
1670 4007 1726 4074 via
1748 4007 1888 4090 puplica
1910 4007 2056 4090 suntque
2080 4007 2173 4088 passi
2197 4004 2366 4089 quinqua·

502 4119 615 4244 ginta,
631 4161 723 4229 etde
739 4164 859 4228 subtus
875 4163 1035 4246 partibus
1050 4177 1138 4246 erga
1154 4162 1232 4245 ipsa
1247 4161 1302 4226 via
1318 4163 1353 4236 et
1368 4159 1449 4226 inde
1463 4163 1544 4228 sunt
1560 4178 1679 4244 passos
1694 4159 1889 4244 nonaginta
1904 4177 1978 4237 sen,
1997 4161 2031 4226 et
2047 4160 2190 4226 saliente
2205 4175 2267 4241 per
2283 4139 2366 4241 ipsa

502 4313 561 4378 via
576 4291 710 4397 priores
726 4315 760 4380 et
775 4315 883 4396 iunge
900 4315 937 4379 in
953 4313 1118 4381 iamdicto
1136 4314 1282 4380 termine
1298 4315 1444 4396 suntque
1460 4327 1580 4395 passos
1596 4311 1724 4396 biginti
1740 4310 1819 4388 duo,
1834 4311 1943 4376 totum
1960 4312 2196 4376 mensuratum
2213 4306 2256 4373 ad
2271 4308 2367 4374 iusto

501 4482 654 4549 passum.
674 4469 763 4532 hanc
780 4484 861 4531 vero
879 4464 1030 4532 clusuria
1042 4463 1088 4530 de
1105 4465 1198 4532 terra
1213 4480 1290 4528 cum
1309 4463 1410 4560 binea
1426 4467 1460 4528 et
1476 4464 1622 4555 bacuum
1647 4481 1708 4546 per
1731 4461 1891 4527 iamdicte
1912 4460 1992 4526 finis
2016 4465 2051 4528 et
2074 4458 2260 4526 mensuriis
2283 4476 2366 4526 cum

483 4616 665 4684 omnibus
681 4617 775 4683 infra
791 4636 827 4684 se
843 4619 1049 4685 habentibus
1065 4615 1381 4700 omnibusquesuis
1409 4613 1629 4698 pertinentiis
1656 4631 1734 4679 corn
1762 4613 1838 4680 vice
1865 4613 1907 4680 de
1933 4612 1990 4679 via
2017 4631 2081 4680 sua
2107 4612 2170 4678 tibi
2199 4609 2365 4677 iamdicto

501 4753 641 4854 pinnini
657 4769 695 4836 in
711 4771 989 4837 commutationis
1004 4769 1124 4837 ordine
1139 4767 1345 4835 tradidimus
1360 4767 1404 4834 ad
1421 4768 1586 4834 securiter
1602 4769 1637 4832 et
1651 4766 1800 4831 firmiter
1816 4765 1939 4831 amodo
1956 4767 1991 4832 et
2005 4782 2144 4848 semper
2159 4782 2220 4830 vos
2241 4765 2366 4830 vestri·

503 4941 571 5008 que
586 4919 702 4990 eredes
718 4922 796 4988 illut
811 4923 1017 5000 havendum,
1036 4921 1297 5000 dominandum,
1316 4919 1560 5005 possidendum
1577 4921 1612 4987 et
1634 4920 1753 4984 omnia
1775 4915 1856 4986 inde
1878 4915 2071 4984 faciendum
2095 4935 2162 5001 que
2184 4914 2366 4981 volueritis

499 5076 630 5160 absque
646 5075 739 5141 omni
757 5077 877 5140 nostra
893 5076 1068 5159 nostrique
1083 5073 1334 5141 successoribus
1351 5073 1596 5139 contrarietate
1612 5073 1666 5138 vel
1690 5069 1927 5155 requisitione.
1945 5067 2042 5138 Unde
2065 5083 2128 5152 pro
2152 5065 2363 5132 confirman—

500 5225 634 5295 damet
658 5225 939 5295 staviliscendam
961 5229 1053 5293 hanc
1075 5227 1194 5295 nostra
1220 5223 1481 5292 vicariationem
1506 5243 1569 5309 per
1592 5223 1662 5316 alia
1685 5225 1832 5300 cartula,
1851 5239 1918 5306 que
1940 5222 2022 5304 aput
2044 5237 2105 5286 nos
2127 5219 2255 5284 scribta
2277 5217 2362 5284 reti-

500 5395 633 5456 nemus,
651 5379 845 5464 recepimus
860 5397 881 5445 a
896 5397 957 5446 vos
973 5379 1053 5464 ipsa
1068 5379 1221 5446 clusoria
1237 5377 1279 5448 de
1295 5380 1483 5446 borracum
1500 5377 1602 5442 vinea
1619 5377 1733 5443 vestra
1747 5373 1791 5440 de
1806 5375 1916 5440 locum
1932 5386 2085 5458 pazzano
2108 5387 2170 5453 per
2194 5370 2257 5436 hec
2278 5366 2362 5434 fluis

502 5532 537 5596 et
552 5530 755 5598 mensuriis:
775 5549 916 5616 asuper
933 5534 1046 5616 parte,
1064 5531 1154 5598 sicut
1169 5529 1284 5598 media
1300 5530 1431 5597 murice
1448 5528 1615 5598 discernit
1637 5527 1727 5594 inter
1752 5525 1854 5593 binea
1876 5526 1993 5592 vestra
2015 5527 2049 5591 et
2073 5523 2173 5590 vinea
2197 5503 2361 5604 imperati

2344 5625 2364 5659 X

500 5711 840 5721 -—-...—-—-.-—
903 5720 927 5726 .-

556 5839 579 5911 ⁴)
596 5837 739 5909 Codimeo,
755 5839 833 5895 valet
846 5841 947 5894 cidima
960 5839 1007 5896 vel
1020 5839 1139 5894 cwimo.
