5252 7102
985 567 1359 645 DIPLOMATICUS
1989 597 2049 660 327

231 806 270 872 ct
295 823 357 890 per
380 805 459 890 ipsa
482 806 542 874 bia
564 809 799 894 coniungente
823 811 995 896 usquead
1019 813 1095 898 ipsa
1118 813 1176 882 bia
1199 816 1289 902 quod
1312 822 1365 888 est
1379 820 1495 906 priore
1510 824 1607 902 lines,
1626 829 1661 895 61
1677 829 1729 895 est
1744 827 1824 896 inde
1838 846 1901 914 per
1924 829 2099 900 mensoria

235 955 332 1040 passi
355 955 505 1040 triginta
528 956 698 1043 quadtuor
722 959 766 1027 ad
790 959 881 1028 iusto
904 979 1053 1046 passum:
1078 964 1242 1051 finitaque
1257 967 1389 1038 vicaria
1410 972 1523 1056 ipsam
1548 977 1634 1060 aput
1655 993 1730 1056 nos,
1748 977 1791 1046 de
1807 997 1873 1064 qua
1897 999 1960 1066 per
1973 999 2096 1050 vonam

233 1109 515 1178 conbenientiam
541 1129 608 1196 ego
630 1113 851 1198 supradictus
872 1117 1009 1184 amatus
1025 1119 1308 1205 archiepiscopus
1330 1124 1448 1208 obligo
1470 1143 1525 1193 me
1541 1129 1576 1194 et
1590 1128 1675 1196 meis
1690 1129 1946 1202 subcessoribus
1962 1137 1996 1202 et
2012 1153 2096 1220 pars

234 1261 384 1346 predicti
407 1265 519 1332 nostri
543 1265 809 1353 archiepiscopii
834 1269 957 1338 amodo
980 1273 1015 1339 et
1039 1290 1174 1357 semper
1198 1275 1433 1345 antistandum
1457 1279 1491 1347 61
1514 1279 1761 1350 defensandum
1785 1285 1849 1352 tibi
1880 1287 1997 1372 tuique
2019 1305 2095 1356 ere-

228 1413 334 1484 dibus
356 1416 479 1483 inclita
501 1417 702 1520 supradicta
724 1421 842 1489 nostra
864 1422 1050 1492 traditione
1071 1443 1136 1508 per
1157 1426 1355 1512 supradicte
1370 1429 1452 1498 finis
1473 1435 1508 1500 61
1530 1435 1710 1503 mensuris
1732 1437 1807 1522 ipsa
1829 1439 2004 1522 percurrit
2015 1457 2092 1505 curn

231 1565 306 1634 bice
327 1566 370 1635 de
391 1568 466 1654 ipsa
490 1568 547 1637 bia
570 1569 615 1638 da
638 1587 756 1642 omnes
778 1573 910 1641 omines
933 1575 1095 1661 omnique
1118 1578 1286 1662 partibus.
1313 1580 1343 1646 si
1367 1582 1494 1662 autem,
1510 1581 1601 1650 sicut
1624 1584 1753 1654 dietum
1784 1590 1847 1668 661,
1870 1591 1988 1658 taliter
2012 1591 2091 1660 illut

226 1721 292 1788 tibi
314 1721 432 1806 tuique
454 1721 613 1791 eredibus
636 1739 706 1792 non
729 1723 1043 1804 defensaberimus‚
1070 1733 1132 1796 aut
1155 1731 1186 1797 si
1209 1749 1276 1816 ego
1299 1733 1355 1802 vel
1379 1751 1473 1802 meos
1496 1754 1738 1819 successores,
1764 1743 1849 1808 haut
1872 1761 1956 1827 pars
1979 1745 2087 1811 nostri

229 1873 379 1960 predicti
402 1877 667 1963 archiepiscopii
690 1879 1006 1968 quomodocumque
1034 1902 1097 1968 per
1120 1887 1367 1974 qualecumque
1389 1891 1527 1958 ratione
1556 1891 1635 1960 illut
1659 1895 1714 1960 vel
1738 1894 1865 1962 exinde
1888 1895 1949 1964 tibi
1974 1896 2092 1982 tuique

228 2027 390 2096 eredibus
414 2031 535 2098 tollere
557 2033 617 2098 aut
638 2034 799 2100 contrane
814 2051 874 2101 seu
890 2037 1323 2122 remoberequesierimus,
1343 2015 1550 2128 componere
1561 2045 1678 2131 obligo
1694 2065 1749 2114 me
1763 2047 1981 2132 supradictus
1997 2066 2092 2116 ama-

227 2179 285 2247 tus
309 2179 592 2265 archiepiscopus
615 2197 773 2266 meosque
785 2200 999 2252 successores
1013 2186 1047 2254 et
1058 2203 1139 2269 pars
1151 2187 1297 2271 predicti
1313 2191 1423 2258 nostri
1447 2192 1717 2279 archiepiscopii
1738 2195 2086 2281 quinquagintaauri
2222 2195 2224 2200 ’

225 2331 356 2400 solidos
379 2331 603 2428 costantinus.
630 2336 665 2401 et
687 2335 805 2402 taliter
828 2337 981 2405 scribere
1005 2339 1208 2424 rogabimus
1229 2344 1264 2411 16
1285 2345 1405 2428 petrus
1427 2347 1595 2414 notarius.
1623 2349 1738 2414 actum
1762 2349 1913 2418 salerne.

287 2455 396 2569 †ego
419 2484 479 2569 qui
502 2503 610 2571 supra
632 2485 802 2556 iohannes

286 2608 315 2722 †
330 2655 397 2722 ego
420 2641 538 2722 petrus
560 2637 726 2706 diaconus

284 2761 396 2876 †ego
417 2807 534 2859 sassus
556 2792 703 2860 clericus
803 2815 810 2823 ·

253 3017 255 3022 ,
285 2917 395 3030 †ego
418 2946 534 3030 petrus
556 2943 659 3012 iudex

284 3069 395 3182 †eg0
418 3094 586 3166 iohannes
609 3114 664 3163 me
685 3098 872 3183 subscripsi

283 3224 394 3338 †ego
416 3251 607 3321 teudericus
629 3271 684 3321 me
705 3250 905 3334 subscripsi.

957 3764 1351 3845 CCCGXLVII.

1008 4015 1064 4092 A.
1102 3999 1155 4090 D.‘
1191 4010 1294 4090 992.

280 4278 369 4410 †ln
393 4323 533 4392 nomine
555 4321 688 4390 domini
711 4338 802 4390 nono
824 4339 916 4390 anno
938 4321 1157 4408 principatus
1185 4319 1304 4390 domni
1334 4321 1446 4389 nostri
1469 4320 1613 4390 iohanni
1637 4322 1671 4389 et
1693 4323 1818 4408 quarto
1847 4340 1940 4392 anuo
1962 4322 2080 4392 domni

220 4478 401 4564 guaimari
424 4477 498 4548 illio
521 4479 596 4547 eius
619 4478 766 4564 gloriosi
788 4477 1016 4563 principibus,
1042 4494 1161 4546 mense
1183 4477 1314 4563 aprelis
1346 4475 1469 4562 quinta
1490 4475 1689 4547 indictione.
1715 4478 1797 4545 ante
1820 4497 1875 4548 me
1896 4481 1950 4547 leo
1976 4477 2079 4547 iudex

220 4629 380 4698 causarit
402 4628 565 4698 ildericus
587 4628 818 4699 subdiaconus
840 4633 876 4699 61
896 4629 1055 4697 notarius
1079 4647 1157 4696 cum
1180 4629 1262 4696 licto
1284 4628 1376 4698 filius
1399 4628 1518 4698 bosoni
1542 4627 1726 4698 dicendum
1749 4629 1800 4709 ei,
1825 4631 1865 4697 ut
1887 4632 1979 4698 malo
2001 4632 2081 4697 hor·

218 4780 302 4849 dine
324 4782 360 4848 et
385 4780 461 4849 sine
483 4779 621 4850 ratione
645 4779 823 4848 introisset
845 4778 883 4844 in
906 4780 1010 4846 rebus
1032 4778 1104 4848 eius
1126 4777 1303 4846 dalocum
1328 4777 1483 4858 nuceria,
1501 4796 1571 4865 que
1585 4778 1651 4846 luit
1672 4781 1775 4848 rebus
1796 4780 1874 4866 ipsa
1892 4779 2028 4850 deodati
2041 4781 2080 4848 11-

220 4934 287 5002 lius
309 4935 397 5042 lupi,
421 4932 512 5020 quod
536 4933 694 5002 dicebam
720 4932 793 5019 ipse
816 4931 979 5002 ildericus
1004 4950 1069 5019 per
1099 4933 1231 5002 cartula
1264 4931 1460 5000 donationis
1490 4935 1635 5002 haberet
1663 4951 1685 5000 a
1713 4937 1815 5019 parte
1844 4931 2002 5002 landoari
2025 4950 2081 5000 co-

217 5085 313 5155 mitis
335 5085 430 5154 filius
453 5086 541 5154 bone
563 5084 729 5156 memorie
752 5085 924 5166 lamberti,
957 5087 993 5154 et
1014 5086 1110 5153 lobes
1132 5083 1181 5152 ibi
1204 5082 1340 5154 16616661
1362 5086 1406 5152 ab
1429 5101 1499 5152 una
1518 5101 1626 5171 usque
1648 5082 1691 5153 ad
1707 5083 1838 5165 decem,
1856 5087 1891 5152 61
1906 5085 2079 5152 clusamen

90 5269 92 5279 v
219 5238 302 5308 inde
325 5239 537 5321 abscidisset,
555 5243 591 5309 61
606 5242 705 5310 rebus
720 5241 799 5327 ipsa
813 5241 1007 5311 termitasse
1028 5241 1064 5308 61
1079 5239 1327 5308 extermitasse.
1346 5255 1412 5326 quo
1428 5238 1545 5308 audito
1567 5238 1641 5326 ipse
1652 5239 1735 5308 licto
1758 5237 1845 5308 talia
1867 5237 2031 5307 adversus
2043 5257 2081 5308 se

213 5391 332 5476 ipsum
360 5389 524 5460 ildericus
547 5391 768 5472 causandum,
794 5398 996 5479 responsum
1021 5393 1055 5462 ei
1077 5391 1203 5461 retdidi
1233 5389 1429 5472 dicendum,
1456 5392 1495 5459 ut
1519 5389 1654 5460 nescire
1676 5389 1720 5458 de
1741 5393 1842 5477 quale
1870 5393 1974 5459 rebus
2003 5409 2080 5459 cum

206 5565 293 5615 cum
320 5549 497 5616 causavit.
523 5563 587 5616 nos
606 5550 740 5635 prelato
766 5550 819 5616 leo
842 5547 959 5628 iudex,
984 5547 1067 5617 dum
1090 5549 1209 5618 taliter
1236 5547 1312 5634 ipse
1339 5547 1557 5618 causationes
1590 5543 1784 5614 audivimus
1806 5547 1841 5612 et
1862 5545 2079 5630 agnovimus,

215 5700 297 5771 ideo
321 5699 411 5768 inter
433 5701 484 5769 eis
506 5699 749 5780 iudicavimus,
774 5705 809 5771 et
830 5721 894 5788 per
922 5705 1038 5787 partes
1062 5703 1132 5772 illis
1155 5703 1327 5789 guadiare
1352 5703 1514 5780 fecimus,
1546 5701 1585 5767 ut
1608 5717 1689 5786 pars
1711 5699 1863 5785 partium
1891 5698 2020 5783 plicare
2046 5716 2083 5769 se

217 5872 299 5921 cum
327 5851 400 5924 suis
422 5855 637 5934 rationibus,
662 5857 796 5923 etcum
820 5853 933 5924 iudice
959 5859 994 5925 61
1022 5856 1159 5926 notario
1188 5873 1292 5941 super
1320 5853 1398 5940 ipsa
1427 5852 1547 5922 eadem
1581 5853 1685 5921 rebus
1716 5854 1752 5921 61
1780 5853 1986 5921 monstraret
2009 5851 2081 5936 ipse
