5286 7098
978 587 1355 662 ull‘lolllplcbs

291 805 475 919 †sergius
497 834 591 902 filius
613 835 775 921 pulchari
798 833 841 900 de
865 847 988 900 mauro
1012 830 1136 898 comite
1159 831 1255 901 testis
1278 851 1355 899 sum

305 961 322 1006 ⁸·
337 1005 404 1073 ego
427 987 564 1073 sergius
586 987 680 1056 lilius
703 987 924 1073 pantaleonis
946 985 990 1053 de
1013 984 1162 1052 iohanne
1184 984 1309 1051 comite
1331 985 1429 1054 testis
1452 1003 1528 1052 sum

356 1159 401 1226 go
423 1158 524 1209 ursus
547 1139 663 1208 scriva
686 1138 822 1223 scripsi.

972 1721 1002 1746 ,
1048 1644 1298 1724 coxon.

1027 1891 1081 1967 A.
1121 1891 1172 1967 D.
1210 1889 1314 1968 976.

562 2202 693 2268 domini
715 2201 772 2270 dei
794 2204 958 2270 salvatori
984 2201 1081 2270 ihesu
1105 2201 1214 2280 cristi,
1241 2204 1454 2286 temporibus
1476 2203 1593 2270 domni
1616 2205 1794 2271 mansonis
1818 2204 1964 2289 gloriosi
1987 2183 2084 2273 ducis
2105 2209 2111 2218 '

590 2354 646 2421 icii
673 2371 763 2421 anno
791 2357 911 2421 octavo
936 2354 1093 2432 decimo,
1124 2353 1180 2422 die
1202 2352 1366 2421 vicesima
1389 2355 1518 2421 mensis
1543 2355 1733 2433 februarii,
1763 2355 1954 2424 indictione
1984 2377 2089 2443 quar-

617 2509 659 2572 st
681 2525 737 2574 me
761 2510 859 2592 petro
882 2509 956 2576 filio
978 2508 1145 2595 quondam
1170 2509 1279 2592 sergii
1303 2507 1344 2574 de
1367 2508 1470 2585 crini,
1489 2511 1523 2574 et
1546 2526 1638 2575 anna
1660 2525 1749 2574 uxor
1765 2508 1903 2596 quidem
1921 2512 2028 2581 leonis
2043 2513 2085 2580 de

574 2692 616 2725 ue
639 2660 742 2740 crini,
768 2663 803 2727 et
826 2679 959 2729 mecum
983 2661 1222 2746 suprascripta
1245 2679 1339 2727 anna
1361 2665 1478 2728 stante
1501 2662 1619 2745 sergio
1644 2661 1717 2729 filio
1732 2663 1940 2729 constantini
1957 2663 1999 2732 de
2014 2683 2086 2732 ser-

228 2831 286 2899 gro
309 2812 353 2879 de
376 2815 597 2881 constantino
619 2813 662 2883 de
684 2814 810 2881 domno
833 2814 941 2881 iannu
957 2815 1016 2898 qui
1033 2833 1102 2882 una
1119 2833 1253 2882 mecum
1269 2813 1517 2898 quindiniiavit
1529 2808 1555 2900 ⁴)
1572 2830 1636 2898 pro
1651 2816 1750 2898 parte
1765 2815 1991 2899 suprascripti
2017 2819 2086 2884 leo-

224 2968 279 3036 nis
301 2969 370 3034 viri
393 2967 459 3036 mei
485 2971 520 3034 et
541 2969 647 3036 michi
671 2971 910 3055 suprascripto
933 2970 1049 3052 sergio
1073 2970 1205 3054 placet,
1232 2970 1313 3052 quia
1336 2965 1517 3052 quindinio
1540 2984 1604 3051 pro
1628 2970 1726 3052 parte
1757 2967 1989 3052 suprascripti
2013 2971 2083 3036 leo-

228 3122 283 3189 nis
305 3140 350 3190 ex
367 3121 469 3190 adelfi
492 3125 655 3208 germani
677 3124 745 3192 mei
769 3144 790 3190 a
812 3125 966 3209 presenti
990 3124 1044 3192 die
1068 3123 1295 3208 pruntissima
1317 3125 1496 3190 voluntate
1519 3124 1732 3189 commutare
1747 3124 1781 3190 et
1796 3123 2038 3192 concamniare
2055 3121 2081 3209 ²)

224 3272 289 3341 visi
313 3293 433 3341 sumus
456 3274 634 3342 vobiscum
657 3276 778 3360 lupino
801 3274 874 3342 filio
897 3274 1067 3359 quondam
1091 3275 1249 3341 mauroni
1273 3273 1421 3352 comitis
1447 3289 1511 3340 nos
1534 3273 1632 3338 vobis
1654 3270 1811 3339 dedimus
1834 3263 1998 3356 plenarie
2007 3274 2082 3358 ipse

225 3427 395 3514 portionis
418 3430 549 3515 nostre;
574 3429 640 3494 hoc
663 3431 717 3496 est
739 3429 851 3514 ipsam
874 3430 1069 3513 portionem
1093 3447 1205 3496 meam
1228 3429 1271 3496 de
1299 3477 1305 3491 .
1336 3479 1343 3494 .
1375 3477 1381 3492 .
1412 3479 1419 3493 .
1445 3429 1681 3514 suprascripto
1705 3429 1803 3511 petro
1826 3429 1860 3498 et
1875 3427 1986 3512 ipsam
2001 3447 2080 3514 por-

223 3579 353 3646 tionem
376 3577 419 3644 do
443 3577 606 3645 iamdicto
630 3580 729 3648 leone
751 3583 875 3666 nepote
898 3583 1017 3648 nostro
1039 3580 1082 3648 de
1105 3583 1178 3646 tota
1199 3580 1359 3666 plenaria
1382 3581 1460 3665 ipsa
1475 3580 1588 3659 vinea,
1607 3579 1697 3666 quod
1720 3579 1818 3648 nobis
1845 3555 1880 3647 et
1907 3580 2004 3650 vobis
2020 3599 2082 3666 pa-

230 3731 374 3800 stinavit
389 3731 557 3799 iohannes
579 3731 750 3816 presbiter
772 3731 867 3800 filius
889 3733 1032 3800 mastuli
1055 3731 1180 3799 roibuli
1202 3732 1240 3800 in
1262 3734 1350 3798 sonti
1374 3733 1526 3816 positum
1549 3733 1610 3800 1113
1632 3735 1734 3816 parte
1749 3733 1893 3802 ecclesie
1909 3733 2021 3800 sancti
2037 3733 2085 3800 fe-

224 3881 304 3950 licis
327 3901 350 3949 a
372 3885 471 3966 parte
493 3901 516 3949 a
538 3885 699 3970 salern03
723 3885 849 3951 iterum
873 3883 1031 3952 dedimus
1053 3885 1150 3952 vobis
1173 3885 1332 3970 plenarie
1354 3885 1429 3969 ipse
1451 3885 1623 3969 portionis
1645 3887 1764 3953 nostre
1786 3885 1829 3952 de
1853 3885 1930 3969 ipsa
1944 3886 2033 3954 silva
2049 3889 2082 3955 et
2180 3861 2190 3870 ⁸

221 4037 319 4102 terra
341 4053 464 4114 vacua,
489 4036 548 4121 qui
573 4036 625 4103 est
648 4035 685 4104 in
708 4039 812 4122 caput
834 4036 878 4104 dc
900 4037 979 4121 ipsa
1000 4036 1116 4116 vinea,
1142 4037 1233 4121 quod
1256 4039 1412 4121 pastinat
1434 4036 1691 4121 suprascriptus
1714 4037 1880 4106 iohannes
1909 4039 2078 4122 presbiter

223 4190 376 4257 roibulus
398 4191 434 4257 et
456 4189 494 4257 in
518 4191 622 4274 caput
643 4189 686 4258 de
709 4191 788 4276 ipsa
809 4190 911 4260 vinea
934 4191 1076 4268 vestra,
1103 4189 1193 4274 quod
1218 4192 1254 4256 in
1277 4208 1495 4259 communem
1518 4191 1654 4258 havetis
1677 4208 1754 4256 cum
1784 4191 1900 4257 leonto
1930 4192 2079 4274 cognata

225 4359 302 4410 mea
324 4341 367 4411 de
388 4360 445 4410 me
467 4344 704 4428 suprascripto
727 4345 827 4429 petro
850 4341 973 4412 relicta
995 4342 1168 4428 quondam
1192 4344 1265 4411 ursi
1289 4343 1449 4428 germani
1472 4343 1555 4429 mei3
1580 4342 1623 4411 de
1637 4344 1711 4411 tota
1726 4345 1886 4427 plenaria
1910 4343 1988 4425 ipsa
2010 4345 2079 4410 ter-

223 4511 266 4560 ra
288 4494 323 4561 et
345 4493 440 4561 silva
462 4493 505 4562 de
528 4498 630 4579 caput
652 4495 694 4562 de
718 4498 793 4581 ipsa
816 4495 919 4566 vinea
933 4501 1062 4578 vestra,
1081 4516 1183 4585 quam
1200 4497 1237 4566 in
1253 4513 1470 4566 communem
1487 4495 1620 4565 heretis
1637 4515 1715 4562 cum
1730 4497 1970 4582 suprascripta
1987 4499 2082 4565 leon-

224 4649 273 4722 to,
299 4648 333 4715 et
355 4646 399 4714 de
421 4651 528 4732 caput
550 4647 593 4716 de
615 4648 692 4732 ipsa
714 4647 827 4728 vinea,
846 4649 936 4734 quod
952 4649 1106 4735 pastinat
1127 4649 1382 4734 suprascriptus
1399 4649 1565 4716 iohannes
1581 4647 1763 4733 presbiter,
1781 4605 1886 4733 uscue
1900 4665 2017 4716 susum
2035 4647 2079 4714 ad

220 4797 335 4882 ipsum
358 4816 498 4868 cercum
515 4793 554 4887 8),
580 4799 639 4866 ubi
663 4799 804 4867 lecimus
827 4799 939 4884 ipsam
962 4817 1112 4887 crucem3
1136 4802 1170 4870 et
1193 4801 1237 4867 ab
1252 4817 1321 4868 uno
1338 4800 1448 4868 latere
1463 4799 1526 4866 fini
1544 4816 1649 4865 causa
1663 4796 1706 4865 de
1722 4799 1798 4882 ipsa
1812 4793 1970 4877 ccclesia,
1988 4799 2023 4865 et
2036 4797 2080 4864 ab

219 4949 288 5018 alio
313 4952 422 5019 latere
444 4969 466 5018 a
489 4953 588 5037 parte
610 4970 631 5019 a
653 4953 791 5022 salerno
814 4953 876 5020 1131
900 4952 1052 5021 medium
1076 4955 1189 5038 ipsum
1214 4955 1341 5020 torum.
1368 4952 1462 5020 inter
1484 4953 1568 5020 istas
1591 4953 1677 5020 fines
1701 4953 1857 5036 plenarie
1885 4953 1961 5037 ipse
1994 4971 2075 5036 por·

219 5103 325 5172 tionis
348 5105 466 5173 nostre
489 5104 585 5173 vobis
609 5107 737 5174 exinde
759 5106 917 5176 dedimus
940 5107 1017 5175 sine
1040 5107 1233 5186 minuitate,
1252 5105 1334 5192 quia
1357 5106 1457 5174 nobis
1480 5107 1540 5174 illa
1562 5109 1660 5190 parte
1683 5105 1761 5190 ipsa
1782 5103 1926 5174 ecclesia
1943 5107 2078 5189 aparte

217 5257 264 5324 de
286 5259 425 5326 salerno
448 5259 492 5326 ab
515 5260 627 5346 ipsum
653 5261 843 5346 predictum
868 5278 1005 5330 cereum
1028 5261 1074 5329 da
1098 5263 1201 5347 caput
1224 5279 1331 5346 usque
1354 5261 1432 5328 iusu
1456 5261 1492 5326 at
1513 5277 1645 5328 marem
1669 5261 1704 5327 et
1737 5259 1783 5327 da
1817 5261 1918 5344 parte
1950 5257 1992 5325 de
2023 5275 2078 5325 sa-

273 5625 296 5695 1)
321 5625 512 5691 0313313333
531 5627 610 5682 ualet
628 5628 771 5698 graciliore,
794 5629 863 5684 dore
883 5628 987 5686 wadia.

273 5751 295 5819 ²)
320 5750 520 5807 Gonccmnicrc
541 5750 618 5807 idem
640 5759 726 5809 sonat
744 5767 777 5808 33
797 5755 945 5810 ccorbierc.

274 5877 297 5946 ³)
319 5877 445 5948 0333333,
462 5877 536 5934 idest
550 5881 686 5936 cerellium
703 5879 880 5950 (circulum).
