5378 7098
1207 573 1337 646 lNDEX
1364 574 1724 694 cuuuuutouluus

1286 917 1432 983 Nomen

1338 1045 1374 1104 ot
1597 1039 1806 1108 Membranaa
1828 1045 2041 1110 Seminarium

1119 1195 1151 1226 ..ι
1224 1164 1311 1228 Anni
1331 1163 1496 1245 Principis

1544 1435 1707 1512 quondam
1727 1433 1901 1499 Romualdi
1930 1456 1988 1520 pro
2010 1445 2100 1518 parte

1544 1515 1711 1578 Ecclesiae
1737 1515 1771 1578 S.
1790 1517 1931 1598 Maximi,
1948 1517 1987 1582 ob
2004 1537 2101 1597 quae·

1544 1600 1683 1660 stionem
1700 1617 1794 1676 quam
1811 1598 1975 1664 habebant
1992 1601 2031 1661 de
2049 1617 2101 1661 co·

1543 1681 1639 1750 bollo,
1665 1679 1704 1740 de
1728 1679 1831 1740 servis
1855 1689 1887 1742 et
1909 1683 2051 1752 ancillis,
2069 1689 2101 1743 et

1545 1763 1584 1824 de
1601 1759 1700 1822 rebus
1723 1760 1904 1834 stabilibus,
1922 1765 1962 1826 de
1984 1761 2100 1842 quibus

1545 1845 1750 1922 disposuerat
1796 1843 1970 1907 [lauterius
2016 1845 2101 1906 lilius

1545 1924 1701 1987 Guaiferii
1720 1942 1784 1984 una
1807 1943 1879 1986 cum
1895 1925 2102 2004 Radelgrima

1504 2053 1510 2060 .
1544 2005 1704 2078 genitrice
1728 2024 1796 2074 sua,
1814 2013 1849 2066 ut
1869 2025 1942 2069 cum
1960 2009 2030 2069 suis
2052 2025 2101 2066 ra·

1543 2085 1685 2148 tionibus
1715 2085 1814 2147 finem
1842 2089 1990 2151 iacerent
2015 2087 2102 2148 iuxta

1545 2169 1652 2247 legem
1670 2166 1952 2248 langobardorum.
2161 2166 2191 2226 Il
2239 2165 2300 2228 105
2342 2170 2382 2232 29

565 2339 746 2404 ccxxxvl
780 2332 842 2394 966
879 2333 1055 2396 Februario
1122 2335 1165 2397 111
1241 2335 1294 2399 33.
1313 2337 1469 2398 Grsunnm
1585 2329 1861 2402 Memoratorium‚
1891 2350 1954 2410 quo
1984 2334 2101 2394 Petrus

1545 2411 1632 2472 lilius
1658 2411 1796 2472 Bisantii
1827 2413 1867 2472 de
1890 2412 1993 2474 Sarno
2027 2430 2101 2492 pro·

1545 2493 1644 2553 mittit
1668 2511 1728 2572 per
1751 2494 1869 2571 guadia
1897 2493 2101 2570 Magbenollo

1545 2574 1612 2635 lilio
1628 2573 1788 2652 quondam
1803 2575 1886 2635 Madi
1899 2593 1935 2635 se
1948 2576 2100 2636 daturum

1545 2657 1576 2716 ei
1598 2655 1633 2714 in
1657 2654 1835 2732 legitimam
1858 2674 1991 2718 uxorem
2012 2658 2101 2717 Mon·

1466 2804 1468 2810 ¹
1545 2737 1618 2798 dam
1645 2734 1746 2796 liliam
1772 2755 1876 2810 suam,
1902 2739 2097 2800 decurrente

1545 2819 1615 2898 ipso
1630 2835 1756 2879 mense.

554 2986 751 3051 ccxxxvi]
781 2980 843 3044 966
880 2979 1058 3044 Februario
1128 2984 1171 3046 lx
1239 2983 1291 3045 33.
1311 2984 1469 3046 Grsuurm
1585 2979 1736 3040 Venditio
1772 2979 1957 3043 medietatis
1993 2986 2100 3042 terrae

1244 3125 1248 3134 ,
1545 3079 1619 3122 cum
1636 3067 1801 3123 castaneto
1824 3067 1857 3124 et
1878 3062 1967 3140 sylva
1982 3063 2015 3122 in
2031 3063 2100 3123 loco

1543 3141 1629 3203 Silio
1660 3143 1693 3202 in
1723 3141 1842 3204 linibus
1872 3143 2098 3216 Salernitanis,

1544 3225 1629 3285 lacta
1643 3222 1683 3284 ab
1698 3223 1864 3285 Adelferio
1885 3226 2049 3302 gastaldeo
2065 3226 2101 3286 li·

1544 3305 1588 3365 lio
1608 3304 1767 3382 quondam
1779 3305 1946 3366 Roderissi
1966 3307 2102 3368 Landol·

1544 3386 1576 3448 lo
1598 3385 1665 3446 illio
1688 3387 1839 3458 altenolii‚
1858 3389 1912 3465 qui
1930 3387 1991 3447 luit
2014 3389 2101 3466 prin·

1546 3485 1634 3546 ceps,
1652 3486 1709 3548 pro
1724 3470 1848 3529 tarenis
1870 3469 1941 3530 auri
1964 3469 2100 3548 quadra·

1544 3550 1633 3629 ginta
1648 3555 1729 3610 octo.

566 3713 744 3775 ccxxxviii
780 3705 842 3769 966
962 3727 974 3759 ·
1240 3709 1292 3775 31.
1313 3711 1470 3774 G1suurrn
1585 3708 1756 3772 *locatio
1780 3711 1916 3773 duarum
1939 3717 2099 3772 terrarum

1545 3790 1578 3851 in
1599 3792 1668 3853 loco
1690 3791 1815 3854 Uniano
1837 3793 1870 3852 in
1895 3790 2014 3852 finibus
2035 3793 2100 3853 Nu·

1545 3874 1653 3934 ceriae
1677 3872 1762 3934 iacta
1785 3871 1892 3934 abbati
1914 3873 1947 3933 S.
1971 3875 2100 3934 Maximi

1545 3952 1584 4015 ab
1599 3954 1714 4016 Amato
1731 3953 1920 4034 presbytero
1935 3953 2002 4015 filio
2025 3955 2100 4016 Ursi

1546 4054 1603 4114 pro
1626 4037 1779 4098 terratico
1802 4043 1957 4097 consueto
1979 4041 2013 4096 et
2034 4055 2100 4097 me·

1545 4117 1666 4179 dietate
1692 4117 1759 4178 vini
1794 4123 1828 4178 et
1850 4115 1964 4179 decem
1987 4116 2101 4178 solidis

1546 4199 1829 4262 constantinianis.

562 4348 746 4419 CCXXXIX
778 4350 841 4414 966
927 4351 1007 4414 Maio
1119 4356 1162 4417 lX
1239 4359 1465 4426 34.G1suuru1
1576 4359 1839 4422 Memoratorium
1862 4358 1948 4420 Petri
1971 4357 2097 4421 abbatis

1545 4442 1578 4504 S.
1606 4442 1754 4516 Maximi,
1783 4460 1846 4520 quo
1874 4439 1985 4503 Rollus
2013 4440 2101 4502 filius

1475 4520 1478 4526 ’
1544 4523 1705 4603 quondam
1729 4522 1909 4584 Guisenolfi
1933 4527 1966 4583 et
1988 4522 2101 4583 Ilderi·
2205 4551 2207 4554 ·

1545 4623 1602 4665 cus
1639 4603 1780 4665 clericus
1816 4602 1904 4665 lilius
1939 4604 2099 4681 quondam

1544 4685 1690 4752 Mirandi.
1712 4686 1766 4764 qui
1782 4691 1862 4762 sum¹
1880 4702 1973 4746 socer
1995 4689 2027 4743 et
2047 4703 2101 4762 ge-

1544 4785 1616 4839 ner,
1633 4764 1778 4843 obligant
1797 4767 1882 4826 inter
1905 4785 1953 4834 se.
1970 4761 2101 4826 obtenta

1544 4848 1697 4909 facultate
1720 4865 1738 4907 a
1760 4847 1907 4926 principe
1930 4846 2100 4924 Gisulpho,

1544 4929 1795 4991 vicariationem
1811 4929 1920 4990 facere
1943 4929 1983 4989 de
2001 4923 2100 4989 rebus

1544 5017 1577 5071 et
1593 5012 1688 5072 terris
1709 5010 1743 5069 in
1766 5009 1974 5088 pertinentiis
1996 5009 2101 5070 Nuce·

1542 5091 1611 5152 riae
1624 5090 1846 5171 spectantibus
1862 5091 1901 5153 ad
1918 5090 2100 5154 Ecclesiam

1544 5171 1579 5234 S.
1597 5173 1725 5236 Maximi
1753 5172 1791 5234 de
1807 5171 1956 5234 Salerno.

601 5329 704 5395 CCXL
775 5327 838 5392 966
919 5331 1005 5394 Maio
1118 5333 1162 5396 111
1237 5336 1469 5401 3661366661
1585 5333 2010 5413 Locatiolactaabdngelo
2033 5335 2099 5396 tilio

1544 5417 1706 5494 quondam
1733 5415 1863 5477 Ioannis
1889 5435 1948 5494 per
1969 5415 2098 5477 absolu·

1544 5499 1666 5558 tionem
1691 5496 1779 5558 Petri
1796 5497 1978 5575 presbyteri
1996 5505 2029 5558 et
2044 5497 2099 5558 ab·

1543 5577 1629 5638 batis
1639 5577 1807 5640 Ecclesiae
1820 5577 1988 5640 S.Maximi
2002 5579 2100 5639 unius

1546 5665 1652 5721 terrae
1665 5677 1738 5720 cum
1752 5657 1938 5721 abellaneto
1950 5660 1984 5720 in
1995 5659 2101 5721 Nuce·

1545 5741 1618 5810 ria.
1643 5741 1700 5802 ubi
1726 5741 1845 5802 dicitur
1870 5739 2098 5818 Borboazooo,

1545 5821 1658 5884 Ioanni
1682 5821 1872 5903 presbytero
1890 5824 1930 5884 ad
1953 5831 2021 5884 tres
2044 5841 2099 5884 an·
