5378 7098
1009 611 1391 754 nnuonn'rrcps
1629 614 1633 626 .
1742 609 1748 620 Ι
2029 705 2071 766 m

265 905 388 972 nostra
406 902 558 970 sortione
573 901 615 968 de
630 903 720 986 ipso.
750 953 756 966 .
788 955 794 967 .
825 954 831 966 .
858 900 984 968 ibidem
1002 902 1045 968 ad
1064 905 1288 986 palmentum,
1307 912 1341 974 et
1355 912 1468 979 omnis
1485 931 1588 998 poma
1603 920 1728 989 exinde
1741 940 1804 1006 per
1820 926 1970 996 medium
1987 935 2121 1016 equali·
2234 1003 2238 1010 ,

258 1059 315 1124 ter
330 1058 408 1125 illut
430 1057 520 1125 inter
542 1074 605 1124 nos
627 1056 832 1134 dibidamus,
850 1059 885 1124 et
908 1075 969 1124 nos
995 1059 1046 1124 rel
1071 1059 1200 1126 nostris
1223 1061 1408 1132 heredibus
1433 1067 1485 1134 vel
1510 1069 1635 1138 missus
1658 1079 1773 1144 noster
1789 1079 1952 1150 tollamus
1974 1101 2031 1155 eos
2047 1107 2116 1158 me·

256 1185 433 1286 dietatem,
448 1211 483 1276 et
494 1208 552 1276 ille
563 1209 598 1275 et
609 1207 681 1276 suis
693 1206 880 1276 heredibus
893 1207 1125 1276 medietatem.
1142 1215 1270 1278 lantum
1284 1214 1326 1280 ad
1340 1218 1502 1301 completi
1515 1219 1582 1305 ipsi
1593 1220 1710 1290 decem
1722 1229 1818 1306 anni,
1828 1228 1871 1297 de
1883 1250 1949 1316 que
1960 1241 2120 1306 annuali-

254 1362 311 1427 ter
336 1361 490 1429 inantea
506 1359 738 1441 seminaberit,
756 1358 863 1427 deaut
884 1359 965 1428 indo
980 1362 1079 1430 nobis
1095 1365 1297 1432 terraticum
1314 1369 1502 1438 secuudum
1519 1377 1764 1446 consuetudine
1779 1381 1822 1450 de
1848 1385 1925 1468 ipso
1940 1389 2063 1469 locum,
2082 1397 2117 1458 et

254 1512 360 1596 quale
375 1515 530 1597 tempore
544 1511 587 1578 da
601 1512 669 1597 ipsi
685 1510 803 1578 decem
821 1513 905 1580 anni
922 1513 959 1579 in
976 1517 1079 1582 antea
1095 1515 1154 1582 ille
1169 1519 1224 1584 vel
1246 1519 1316 1586 suis
1339 1521 1523 1592 heredibus
1550 1524 1633 1593 illud
1649 1529 1811 1600 laborare
1833 1551 1903 1602 non
1927 1540 2113 1622 voluerint,

252 1665 339 1730 tunc
355 1664 478 1733 inclita
494 1665 572 1750 ipsa
587 1667 687 1733 rebus
702 1667 883 1733 arbustata
898 1671 932 1734 et
947 1669 1092 1752 operata
1107 1672 1142 1736 ct
1156 1671 1313 1738 laborata
1337 1676 1493 1744 rebertas
1515 1640 1559 1744 ad
1583 1681 1751 1763 potestate
1775 1705 1852 1754 mea
1879 1693 1933 1758 vel
1960 1691 2002 1760 de
2024 1695 2111 1763 meis

254 1815 443 1884 heredibus
459 1816 657 1886 firmissime
681 1819 757 1885 illut
779 1818 879 1886 nobis
903 1818 1094 1906 abendum3
1112 1826 1146 1889 et
1162 1823 1191 1889 si
1215 1825 1320 1892 talem
1344 1828 1483 1911 culpam
1507 1830 1664 1910 fecerint,
1684 1835 1772 1904 unde
1796 1856 1852 1904 res
1874 1859 1953 1910 suas
1976 1845 2112 1928 legibus

251 1969 294 2035 ad
312 1970 482 2052 palatium
502 1971 684 2056 pervenire
700 1970 842 2048 debead,
863 1973 915 2038 vel
931 1972 960 2041 si
975 1971 1018 2040 de
1033 1991 1096 2040 ano
1113 1978 1208 2043 terra
1223 1979 1361 2058 exierit,
1380 1981 1462 2047 tunc
1478 1983 1639 2052 similiter
1656 1985 1777 2056 inclita
1798 2009 1872 2059 rem
1896 1993 1970 2079 ipse
1994 1999 2110 2067 reber-

250 2125 306 2188 tas
328 2121 375 2190 ad
391 2127 560 2207 potestate
575 2141 652 2192 mea
667 2124 781 2192 uelde
796 2125 883 2193 meis
899 2126 1094 2195 heredibus.
1114 2128 1205 2198 unde
1221 2148 1285 2215 pro
1301 2133 1418 2200 taliter
1434 2153 1497 2218 per
1516 2137 1608 2204 bona
1623 2142 1873 2213 combenientia
1894 2147 2022 2230 guadia
2046 2151 2111 2216 mi-

247 2275 284 2341 hi
303 2276 383 2360 ipse
398 2293 500 2344 ursus
517 2275 611 2344 dedit
626 2279 661 2344 el
677 2275 751 2361 ipse
774 2275 840 2343 sibi
865 2277 1034 2364 mediator
1049 2278 1171 2378 exitia
1190 2284 1225 2348 ot
1240 2300 1303 2366 per
1318 2283 1439 2352 eadem
1456 2286 1585 2370 guadia
1601 2291 1770 2376 obligabit
1785 2313 1823 2362 se
1836 2299 1870 2363 et
1884 2298 1955 2366 suis
1972 2301 2110 2370 heredi·
2162 2283 2167 2302 '

246 2429 321 2506 bus,
341 2432 381 2494 ul
396 2429 425 2496 si
442 2429 576 2515 aliquit,
596 2428 638 2497 de
652 2427 821 2516 quomodo
836 2431 998 2516 superius
1021 2433 1163 2517 legitur,
1182 2435 1349 2520 quesierit
1371 2443 1548 2508 remobere
1575 2445 1636 2509 aut
1662 2447 1821 2516 contrane
1843 2449 1878 2516 et
1903 2451 1991 2519 talia
2017 2455 2104 2522 mihi

246 2581 301 2647 rel
317 2581 365 2648 ad
381 2583 467 2649 meis
481 2582 667 2652 heredibus
682 2601 753 2650 non
768 2584 1010 2670 complebant,
1030 2590 1113 2656 tunc
1129 2607 1192 2674 per
1208 2588 1283 2676 ipsa
1299 2591 1428 2676 guadia
1451 2594 1618 2679 obligabit
1644 2615 1679 2666 se
1706 2601 1740 2666 et
1765 2599 1837 2668 suis
1864 2601 2045 2671 heredibus
2063 2595 2107 2672 ad
2238 2623 2274 2638 2·
2345 2663 2352 2670 .

244 2733 523 2818 componendum
540 2735 627 2802 mihi
651 2737 706 2803 uel
729 2735 773 2803 ad
797 2738 883 2806 meis
906 2738 1092 2807 heredibus
1116 2742 1265 2826 triginta
1281 2743 1409 2810 solidos
1432 2745 1644 2814 costantinos
1667 2751 1702 2815 et
1724 2751 1843 2822 omnia
1865 2755 2108 2840 suprascripta

244 2903 306 2970 per
322 2888 443 2955 inbitis
459 2889 557 2957 nobis
572 2887 801 2973 adinplerent.
820 2893 855 2958 et
871 2893 962 2957 hunc
979 2893 1117 2960 brebem
1134 2895 1257 2978 scripsi
1274 2913 1339 2979 ego
1356 2897 1547 2966 madelmus
1563 2901 1723 2967 notarius
1747 2903 1804 2986 qui
1830 2904 1982 2974 interfui.

300 3012 333 3124 †
350 3060 415 3126 ego
432 3042 579 3110 arechisi
1371 2999 1375 3010 ι

300 3165 333 3280 †
351 3211 417 3278 ego
432 3193 605 3266 dauferius

299 3319 331 3433 †
349 3367 414 3434 ego
431 3351 627 3420 romoaldus
642 3354 797 3422 notarius
813 3375 867 3424 me
883 3361 1083 3443 subscripsi.

918 3883 924 3894 ·
1015 3861 1317 3941 CCXXXV.

1028 4110 1082 4184 A.
1120 4109 1172 4186 D.
1209 4105 1313 4186 966.

298 4365 335 4503 †
351 4420 392 4484 In
408 4415 546 4484 nomine
560 4415 689 4483 domini
708 4432 800 4481 auno
816 4415 992 4484 tricesimo
1008 4415 1112 4482 tertio
1127 4412 1346 4501 principatus
1361 4413 1479 4482 domni
1495 4416 1606 4483 nostri
1624 4416 1739 4500 gisolfi
1753 4415 1897 4502 gloriosi
1917 4416 2100 4501 principis,

240 4586 363 4637 mense
385 4569 565 4636 ianuarias
586 4585 678 4635 nona
692 4565 896 4635 indictione.
918 4571 956 4634 ln
972 4568 1207 4636 sacratissimo
1230 4567 1443 4636 salernitano
1467 4567 1599 4652 palatio
1622 4569 1703 4636 ante
1727 4567 1925 4653 supradicta
1947 4571 2102 4654 gloriosa

239 4723 427 4808 potestate,
444 4720 635 4788 astantibus
647 4737 710 4787 nos
722 4724 841 4804 petrus
857 4721 891 4788 et
907 4718 1013 4804 gaido
1029 4718 1211 4798 iudicibus,
1226 4718 1400 4786 coniuncti
1418 4720 1498 4786 sunt
1509 4720 1626 4804 petrus
1641 4718 1813 4788 castaldus
1824 4717 1915 4787 filius
1930 4718 2100 4804 quondam

239 4870 413 4940 romoaldi
426 4889 504 4938 oum
516 4873 675 4938 moncola
691 4870 795 4938 iudex
811 4871 904 4940 illius
920 4871 1095 4956 quondam
1111 4873 1279 4948 moncole,
1295 4870 1368 4954 lpse
1383 4871 1503 4954 petrus
1518 4887 1582 4954 pro
1594 4888 1674 4955 pars
1689 4873 1726 4939 et
1740 4870 1815 4938 vioe
1827 4871 1974 4948 ¹ecclesie
1990 4873 2101 4939 sancti

241 5025 412 5101 messian,
429 5026 464 5091 et
479 5023 554 5108 ipse
568 5024 727 5091 moncola
741 5041 805 5108 pro
822 5041 905 5107 pars
920 5025 954 5089 et
968 5024 1042 5091 vice
1057 5025 1176 5092 aloare
1193 5023 1293 5088 uxori
1312 5039 1385 5100 sue,
1404 5025 1439 5089 et
1455 5021 1581 5088 ostedit
1604 5020 1636 5089 ei
1652 5022 1727 5106 ipse
1742 5024 1861 5107 petrus
1884 5041 1992 5090 unum
2014 5023 2102 5090 iudi·

239 5182 359 5246 catum
375 5178 411 5244 et
426 5176 572 5245 relectus
586 5177 649 5243 esl.
669 5175 878 5255 continebat,
893 5177 1040 5261 qualiter
1056 5175 1230 5244 dauferius
1247 5173 1338 5242 lilius
1354 5172 1527 5259 quondam
1543 5173 1694 5259 gualieri
1711 5189 1871 5240 unacum
1887 5172 2101 5258 radelgrima

239 5332 418 5415 genetrice
437 5347 502 5397 sua
515 5328 729 5397 iudicaberat
744 5328 855 5413 adque
870 5327 1092 5414 disposuerad
1109 5327 1152 5396 de
1168 5330 1284 5397 cumta
1300 5329 1401 5396 rebus
1417 5327 1645 5395 substantiam
1661 5345 1760 5394 suam
1776 5327 1901 5395 stabile
1912 5331 1947 5394 et
1958 5327 2097 5405 mobile,

237 5485 272 5551 et
287 5485 364 5569 ipse
386 5482 563 5550 dauferius
585 5480 713 5551 ididem
736 5481 973 5568 disposuerad,
993 5487 1031 5550 ut
1054 5487 1131 5568 post
1155 5483 1230 5550 eius
1253 5482 1407 5550 hobitum
1432 5483 1506 5568 ipsa
1529 5481 1744 5566 radelgrima
1766 5481 1945 5566 genetrice
1967 5499 2032 5549 sua
2055 5481 2100 5549 ad

238 5654 339 5705 suam
357 5639 458 5706 abere
469 5638 504 5703 et
514 5633 667 5705 detinere
684 5639 885 5722 potestatem
901 5637 1021 5706 diebus
1038 5638 1106 5706 bite
1121 5655 1183 5706 sue
1199 5639 1313 5704 cumta
1325 5637 1438 5704 omnis
1456 5637 1557 5706 rebus
1573 5635 1797 5704 substantiam
1814 5652 1910 5705 suam
1926 5635 2049 5703 stabile
2066 5637 2101 5702 et

238 5790 376 5868 mobile,
394 5793 430 5858 et
444 5790 554 5859 serbis
567 5794 601 5858 et
616 5785 751 5857 ancillis
767 5788 811 5856 ad
828 5787 1074 5857 dominandum
1091 5793 1124 5858 el
1141 5788 1396 5874 possidendum,
1414 5793 1449 5856 et
1464 5788 1507 5858 de
1522 5789 1598 5874 ipsa
1610 5787 1735 5856 mobile
1746 5790 1780 5856 et
1791 5786 1834 5856 de
1849 5789 1927 5874 ipso
1945 5787 2100 5874 frugium

238 5941 435 6010 laciendum
452 5941 568 6008 omnia
584 5941 671 6026 quod
690 5943 849 6020 voluerit,
868 5944 903 6009 et
919 5941 1060 6010 familiis
1074 5941 1149 6009 eius
1165 5941 1198 6006 ai
1215 5939 1447 6010 serbiendum.
1463 5945 1497 6008 et
1513 5939 1627 6010 uniter
1642 5940 1861 6025 disposuerat
1875 5943 1977 6026 alque
1993 5939 2103 6008 tradi-
