5252 7102
993 585 1362 661 DlPLOMATlCUS

990 1041 1308 1122 CCCCXIII.

1005 1287 1061 1364 A.
1098 1287 1149 1364 D.
1185 1287 1289 1366 989.

303 1543 393 1675 †In
409 1593 551 1664 nomine
566 1595 698 1687 domini
714 1598 812 1666 serto
826 1614 918 1665 anno
933 1598 1153 1683 principatus
1167 1573 1284 1665 domui
1301 1599 1409 1666 nostri
1428 1597 1570 1667 iohanni
1585 1603 1619 1671 et
1634 1597 1747 1686 primo
1769 1619 1860 1668 anno
1883 1602 2100 1688 principatus

243 1744 363 1812 domni
378 1745 568 1830 guaimarii
585 1745 730 1831 gloriosi
745 1747 974 1833 principibus,
994 1767 1112 1816 mense
1127 1749 1268 1816 octuber
1284 1748 1388 1816 tertia
1403 1748 1603 1819 indictione.
1622 1754 1902 1822 memoratorium
1925 1755 2055 1822 factum
2079 1773 2102 1823 a

240 1894 344 1964 nobis
359 1894 525 1966 iohannes
540 1895 629 1966 liber
645 1915 722 1965 omo
749 1897 841 1966 filius
867 1901 960 1985 petri
986 1901 1021 1966 et
1046 1901 1221 1986 jaquintus
1246 1900 1335 1968 liber
1362 1919 1439 1968 omo
1464 1899 1557 1968 filius
1583 1905 1820 1987 maghenaldi,
1839 1922 1879 1972 eo
1905 1906 1995 1990 quod
2020 1909 2102 1974 ante

243 2049 426 2135 subscripti
442 2050 616 2118 nobilibus
638 2068 703 2136 per
724 2069 817 2120 vona
833 2052 1086 2120 cumvenientia
1101 2052 1246 2120 tradidit
1261 2055 1361 2123 nobis
1377 2072 1563 2124 cennamus
1579 2055 1750 2140 presbiter
1772 2059 1807 2125 et
1829 2058 1935 2124 abbas
1958 2059 2103 2127 ecclesie

244 2201 356 2269 sancti
373 2202 543 2282 massimi,
561 2221 721 2272 unacum
739 2203 837 2272 illum
853 2205 980 2272 atesset
996 2181 1193 2274 romoaldus
1207 2205 1300 2274 filius
1314 2206 1422 2274 alfani
1439 2208 1499 2293 qui
1516 2209 1569 2276 est
1583 2206 1773 2276 dominium
1791 2208 1833 2278 de
1847 2210 1926 2294 ipsa
1940 2212 2101 2290 ecclesia,

243 2355 314 2423 dua
335 2355 466 2422 molina
492 2356 723 2440 pertinentem
749 2356 859 2443 ipsius
885 2359 1040 2437 ecclesie,
1058 2357 1149 2445 quod
1177 2359 1337 2427 edificate
1364 2362 1445 2427 sunt
1470 2359 1507 2427 in
1532 2361 1637 2428 flubio
1665 2363 1768 2429 lirno.
1787 2361 1875 2444 ydeo
1897 2363 1998 2430 ambo
2024 2363 2104 2449 ipsa

243 2507 375 2576 molina
390 2527 469 2576 cum
485 2509 676 2578 ferraturia
690 2512 725 2579 et
739 2529 817 2577 cum
834 2512 923 2580 casis
938 2515 1067 2589 etcum
1082 2513 1195 2580 omnis
1210 2533 1272 2582 sua
1287 2513 1551 2598 pertinenti-aet
1566 2499 1661 2582 isclis
1676 2513 1721 2581 de
1744 2514 1820 2599 ipsa
1843 2513 1974 2582 molina
1995 2513 2105 2599 perti-

134 2721 138 2728 ,
243 2663 366 2730 nentes
381 2661 482 2730 nobis
497 2663 573 2748 ipse
588 2665 694 2733 abbas
711 2683 849 2751 unaque
864 2682 942 2731 cum
960 2667 1034 2750 ipse
1049 2666 1245 2734 romoaldus
1260 2666 1425 2754 tradidit3
1443 2665 1533 2734 unde
1548 2682 1612 2750 pro
1629 2666 1745 2735 taliter
1768 2683 1831 2750 per
1855 2681 1946 2732 vona
1969 2667 2105 2734 combe-

245 2813 377 2881 nientia
391 2814 521 2900 guadia
535 2815 636 2883 nobis
651 2816 726 2902 ipse
742 2819 848 2885 abbas
863 2835 999 2903 unaque
1015 2835 1094 2884 cum
1110 2816 1298 2886 dominium
1318 2818 1426 2903 ipsius
1440 2817 1583 2886 ecclesie
1599 2816 1696 2885 dedit
1716 2819 1751 2884 et
1773 2816 1983 2886 mediatores
2005 2817 2105 2886 nobis

209 3022 212 3026 .
244 2969 360 3054 posuit
373 2970 541 3038 iohannes
557 2969 705 3038 clericus
720 2971 811 3043 illius
827 2969 933 3057 (deest
948 2971 1083 3057 nomeu)
1098 2970 1141 3038 de
1157 2972 1346 3039 sereniano
1361 2971 1423 3038 tali
1448 2971 1581 3051 ordine,
1600 2973 1640 3037 ut
1662 2970 1786 3038 amodo
1809 2976 1844 3040 et
1867 2988 1974 3056 usque
1997 2989 2104 3039 unum

245 3133 377 3189 annum
392 3122 598 3207 completum
615 3138 679 3189 nos
701 3125 816 3190 autem
840 3125 942 3190 ambo
965 3125 1043 3209 ipsa
1065 3123 1201 3190 mulina
1223 3140 1302 3227 cum
1326 3115 1439 3192 omnis
1461 3141 1525 3190 sua
1547 3122 1759 3207 pertinentia
1781 3123 1899 3190 nostre
1922 3121 2105 3206 potestatis

248 3271 427 3340 teneamus
440 3274 474 3341 et
488 3272 616 3340 ibidem
632 3273 857 3354 resideamus
871 3277 905 3344 et
917 3275 1035 3342 fobeas
1046 3277 1081 3341 et
1093 3275 1203 3343 omnis
1219 3276 1337 3342 nostre
1354 3275 1512 3342 utilitatis
1523 3275 1616 3341 iusta
1627 3273 1717 3341 ratio
1732 3272 1779 3339 ibi
1790 3273 1968 3352 faciamus,
1983 3276 2017 3341 et
2029 3273 2106 3358 ipsa

249 3423 379 3490 molina
405 3426 614 3506 coneiemus,
633 3429 722 3495 sicut
748 3427 926 3506 meruerit,
946 3429 985 3494 ut
1012 3428 1164 3512 perfecte
1191 3445 1373 3496 macenare
1399 3427 1551 3512 possunt,
1569 3429 1604 3493 et
1629 3428 1797 3513 quantum
1824 3427 1952 3492 hictum
1976 3425 2104 3494 ibidem

247 3575 444 3657 intraberit,
462 3575 498 3642 in
514 3577 608 3645 omni
624 3580 741 3646 nostre
764 3579 810 3647 sit
831 3578 1018 3664 potestati:
1035 3580 1171 3646 tantum
1196 3577 1317 3646 demus
1342 3579 1415 3644 nos'
1432 3579 1469 3644 at
1491 3595 1573 3662 pars
1598 3578 1706 3663 ipsius
1732 3577 1877 3645 ecclesie
1902 3595 1965 3662 per
1993 3578 2106 3645 omnis

246 3747 365 3798 mense
382 3748 488 3816 usque
503 3731 580 3816 ipso
596 3732 796 3800 costitutum
811 3732 950 3812 ibidem,
976 3733 1006 3800 si
1031 3734 1182 3818 perfecte
1204 3734 1351 3816 parutus
1374 3732 1420 3798 sit
1443 3735 1480 3798 ut
1502 3733 1603 3797 ambo
1617 3732 1696 3816 ipsa
1711 3731 1843 3798 molina
1857 3730 2103 3807 macenaberit,

249 3880 366 3952 decem
384 3884 419 3951 et
434 3884 509 3950 octo
526 3885 687 3952 tertiaria
702 3885 745 3952 de
761 3905 925 3970 granum,
943 3889 1046 3972 quale
1062 3887 1188 3954 ibidem
1203 3886 1399 3964 intraberit,
1419 3887 1455 3951 at
1470 3885 1559 3952 iusto
1582 3885 1740 3952 tertiario
1754 3884 1797 3952 de
1811 3885 1888 3969 ipsa
1906 3885 2049 3968 molina;
2075 3889 2108 3950 et

251 4035 281 4102 si
298 4055 403 4102 unum
420 4036 463 4103 de
480 4037 559 4122 ipsa
573 4038 704 4105 molina
720 4057 827 4125 usque
843 4037 920 4124 ipso
935 4039 1134 4107 costitutum
1150 4039 1302 4122 perfecte
1318 4055 1388 4104 non
1404 4037 1652 4114 macenaberit,
1670 4038 1753 4102 tunc
1775 4035 1894 4103 demus
1910 4037 1943 4103 ei
1966 4037 2002 4102 at
2024 4023 2119 4120 pars'

252 4189 362 4274 ipsius
376 4187 521 4256 ecclesie
535 4206 599 4274 per
615 4189 727 4258 omnis
743 4209 860 4258 mense
877 4210 985 4276 usque
1001 4191 1077 4276 ipso
1092 4191 1292 4258 costitutum
1309 4207 1373 4274 pro
1389 4151 1495 4255 unum
1512 4187 1555 4254 de
1571 4186 1645 4272 ipso
1661 4187 1828 4253 molinum
1846 4185 1963 4252 decem
1986 4186 2107 4253 tertia·

249 4343 316 4422 ria,
335 4341 425 4410 sicut
441 4341 571 4411 dictum
587 4344 640 4411 est
674 4396 681 4412 .
733 4395 741 4412 .
792 4396 800 4412 .
851 4395 859 4410 .
907 4345 942 4413 et
956 4343 999 4411 de
1013 4343 1090 4428 ipso
1105 4343 1272 4410 molinum
1288 4343 1347 4428 qui
1362 4343 1513 4426 perfecte
1529 4357 1597 4406 non
1613 4339 1860 4418 macenaberit,
1875 4337 1995 4405 demus
2006 4338 2104 4406 exin-

254 4493 296 4563 de
313 4495 345 4562 ei
363 4513 427 4580 per
442 4495 579 4580 ratione
592 4497 721 4580 quanto
736 4496 892 4580 tempore
908 4493 1154 4581 macenaberit3
1172 4493 1250 4562 etsi
1266 4493 1361 4560 infra
1376 4493 1453 4578 ipso
1467 4493 1664 4562 costitutum
1679 4491 1777 4558 nobis
1800 4507 1976 4559 necessum
1999 4487 2103 4558 fuerit

251 4646 379 4714 ibidem
396 4647 498 4728 mole,
517 4647 577 4715 ille
592 4647 691 4715 nobis
707 4645 825 4726 deant,
843 4648 877 4715 et
888 4646 920 4714 si
932 4646 1109 4714 arcaturis
1120 4644 1163 4712 de
1174 4646 1250 4730 ipso
1266 4645 1396 4712 molino
1412 4643 1559 4729 ruperit,
1577 4643 1805 4711 communiter
1820 4641 2106 4738 nos'conciemus:

253 4803 388 4870 tantum
405 4801 520 4868 omnis
534 4802 720 4870 ferraturis
734 4802 777 4871 de
793 4801 871 4887 ipsa
885 4801 1017 4868 molina
1031 4817 1096 4867 nos
1111 4799 1307 4866 coneiemus
1323 4798 1413 4866 sicut
1423 4797 1602 4877 meruerit,
1616 4798 1651 4865 et
1661 4798 1827 4882 quantum
1844 4815 1995 4882 granum
2010 4795 2110 4863 nobis

255 4954 330 5038 ipse
345 4955 452 5021 abbas
466 4971 576 5039 usque
592 4954 669 5038 ipso
685 4954 909 5022 constitutum
927 4955 965 5022 at
982 4951 1231 5020 macenandum
1247 4951 1377 5019 ibidem
1393 4951 1575 5030 direxerit,
1593 4967 1656 5018 nos
1672 4950 1751 5017 illut
1772 4966 2001 5026 macenemus,
2020 4949 2108 5014 sicut

175 5159 179 5167 .
254 5106 438 5186 meruerit,
456 5109 492 5174 et
508 5107 676 5175 molitura
690 5106 770 5176 inde
791 5124 865 5196 non
878 5109 1042 5175 tollamus
1057 5109 1092 5174 et
1108 5108 1227 5173 ortora
1241 5108 1275 5176 et
1290 5105 1526 5191 quodcumque
1540 5105 1660 5172 labore
1674 5105 1712 5171 in
1727 5105 1801 5188 ipse
1817 5103 1901 5169 isole
1915 5101 1971 5184 qui
1988 5105 2040 5167 est
2052 5102 2109 5167 be-

255 5259 385 5326 neficia
395 5257 439 5327 de
451 5259 530 5345 ipsa
543 5259 686 5340 molina,
704 5259 900 5340 fecerimus,
916 5262 1050 5328 nullam
1066 5259 1148 5327 inde
1161 5261 1197 5326 at
1210 5277 1293 5345 pars
1307 5260 1417 5346 ipsius
1434 5258 1575 5329 ecclesie
1589 5258 1722 5342 demus,
1740 5259 1776 5323 et
1789 5272 1854 5340 per
1870 5252 1961 5320 bona
1976 5269 2109 5320 comve

256 5412 392 5480 nientia
406 5429 469 5498 per
495 5411 575 5498 ipsa
597 5393 730 5498 guadia
751 5414 944 5500 hobligabit
966 5435 1002 5484 se
1025 5414 1102 5499 ipse
1124 5415 1231 5483 abbas
1253 5431 1389 5500 unaque
1412 5431 1489 5480 cum
1512 5413 1589 5498 ipso
1612 5407 1756 5477 dominii
1780 5407 1890 5492 ipsius
1913 5405 2058 5473 ecclesie
2079 5409 2115 5472 et

257 5581 336 5636 suos
352 5583 565 5636 successores
580 5567 615 5634 et
628 5585 714 5651 pars
730 5566 838 5652 ipsius
854 5567 998 5634 ecclesie
1013 5566 1193 5634 defensare
1209 5565 1308 5633 nobis
1322 5567 1400 5652 ipsa
1423 5564 1555 5632 molina
1578 5579 1656 5628 cum
1678 5557 1796 5626 omnia
1818 5576 1880 5626 sua
1902 5556 2113 5643 pertinentia

257 5719 383 5788 etcum
400 5717 473 5786 bice
488 5717 532 5786 de
547 5718 607 5787 bia
622 5737 683 5787 sua
698 5718 741 5786 da
758 5719 870 5787 omnis
888 5718 1023 5786 omines
1040 5719 1201 5803 omnique
1224 5717 1393 5802 partibus,
1411 5717 1446 5785 et
1469 5717 1551 5782 ante
1574 5715 1651 5799 ipso
1673 5711 1871 5779 costitutum
1892 5726 1962 5775 non
1985 5709 2109 5794 querat

261 5888 319 5940 eos
333 5871 433 5942 nobis
447 5873 570 5942 tollere
586 5873 648 5940 aut
662 5873 836 5940 contrare.
855 5870 944 5956 quod
969 5872 999 5938 si
1022 5871 1138 5938 taliter
1161 5867 1278 5936 omnia
1301 5868 1543 5954 suprascripta
1564 5866 1664 5934 nobis
1685 5882 1757 5932 non
1780 5860 2013 5948 atinpleuerit,
2033 5860 2115 5924 tunc
