5286 7098
1001 542 1374 656 orriolilricns
2023 608 2062 666 11

255 837 291 894 11
313 827 356 893 de
373 827 460 912 quod
478 829 678 896 annualiter
695 829 898 896 seminatum
915 828 1019 896 l'uer'it
1035 829 1072 895 in
1097 829 1171 912 ipse
1195 831 1298 896 terris
1322 831 1450 908 baoibe,
1469 829 1551 897 dare
1572 831 1672 899 nobis
1696 830 1776 906 inde
1797 833 1994 902 terraticum
2018 835 2111 904 intus

255 981 319 1046 hec
337 980 513 1047 cibitatem
535 997 641 1066 usque
664 981 739 1064 ipso
763 981 985 1048 constitutum
1013 979 1201 1048 secundum
1229 981 1506 1048 consuetudinem
1533 983 1641 1067 ipsius
1664 985 1730 1050 loci
1752 984 1797 1052 ad
1819 985 1958 1055 domum
1982 1005 2106 1056 meam.

254 1132 346 1216 quod
371 1134 399 1200 si
425 1133 554 1210 taliter,
572 1137 611 1198 ut
626 1133 784 1218 superius
800 1135 942 1218 legitur,
962 1133 1062 1201 nobis
1077 1150 1147 1200 non
1165 1133 1417 1218 adimpleberit,
1436 1138 1514 1202 11110
1530 1155 1592 1220 per
1608 1137 1686 1220 ipsa
1704 1137 1833 1238 guadia
1845 1139 2050 1223 ,hobligabit
2073 1161 2110 1210 se

253 1303 462 1371 componere
478 1287 588 1365 nobis,
608 1290 662 1354 vel
679 1289 733 1354 cui
752 1290 886 1356 brebem
903 1290 968 1356 1111
983 1287 1056 1356 vice
1073 1306 1149 1357 mea
1166 1289 1202 1356 in
1219 1306 1360 1356 manum
1376 1291 1543 1373 paruerit,
1563 1288 1679 1358 decem
1702 1291 1776 1357 auri
1799 1291 1927 1360 solidos
1950 1297 2109 1362 constan-

255 1439 361 1505 tinos.
380 1441 415 1504 11
437 1439 530 1505 hunc
547 1439 686 1506 brebem
703 1440 824 1514 scribsi
841 1457 908 1524 ego
924 1449 1044 1524 petrus
1059 1440 1216 1506 notarius
1232 1444 1291 1525 qui
1308 1443 1460 1510 interlui.

312 1561 341 1672 †
364 1607 431 1674 ego
454 1588 683 1672 truppoaldus

313 1711 342 1820 †
366 1756 433 1822 ego
457 1739 607 1806 arechisi
632 1740 789 1807 notarius
814 1759 868 1806 me
892 1742 1088 1825 subscripsi.

1040 2241 1278 2322 CCLXV
1287 2306 1292 2318 .

1029 2488 1085 2562 A.
1123 2487 1173 2564 D.
1211 2485 1307 2563 971.

308 2743 391 2876 †In
406 2793 547 2858 nomine
562 2791 695 2858 domini
711 2793 886 2859 tricesimo
903 2794 1021 2859 octabo
1037 2809 1128 2860 anno
1143 2793 1360 2878 principatus
1379 2795 1496 2861 domni
1513 2795 1623 2862 nostri
1635 2795 1751 2881 gisolfi
1763 2797 1905 2880 gloriosi
1921 2799 2102 2883 principis,

245 2961 371 3011 mense
385 2943 529 3010 martius
546 2944 805 3028 qirartadecima
821 2944 1018 3014 indictione.
1038 2949 1315 3014 memoratorium
1341 2949 1472 3014 sactum
1495 2966 1515 3014 a
1542 2966 1597 3015 me
1619 2948 1798 3017 cinnomus
1822 2949 1992 3032 presbiter
2015 2951 2105 3020 filius

246 3100 435 3184 ianelgari,
454 3117 495 3166 eo
511 3098 601 3184 quod
617 3103 699 3167 ante
716 3101 902 3184 subscripti
918 3103 1022 3169 testes
1035 3119 1099 3185 per
1123 3104 1210 3167 bona
1233 3102 1484 3169 combenientia
1507 3100 1652 3168 tradidit
1666 3102 1770 3168 michi
1795 3107 1910 3186 petrus
1934 3103 2105 3170 castaldus

243 3250 338 3316 111111
354 3248 524 3334 qnondam
549 3249 691 3318 landolfi
707 3251 854 3319 ecclesia
869 3269 934 3318 sua
948 3254 1146 3318 uocabulum
1163 3252 1275 3319 sancti
1290 3255 1420 3322 mathei
1445 3256 1479 3320 et
1501 3254 1614 3320 sancti
1637 3255 1753 3320 thome
1774 3256 2006 3338 apostolorum
2031 3253 2100 3334 dei,

243 3402 335 3484 quod
358 3403 433 3486 ipse
448 3405 601 3486 petrusa
617 3401 923 3476 nobolundamine
945 3402 1141 3469 construxit
1164 3403 1257 3470 intus
1280 3405 1344 3470 hec
1368 3404 1616 3470 salernitanam
1640 3403 1818 3470 cibitatem
1835 3403 1877 3470 ad
1895 3405 2007 3470 ortum
2030 3421 2103 3472 ma·
2217 3405 2222 3416 '

242 3571 353 3637 gnum
370 3553 406 3620 in
422 3557 519 3622 terra
533 3571 608 3621 sna.
623 3553 701 3622 ideo
716 3556 793 3638 ipsa
805 3554 951 3623 eeclesia
967 3572 1045 3620 cum
1061 3556 1157 3622 terra
1171 3559 1206 3621 et
1218 3569 1297 3624 casa
1307 3554 1423 3638 ibique
1436 3556 1656 3623 coniunctum
1669 3559 1704 3623 11
1719 3556 1830 3624 omnis
1845 3557 1958 3635 111111,
1973 3559 2104 3641 quanta

242 3712 441 3790 quantoque
456 3724 520 3790 per
535 3707 649 3790 ipsum
666 3708 786 3790 petrus
801 3706 929 3775 ibidem
947 3707 1105 3775 offertum
1122 3710 1186 3786 est,
1205 3710 1239 3773 et
1263 3710 1431 3792 quantum
1452 3726 1515 3792 per
1539 3708 1650 3792 ipsum
1673 3709 1793 3791 petrus
1813 3711 1848 3774 et
1869 3725 1932 3790 per
1958 3707 2036 3777 aliis
2061 3709 2100 3776 in

241 3861 320 3942 ipsa
336 3859 483 3928 ccclesia
498 3860 657 3928 offertum
673 3860 789 3938 suerit,
808 3861 914 3927 michi
930 3842 1084 3926 tradidit.
1104 3860 1200 3930 Unde
1216 3878 1280 3944 pro
1296 3861 1413 3928 taliter
1429 3880 1492 3944 per
1509 3864 1599 3928 bona
1614 3861 1867 3928 combenientia
1883 3859 2015 3946 guadia
2034 3862 2098 3928 mi-

243 4013 302 4076 1111
319 4014 394 4096 ipse
410 4012 528 4094 petrus
543 4008 637 4077 (ledit
652 4011 687 4077 et
702 4009 927 4078 mediatorem
944 4011 1050 4077 michi
1065 4009 1181 4095 posuit
1197 4009 1412 4094 grimoaldus
1435 4009 1608 4078 castaldus
1623 4011 1716 4078 filius
1732 4009 1946 4094 rodelgriini,
1965 4011 2027 4077 tali
2045 4027 2098 4076 or·

241 4165 335 4242 dine,
350 4169 388 4230 ut
402 4163 525 4231 amodo
537 4167 571 4231 ct
583 4165 707 4232 cumtis
723 4163 841 4233 diebus
856 4165 925 4230 vite
941 4183 1015 4232 mee
1029 4163 1207 4231 licentiam
1219 4166 1409 4230 habeamus
1424 4164 1460 4228 in
1475 4164 1554 4247 ipsa
1569 4182 1649 4230 casa
1664 4163 1816 4230 residere
1831 4166 1865 4230 et
1879 4165 2048 4242 habitare,
2064 4166 2099 4230 ei

240 4319 320 4400 ipsa
337 4319 440 4384 rebus
455 4319 572 4385 tenere
588 4315 631 4384 ad
648 4336 761 4385 meam
777 4319 996 4402 potestatem,
1015 4320 1050 4385 et
1065 4318 1102 4384 in
1118 4317 1193 4402 ipsa
1207 4317 1354 4384 ecclesia
1370 4315 1489 4383 diebus
1506 4318 1569 4381 bac
1584 4317 1741 4408 noctibus
1756 4316 1944 4382 efficiemus
1967 4319 2002 4383 et
2024 4318 2098 4383 offi-

239 4467 335 4531 ciare
350 4465 518 4533 faciamus
530 4466 631 4533 iuxta
646 4467 791 4543 ratione,
807 4468 896 4534 sicut
906 4467 1085 4552 meruerit3
1099 4469 1134 4533 et
1147 4467 1258 4533 omnis
1271 4468 1393 4534 offerta
1404 4469 1438 4533 et
1449 4466 1658 4533 botationem
1672 4467 1706 4532 et
1717 4467 1942 4549 sepulturam,
1956 4467 1991 4533 11
2001 4466 2096 4550 quic-

240 4616 316 4700 quit
339 4619 376 4684 in
400 4619 478 4703 ipsa
493 4619 639 4686 ecclesia
654 4620 840 4699 introierit,
859 4623 893 4686 et
909 4620 1019 4686 omnis
1035 4620 1154 4704 fruges
1169 4622 1204 4687 et
1219 4621 1350 4696 vinnm,
1368 4618 1457 4703 quod
1474 4617 1517 4685 de
1532 4620 1610 4702 ipsa
1625 4636 1682 4684 res
1697 4616 1835 4696 exierit,
1854 4620 1964 4683 totum
1979 4620 2095 4686 nostre

239 4769 284 4835 sit
296 4768 456 4852 potestati
472 4769 619 4838 faciendi
636 4769 764 4838 exinde
778 4770 868 4856 quod
884 4771 1097 4839 voluerimus
1119 4773 1154 4838 et
1169 4771 1301 4838 nullam
1316 4771 1416 4837 nobis
1430 4768 1557 4837 exinde
1570 4771 1693 4838 tollere
1704 4773 1838 4853 querat.
1857 4773 1987 4854 preter,
2006 4770 2097 4855 quod

241 4924 277 4987 in
296 4924 374 5006 ipsa
388 4897 534 4991 ecclesia
549 4891 725 4991 introierit
741 4925 801 5011 qui
816 4924 999 5010 pertinead
1017 4924 1060 4992 ad
1078 4925 1237 5010 regimen
1254 4927 1305 4994 vel
1323 4927 1563 4992 ornamentum
1586 4925 1696 5007 ipsius
1720 4922 1873 5002 ecclesie,
1892 4941 2027 5007 semper
2050 4925 2095 4993 sit

238 5072 279 5137 ad
298 5075 502 5156 potestatem
518 5073 626 5157 ipsius
642 5073 797 5151 10011111,
815 5077 849 5142 11
863 5092 926 5158 per
943 5073 1056 5141 omnis
1071 5091 1201 5152 annum
1218 5074 1255 5139 in
1273 5074 1350 5160 ipsa
1364 5075 1552 5144 lestibitate
1566 5075 1678 5142 sancti
1695 5073 1821 5140 mathei
1837 5072 1959 5141 demus
1981 5073 2090 5157 ipsius

238 5225 328 5307 petri
343 5227 399 5291 vel
418 5223 461 5292 ad
478 5223 552 5294 eius
568 5225 713 5293 heredes
729 5244 870 5294 censum
886 5245 992 5293 unum
1010 5243 1168 5311 cereum3
1192 5224 1235 5292 ad
1259 5225 1315 5296 die
1338 5246 1420 5294 vero
1442 5226 1579 5294 hobitus
1600 5227 1666 5292 mei
1690 5224 1857 5292 medietas
1879 5223 1990 5291 omnis
2014 5242 2092 5293 mea

238 5395 356 5456 causa,
377 5381 545 5470 quantum
563 5381 759 5465 quantoque
774 5383 936 5464 paratum
958 5381 992 5448 11
1007 5379 1238 5464 conquisitum
1254 5380 1487 5458 habuerimus,
1505 5397 1642 5463 semper
1663 5379 1709 5446 111
1723 5376 1764 5443 ad
1788 5377 1990 5462 potestatem
2015 5399 2093 5465 pre-

239 5528 331 5596 dicte
346 5529 502 5609 ecclesie,
516 5531 551 5598 11
565 5530 609 5596 de
623 5530 700 5614 ipsa
716 5530 785 5598 alia
799 5530 984 5601 medietate
999 5531 1167 5599 faciamus
1190 5530 1279 5617 quod
1304 5535 1524 5602 voluerimus.
1544 5537 1659 5600 tamen
1681 5533 1709 5600 si
1735 5531 1903 5600 familiam
1927 5533 2089 5600 habueri-

237 5673 326 5742 mus,
346 5666 523 5736 licentiam
538 5668 727 5736 habeamus
746 5667 827 5737 inde
843 5671 954 5740 lacere
970 5669 1059 5755 quod
1077 5671 1297 5756 voluerimus3
1315 5672 1349 5738 11
1364 5671 1441 5756 ipsa
1465 5668 1591 5754 guadia
1613 5669 1806 5753 hobligabii
1821 5686 1858 5737 se
1873 5669 1948 5753 ipse
1970 5671 2091 5752 petrus

236 5826 269 5882 et
285 5832 363 5885 suos
379 5817 523 5886 heredes
539 5817 721 5890 defensare
738 5823 843 5889 michi
860 5822 983 5890 amodo
999 5827 1032 5893 et
1049 5823 1173 5891 cumtis
1190 5823 1310 5891 diebus
1326 5823 1396 5890 vite
1411 5840 1487 5890 mee
1504 5821 1702 5907 supradicta
1718 5822 1864 5891 ecclesia
1879 5838 1956 5888 cum
1978 5821 2089 5888 omnis
