5286 7098
986 641 1358 716 blrlobllrlfflls
2004 665 2045 724 57

235 910 286 966 re,
312 895 351 958 ut
375 889 500 960 amodo
523 893 559 959 et
581 908 686 976 usque
709 893 781 960 tres
804 887 917 957 frudia
939 888 1121 956 recollecta
1142 887 1252 953 totum
1276 885 1319 954 ad
1343 905 1407 956 sua
1429 891 1600 974 potestate
1621 911 1677 964 ees
1701 897 1851 976 tenere,
1871 901 1906 964 et
1939 898 2015 983 ipso
2037 915 2093 965 ar·

238 1043 335 1114 bustu
359 1045 393 1111 et
415 1043 490 1128 ipso
513 1042 758 1111 abellanietum
782 1041 982 1110 annualiter
1005 1042 1088 1124 apto
1108 1039 1263 1123 tempore
1278 1055 1336 1106 eos
1352 1040 1523 1120 laborare.
1542 1044 1577 1110 et
1592 1044 1669 1129 ipso
1683 1047 1861 1115 arbustum
1876 1049 1999 1132 potare
2013 1065 2093 1134 pro-

236 1193 422 1281 paginare,
449 1197 485 1261 et
506 1194 567 1262 ubi
589 1194 766 1272 meruerit,
791 1191 881 1261 bites
903 1194 1017 1262 traere
1040 1193 1075 1258 et
1096 1185 1154 1258 eos'
1177 1191 1336 1260 laborare
1358 1189 1522 1278 desuper
1544 1195 1580 1261 et
1602 1193 1787 1276 desubter,
1805 1197 2003 1266 sicutlocus
2018 1191 2108 1284 ipse'

235 1335 404 1416 meruerit
425 1349 464 1414 ut
486 1349 569 1416 bene
592 1344 725 1432 paread
749 1346 943 1412 laboratum
966 1345 1002 1410 et
1023 1343 1203 1415 cultatum,
1226 1343 1262 1408 et
1283 1341 1358 1426 ipse
1380 1341 1484 1412 terris
1506 1345 1628 1414 vacibe
1650 1349 1733 1431 apto
1756 1351 1912 1433 tempore
1934 1352 2091 1418 laborare

233 1501 269 1568 et
290 1501 465 1569 seminare
488 1501 523 1569 et
546 1499 750 1584 recolligere
767 1497 780 1584 ;‘
801 1498 837 1566 et
857 1496 901 1565 de
923 1515 989 1581 que
1011 1494 1208 1562 annualiter
1232 1493 1359 1562 ibidem
1384 1495 1645 1578 seminaberint,
1670 1497 1776 1568 deant
1798 1499 1879 1569 inde
1901 1502 2000 1570 nobis
2022 1506 2092 1571 ter-

233 1651 384 1718 ralicum
407 1649 596 1720 secuudum
619 1647 866 1717 consuetudine
888 1645 931 1716 de
956 1646 1031 1730 ipso
1054 1647 1179 1724 locum,
1196 1645 1230 1713 et
1245 1644 1322 1729 ipsc
1337 1646 1514 1712 arbustum
1532 1649 1613 1732 apto
1629 1648 1862 1734 temporeeos
1878 1651 2093 1720 bindemiare

232 1807 268 1871 ct
291 1803 366 1888 ipse
389 1803 549 1871 abellane
572 1801 750 1885 colligere.
777 1801 896 1884 preter
917 1799 946 1868 si
969 1797 1179 1866 voluerimus
1201 1816 1264 1866 nos
1281 1798 1403 1864 tollere
1425 1797 1644 1868 medietatem
1668 1801 1744 1885 ipso
1766 1801 1885 1868 vinum
1909 1805 1944 1870 et
1965 1802 2039 1888 ipse
2055 1821 2093 1870 a·

235 1953 371 2024 bellare
392 1956 427 2024 et
448 1955 589 2021 tertiam
612 1955 714 2039 parte
737 1952 780 2021 de
802 1953 969 2030 castaneo,
993 1967 1062 2036 que
1084 1949 1128 2018 de
1149 1951 1226 2034 ipso
1249 1951 1475 2018 castanietum
1500 1953 1699 2033 collesserit,
1713 1952 1819 2021 deant
1835 1953 1913 2021 illut
1927 1955 2039 2043 nobis3
2058 1959 2092 2023 et

233 2107 265 2172 si
288 2121 359 2174 non
382 2105 592 2174 voluerimus
614 2122 674 2173 eus
696 2106 830 2182 tollere,
856 2121 918 2189 per
941 2101 1054 2170 omnis
1077 2119 1169 2170 annu
1192 2099 1298 2169 deant
1313 2101 1414 2168 nobis
1435 2103 1473 2168 iu
1488 2102 1674 2172 lestibitate
1689 2107 1801 2174 sancti
1825 2107 1969 2174 martini
1986 2107 2091 2192 quad-

231 2263 313 2325 tucr
336 2257 413 2325 auri
436 2257 505 2326 tari
526 2257 620 2336 voni,
643 2259 679 2324 et
701 2256 772 2324 illis
793 2257 920 2324 abeant
942 2254 1009 2322 sibi
1031 2255 1107 2340 ipso
1130 2253 1261 2332 vinum,
1287 2257 1322 2323 et
1344 2255 1419 2339 ipse
1442 2256 1611 2334 abellane,
1638 2258 1673 2323 et
1694 2256 1849 2342 predicte
1872 2261 2034 2327 castanee
2056 2261 2090 2326 et

234 2411 311 2496 ipso
333 2411 551 2479 terraticum.
578 2409 669 2478 uude
691 2428 755 2494 per
784 2425 874 2478 vona
895 2407 1144 2477 combenientia
1173 2407 1303 2493 guadia
1332 2407 1420 2474 mihi
1449 2407 1518 2492 ipsi
1548 2409 1718 2477 nominati
1747 2427 1889 2476 maurus
1914 2413 1949 2478 et
1979 2412 2090 2480 lalcus
2223 2434 2229 2444 ¹

231 2561 404 2631 dederunt
427 2564 462 2630 et
485 2562 552 2647 ipsi
576 2561 642 2628 sibi
665 2560 827 2628 exierunt
849 2557 1072 2646 mediatores3
1096 2561 1149 2626 set
1171 2575 1235 2644 per
1257 2556 1378 2626 eadem
1401 2557 1530 2644 guadia
1551 2560 1796 2646 obligaberunt
1817 2579 1855 2630 se
1876 2566 1911 2631 et
1932 2565 2003 2631 suis
2017 2583 2091 2633 ere-

232 2711 346 2790 dibus,
372 2714 411 2779 ut
434 2713 464 2780 si
486 2711 620 2798 aliquit,
645 2710 689 2780 de
712 2709 880 2794 quomodo
903 2711 1063 2796 superius
1086 2711 1244 2796 legitur,
1270 2711 1433 2794 quesierit
1456 2714 1632 2781 remobere
1654 2715 1715 2779 aut
1737 2715 1926 2790 contrare,
1950 2718 1985 2783 et
2006 2715 2091 2783 talia

234 2864 337 2930 nobis
359 2865 414 2931 uel
437 2863 475 2930 in
498 2881 583 2948 pars
606 2863 716 2948 ipsius
739 2863 881 2932 ecclesie
903 2879 975 2930 non
999 2862 1267 2948 adinpleberint,
1286 2881 1492 2948 componere
1515 2865 1760 2950 obligaberunt
1781 2884 1817 2934 se
1832 2867 1970 2952 suisque
1983 2867 2093 2937 eredi-

232 3017 301 3084 bus
321 3017 422 3084 nobis
443 3018 499 3084 vel
525 3016 573 3082 im
600 3035 684 3101 pars
707 3017 818 3101 ipsius
841 3013 983 3084 ecclesie
1006 3014 1125 3083 decem
1150 3015 1277 3084 solidos
1300 3016 1522 3084 costantinus.
1549 3020 1582 3084 et
1605 3018 1696 3085 hunc
1718 3018 1855 3088 brebem
1879 3018 2003 3102 scripsi
2026 3038 2092 3102 ego

235 3165 430 3234 madelmus
451 3169 610 3235 notarius
633 3167 692 3253 qui
716 3167 869 3235 interfui.

285 3291 317 3408 †
332 3336 399 3406 ego
415 3318 627 3389 adelmundu

287 3445 317 3557 †
332 3489 400 3557 ego
414 3472 511 3557 potio

289 3595 401 3708 †ego
425 3622 609 3709 lequinius.

1017 4119 1269 4201 CCLVII.

1010 4367 1066 4442 a,
1102 4363 1154 4442 n.
1192 4299 1296 4441 aee.

282 4624 318 4752 †
341 4669 544 4737 innomine
566 4667 698 4736 domini
722 4666 897 4738 tricesimo
920 4672 1020 4738 sexto
1043 4687 1136 4738 anno
1159 4671 1374 4756 principatus
1397 4671 1516 4740 domni
1538 4674 1650 4742 nostri
1673 4675 1790 4760 gisolfi
1806 4677 1959 4763 gloriose
1982 4681 2082 4765 prin·

218 4837 317 4904 ceps,
343 4836 459 4888 mense
481 4820 675 4904 september
698 4817 903 4888 duodecima
925 4818 1106 4890 inditione.
1135 4821 1241 4890 hideo
1263 4841 1330 4908 que
1352 4841 1419 4910 ego
1442 4827 1534 4905 bose,
1561 4825 1620 4912 qui
1644 4825 1800 4898 littusum
1823 4833 1965 4900 vocatur
1988 4833 2081 4904 lilius

218 4967 398 5054 quondam
413 4970 608 5055 ramperti,
626 4970 745 5038 duma
767 4970 979 5056 grabissima
1002 4973 1209 5042 infirmitate
1233 4993 1311 5042 sum
1337 4974 1584 5060 deprehensus,
1602 4979 1693 5048 unde
1717 4981 1786 5048 nisi
1812 4983 1842 5050 si
1868 4982 1989 5052 dibina
2010 4986 2075 5053 mi-

219 5120 415 5194 sericordia
437 5123 524 5190 mibi
547 5140 618 5190 non
640 5124 868 5204 hocviaberit,
886 5124 992 5194 cizius
1015 5127 1123 5194 abac
1146 5129 1224 5196 luce
1246 5128 1325 5196 uius
1347 5128 1455 5196 seculi
1476 5133 1561 5214 puto
1591 5131 1698 5199 vitam
1726 5131 1853 5221 tlnire3
1877 5139 1930 5202 set
1957 5139 2077 5204 tamen

218 5275 367 5358 plenam
391 5273 557 5357 profiteor
579 5292 635 5342 me
657 5277 785 5344 habere
807 5277 956 5344 meatem
978 5277 1013 5345 et
1035 5279 1127 5346 recte
1150 5279 1292 5363 loquere
1314 5279 1436 5358 valuit,
1462 5280 1630 5366 cogitabit
1651 5284 1743 5350 enim
1767 5303 1833 5369 que
1847 5285 1903 5353 dei
1926 5291 2008 5356 sunt
2029 5290 2082 5358 iu-

218 5425 316 5492 dicia
339 5426 374 5491 et
396 5426 550 5492 humano
574 5423 685 5492 bordo
707 5425 874 5506 decurrit,
899 5445 944 5494 ne
967 5427 1080 5496 subito
1101 5432 1307 5515 preoccupet
1329 5449 1385 5500 me
1407 5448 1518 5510 more,
1544 5434 1579 5500 et
1600 5436 1702 5502 rebus
1736 5438 1932 5508 etecusam
1966 5461 2077 5512 meam

217 5573 449 5644 iniudicatam
472 5575 678 5661 relinquam.
705 5576 868 5662 primitus
890 5577 1029 5663 quidem
1053 5579 1168 5648 iudico
1190 5581 1302 5668 adque
1324 5583 1448 5660 statue,
1475 5584 1513 5648 ut
1535 5583 1566 5650 si
1582 5583 1739 5670 iaquinta
1752 5606 1863 5656 uxore
1885 5609 1963 5658 mea
1977 5597 2075 5662 casta

216 5725 348 5792 lectum
373 5742 487 5793 meum
511 5723 712 5792 custodierit
732 5728 767 5795 et
788 5741 860 5793 non
881 5727 1052 5812 nupserit,
1078 5729 1206 5800 babeas
1229 5746 1366 5815 unaque
1389 5747 1467 5798 cum
1484 5731 1566 5800 filiis
1589 5735 1781 5804 nostrised
1809 5755 1907 5807 suam
1929 5743 2078 5825 potesta·

215 5881 290 5945 tem
313 5877 496 5946 laborandi
520 5879 555 5945 et
578 5877 759 5963 frugiandi
782 5880 933 5958 nomine,
960 5883 995 5949 et
1018 5881 1163 5967 regendi
1186 5883 1220 5949 et
1243 5883 1461 5968 gubernandi
1484 5886 1575 5956 casis
1597 5889 1632 5955 et
1654 5890 1767 5958 omnis
1789 5909 1866 5962 mea
1889 5894 1991 5961 rebus
2007 5898 2076 5962 sta·
2200 5919 2205 5928 ·

394 6047 453 6092 Tou.
473 6047 503 6090 ll.
1940 6001 1955 6042 R
