5210 7098
950 617 1386 693 ETYMOLOGIARUM
1420 621 1511 692 ΗΒ.

660 868 711 955 Ε.
758 868 818 955 Μ.
1222 864 1225 1055 1
1564 953 1567 968 ,
1615 869 1663 954 C.
1711 871 1758 956 C.

259 1152 263 1158 ·
288 1119 407 1213 aptus)
424 1119 645 1199 mortalitate,
664 1121 699 1186 et
714 1117 892 1186 mollitiae.
912 1121 965 1185 Ex
979 1119 1075 1184 aestu
1099 1117 1203 1192 enim,
1222 1066 1440 1178 *mortalitate
1456 1117 1491 1177 et
1508 1113 1654 1180 mollitia
1671 1131 1713 1182 ox
1730 1119 1805 1182 estu
1821 1116 1910 1185 enim
1930 1122 1963 1184 ot
1980 1119 2063 1186 alitu
2080 1138 2153 1186 rna-

285 1263 321 1330 et
351 1260 463 1328 halitu
495 1263 602 1329 maris
632 1261 766 1334 seritur,
794 1264 828 1329 et
855 1261 1059 1328 verberatur
1087 1222 1278 1379 imbri-§tris
1294 1253 1420 1320 friatur
1435 1257 1473 1322 et
1486 1260 1689 1323 verteretur
1706 1257 1884 1326 imbrious.

283 1407 361 1472 bus.
377 1405 411 1468 7.

336 1672 343 1684 .
362 1671 369 1684 .
388 1669 394 1683 .
410 1621 444 1688 et
466 1619 572 1687 ceteri
596 1618 689 1687 modi
713 1621 863 1704 quique.
882 1672 888 1685 .
908 1669 914 1682 .
934 1577 1011 1687 [36.
1211 1652 1237 1825 ⁴.
1252 1621 1263 1684 ’.
1283 1667 1289 1682 .
1307 1619 1341 1684 et
1357 1619 1461 1686 ceteri
1480 1621 1571 1688 modi
1587 1621 1711 1706 cuique
1727 1642 1824 1694 cause
1841 1681 1951 1696 .....

1219 1786 1221 1853 t

626 1835 732 1902 GAP.
762 1837 859 1902 XIX.
1018 1884 1020 1890 s
1219 1876 1221 1957 Ι

278 1997 279 2000 '
327 2005 539 2074 sarcitector
563 2007 676 2076 dietus
692 2059 884 2076 ........
901 2011 933 2077 3.
1272 2017 1458 2084 Saeitector
1489 2019 1600 2088 dictus
1617 2071 1726 2086 .....

326 2232 438 2299 Galla.
459 2235 514 2300 30.

612 2455 717 2522 one.
747 2456 863 2522 narr.
1208 2434 1211 2657 ⁴

328 2643 474 2727 Byssina
497 2643 648 2737 candida
671 2644 826 2710 coniecta
843 2642 1048 2728 exquodam
1073 2652 1366 2749 generelryssina
1397 2651 1547 2720 candida
1578 2658 1736 2722 conlecta
1766 2675 1809 2724 ex
1841 2643 1988 2744 quodam
2018 2679 2147 2755 genere

280 2781 346 2847 lini
371 2780 570 2865 ἓΐῡὸὃῑθΐὶὃ·
590 2783 677 2849 Sunt
692 2785 726 2850 ei
741 2782 799 2867 (lui
822 2799 934 2866 genus
951 2781 1121 2866 qss0ddam
1139 2782 1201 2849 lini
1217 2795 1312 2887 ligni
1330 2797 1489 2866 orossior.
1510 2765 1597 2866 Sunt
1612 2800 1670 2884 qui
1694 2803 1729 2870 et
1752 2821 1864 2884 genus
1887 2802 2056 2887 quoddam
2082 2805 2145 2870 lini

280 2921 420 3004 byssum
444 2940 518 2990 esse
541 2923 755 2990 existimant.
773 2925 828 2990 23.
1216 2928 1399 3020 ssoprssinun
1418 2938 1631 3006 existimant.

264 3026 266 3030 ·
1216 3032 1217 3081 l

325 3147 488 3214 Velensis
511 3146 628 3214 tunica
655 3151 730 3226 est,
756 3165 845 3232 quae
869 3147 1013 3214 affertur
1039 3164 1083 3214 ex
1106 3130 1217 3214 insu-,l
1268 3143 1474 3208 Velenensis
1491 3143 1609 3211 tunica
1625 3147 1677 3211 est
1693 3164 1759 3230 que
1782 3147 1927 3212 affertur
1952 3165 1994 3212 ex
2019 3148 2143 3252 insulis

278 3289 333 3356 lis.
348 3291 403 3356 33.
1223 3293 1355 3361 queque
1371 3277 1459 3342 citro
1483 3296 1558 3344 sum
1583 3273 1735 3366 (serati).

611 3503 716 3569 CAP.
746 3503 885 3569 XXIII.
1216 3422 1217 3465 1

1216 3696 1217 3719 ¹
1268 3690 1443 3756 mastruca
1458 3689 1560 3758 vestis
1576 3689 1691 3757 sardo.
1715 3743 1721 3755 .
1745 3743 1752 3755 .
1772 3743 1804 3756 ..

1216 3812 1217 3865 l

323 3905 449 3970 Persae
467 3904 609 3970 brachia
627 3907 661 3970 et
677 3921 781 3969 crura
798 3903 999 4011 linamentis
1016 3953 1022 3967 .
1042 3955 1048 3970 .
1068 3903 1122 3968 .t.
1227 3958 1234 3972 .
1253 3956 1260 3970 .
1280 3957 1286 3972 .
1306 3959 1312 3972 .
1328 3924 1453 3990 persae
1471 3909 1611 3974 brachia
1633 3913 1666 3976 et
1689 3927 1794 3976 crura
1817 3911 2033 3980 liniamentis

1215 3974 1218 4137 t

605 4120 710 4187 thP.
739 4121 870 4202 XXIV.
1063 4183 1066 4189 ,
1215 4144 1217 4182 l

327 4345 358 4359 ..
379 4347 386 4360 .
405 4347 412 4360 .
428 4293 517 4380 quod
542 4298 579 4363 in
596 4296 720 4383 majori
745 4299 863 4382 gloria
885 4296 1060 4365 hominem
1086 4299 1201 4366 trans-

279 4433 409 4502 bearet.
425 4435 457 4498 8.
1214 4388 1217 4469 I

323 3681 498 3750 Mastruea
513 3680 619 3748 vestis
635 3681 741 3748 sarda
757 3729 868 3746 .....
885 3683 917 3746 5.

1279 4287 1367 4371 quod
1385 4287 1420 4354 in
1440 4288 1559 4372 majori
1574 4289 1689 4372 gloria
1703 4291 1875 4372 lrorninern
1889 4296 2141 4363 transveheret.

608 4627 713 4726 olo.
742 4658 875 4734 arar.
1206 4735 1209 4805 1

323 4828 498 4913 Mappae.
522 4882 528 4895 ‚
552 4881 559 4896 ,
579 4881 586 4896 ,
605 4830 703 4913 quasi
730 4848 928 4916 manupae,
959 4835 1060 4918 atque
1092 4835 1134 4900 pb
1165 4814 1209 4900 jd'
1268 4821 1413 4903 Merope.
1433 4871 1439 4884 .
1459 4871 1465 4886 .
1482 4821 1579 4904 quasi
1596 4821 1771 4904 manipulo
1787 4819 1896 4905 adque
1919 4822 1962 4886 ot)
1987 4821 2014 4887 it
2036 4824 2147 4889 nomi-

280 4968 493 5049 neminatae
512 4972 608 5060 eujus
623 4971 868 5039 diminutivum
892 4975 1041 5058 mapella
1057 4978 1118 5043 ost.
1142 4978 1195 5044 12.
1206 4948 1302 5063 {⁸1³³oe
1318 4955 1416 5042 quus
1431 4955 1676 5024 diminutivum
1696 4959 1864 5042 mappula
1880 4965 1943 5024 081·

597 5191 702 5260 OAP.
733 5193 884 5260 XXVII.
943 5210 947 5215 ’

318 5377 414 5448 Unde
438 5381 473 5445 et
495 5380 705 5465 stippatores
721 5381 896 5462 dicuntur,
915 5385 974 5468 qui
1000 5387 1037 5452 in
1053 5385 1201 5454 navibus
1268 5387 1364 5457 Unde
1380 5389 1415 5455 et
1430 5390 1650 5475 stuppatores
1666 5391 1830 5460 dieantur
1854 5397 1913 5480 qui
1937 5395 1973 5462 in
1999 5398 2148 5464 trallibus

279 5536 356 5587 earn
381 5525 603 5605 componunt.
619 5523 651 5589 4.
1207 5472 1301 5596 leam
1320 5535 1540 5616 componunt.

286 5756 434 5764 ----.——-
444 5759 455 5763 -
464 5759 480 5762 -

332 5891 355 5964 ¹)
378 5892 483 5960 Questa
505 5896 603 5966 parole
631 5895 709 5951 Galla
731 5909 788 5950 non
812 5895 836 5950 si
859 5894 944 5968 lagga
970 5897 1018 5953 nel
1041 5897 1069 5954 0.
1095 5898 1124 5954 O.
