5286 7098
602 565 664 627 no
1014 500 1019 510 ’
1267 549 1430 622 conux
1473 549 1706 623 cnvuusrs

499 885 505 900 .
557 795 778 864 constitutum
803 811 908 879 usque
923 791 998 862 dies
1012 792 1160 878 triginta
1175 809 1249 862 sex.
1268 791 1349 860 etsi
1365 792 1460 860 infra
1477 790 1552 878 ipsa
1566 791 1753 859 constituta
1768 808 1851 878 pars
1866 791 1976 876 ipsius
1991 791 2157 877 episcopii
2171 796 2311 864 noluerit
2323 747 2389 867 illos
2462 783 2467 796 '

558 963 673 1014 emere
686 945 729 1014 ad
743 945 831 1013 iusto
844 945 995 1014 ballente
1006 944 1169 1030 pretium,
1184 946 1267 1011 tunc
1279 943 1389 1012 licead
1406 943 1476 1012 illis
1487 960 1546 1011 eos
1557 943 1643 1014 dare
1657 944 1712 1010 cui
1728 945 1889 1031 voluerit3
1906 961 1987 1012 nam
1999 943 2028 1012 si
2040 945 2121 1013 ante
2136 945 2210 1030 ipsa
2224 951 2390 1020 constituta

557 1114 686 1182 apsque
709 1099 897 1166 volumtate
919 1095 962 1165 de
986 1097 1141 1183 pontifex
1165 1097 1274 1182 ipsius
1297 1097 1463 1182 episcopii
1479 1097 1681 1182 cuicumque
1704 1097 1763 1165 ille
1785 1099 1841 1165 vel
1864 1098 1991 1166 exinde
2005 1097 2172 1179 dederint,
2190 1101 2275 1168 sicut
2288 1103 2327 1170 de
2341 1122 2392 1190 po

558 1250 713 1319 testatem
736 1249 876 1317 illorum
900 1266 966 1319 exe
981 1251 1224 1335 supstractum
1241 1251 1323 1316 tunc
1346 1249 1422 1316 sine
1443 1249 1595 1333 pretium
1611 1252 1786 1318 revertere
1807 1247 1850 1315 ad
1874 1251 2078 1334 potestatem
2101 1251 2209 1336 ipsius
2230 1254 2389 1341 episcopii.

559 1402 745 1485 propterea
755 1417 819 1485 per
836 1399 911 1484 ipsa
925 1400 1037 1466 tribus
1053 1399 1241 1466 constituta
1255 1396 1350 1468 venit
1364 1397 1408 1465 ad
1433 1416 1489 1466 me
1512 1399 1587 1482 ipse
1601 1399 1764 1467 mastalus
1779 1415 1851 1466 una
1873 1416 1951 1467 cum
1975 1400 2123 1470 iohanne
2138 1403 2321 1486 presbitero
2334 1407 2395 1476 filio

558 1568 622 1618 suo
637 1553 673 1618 et
687 1549 777 1618 scire
793 1567 849 1617 me
860 1550 1027 1629 iecerunt,
1046 1551 1085 1619 ut
1100 1551 1178 1634 ipsa
1192 1549 1355 1627 sortione,
1370 1566 1435 1634 que
1452 1549 1560 1634 ipsius
1575 1549 1713 1616 mastali
1729 1549 1772 1616 de
1787 1547 1941 1633 predicta
1957 1566 2014 1618 res
2028 1553 2155 1629 evenit,
2170 1553 2236 1618 hab
2246 1551 2397 1624 illiseme-

561 1719 601 1770 re
623 1701 668 1770 ed
691 1703 783 1770 iusto
808 1703 945 1773 illorum
963 1703 1045 1774 inde
1061 1703 1212 1770 dandum
1230 1701 1393 1788 pretium.
1421 1703 1473 1769 set
1495 1701 1583 1769 mihi
1605 1701 1704 1768 etad
1727 1703 1838 1768 cleros
1853 1701 2014 1808 honorati
2029 1702 2138 1770 nostri
2161 1702 2319 1790 episcopii
2340 1726 2398 1776 non

561 1858 759 1941 comparuit
785 1859 887 1926 rebus
909 1858 985 1944 ipsa
1000 1875 1125 1936 emere,
1145 1875 1209 1943 pro
1225 1877 1265 1926 eo
1281 1855 1370 1942 quod
1386 1857 1488 1924 extra
1504 1856 1607 1922 rebus
1623 1855 1733 1922 nostri
1750 1856 1917 1941 episcopii
1931 1858 1994 1934 est,
2023 1860 2057 1924 et
2072 1857 2247 1926 licentiam
2261 1863 2293 1926 et
2315 1878 2399 1946 apso

562 2007 693 2076 lutione
709 2008 809 2076 modo
821 2009 917 2077 vobis
928 2011 1099 2079 nominati
1116 2009 1253 2078 mastali
1267 2011 1302 2077 et
1318 2009 1437 2076 ioanni
1455 2007 1637 2092 presbiteri
1654 2006 1777 2074 damus
1792 2006 1876 2074 illud
1888 2006 2098 2077 venumdare
2112 2007 2169 2076 cui
2185 2012 2361 2090 volueritis,
2372 2017 2400 2082 et

562 2162 618 2228 cui
644 2160 728 2229 illud
751 2160 927 2241 dederitis,
947 2163 1041 2230 omni
1067 2165 1221 2248 tempore
1248 2163 1308 2231 ille
1333 2165 1368 2230 et
1394 2162 1469 2229 eius
1497 2160 1639 2229 heredes
1665 2160 1813 2229 firmiter
1836 2176 1894 2228 eos
1917 2161 2069 2228 habeant
2091 2161 2202 2246 adque
2225 2163 2400 2246 possideant

564 2309 756 2380 faciendum
780 2311 906 2382 exinde
930 2313 1048 2382 omnia
1063 2311 1152 2398 quod
1169 2311 1329 2390 voluerit,
1343 2313 1378 2378 et
1392 2328 1527 2395 semper
1543 2327 1610 2395 ego
1626 2312 1662 2377 et
1676 2327 1888 2378 successores
1910 2285 2004 2378 meos
2019 2312 2054 2378 ct
2070 2329 2153 2396 pars
2169 2313 2276 2380 nostri
2290 2311 2403 2398 episco

564 2464 615 2548 pii
631 2465 833 2533 antistemus
844 2468 879 2534 et
892 2465 1108 2535 defensemus
1124 2484 1202 2534 cum
1219 2467 1293 2534 bice
1307 2465 1350 2533 de
1366 2465 1423 2531 bia
1445 2482 1510 2532 sua
1531 2465 1609 2532 illos
1632 2464 1729 2532 vobis
1745 2466 1780 2530 et
1802 2463 1857 2530 cui
1875 2481 1938 2548 per
1953 2481 2013 2531 vos
2035 2462 2112 2530 illos
2127 2465 2182 2533 vel
2208 2464 2328 2534 exinde
2350 2465 2401 2536 da·

565 2619 638 2684 tum
664 2618 830 2702 paruerit,
858 2622 893 2686 et
919 2617 963 2685 ad
979 2619 1124 2687 heredes
1151 2619 1226 2688 eius
1249 2618 1293 2685 da
1316 2635 1432 2686 omnes
1460 2617 1617 2685 homines
1632 2616 1793 2701 omnique
1808 2616 1976 2701 partibus.
1995 2615 2024 2683 si
2039 2618 2165 2694 autem,
2184 2617 2272 2685 sicut
2291 2615 2403 2685 dictum

564 2769 627 2845 est,
655 2767 770 2837 taliter
793 2767 876 2835 illud
895 2769 991 2837 vobis
1006 2786 1075 2835 non
1091 2767 1392 2846 defensanerimus
1410 2771 1469 2834 aut
1484 2767 1512 2836 si
1531 2784 1597 2850 ego
1612 2769 1666 2834 vel
1682 2783 1897 2835 successores
1912 2783 2005 2836 meos
2020 2768 2055 2834 et
2071 2784 2151 2852 pars
2168 2769 2276 2836 nostri
2291 2769 2406 2854 episco

566 2919 616 3002 pii
640 2918 951 3004 quomodocumque
974 2937 1037 3004 per
1052 2920 1298 3004 qualecumque
1314 2918 1451 2986 ratione
1466 2917 1694 3004 quesierimus
1710 2918 1795 2985 illud
1815 2921 1866 2986 vel
1888 2918 2013 2986 exinde
2031 2920 2127 2986 vobis
2143 2922 2198 2988 vel
2215 2920 2269 2987 cui
2283 2937 2341 3005 per
2355 2937 2405 2986 vos

564 3068 681 3135 datum
697 3069 852 3153 paruerit
867 3073 902 3137 et
924 3069 968 3136 ad
992 3088 1111 3138 eorum
1126 3070 1245 3148 eredes
1262 3071 1384 3138 tollere
1409 3073 1469 3137 aut
1491 3071 1665 3146 contram,
1684 3072 1719 3137 et
1734 3086 1946 3154 quocumque
1968 3071 2121 3137 causatio
2137 3071 2236 3139 vobis
2252 3071 2327 3137 inde
2341 3088 2406 3155 pre

564 3221 789 3305 posuerimus,
816 3187 859 3289 ad
883 3223 1165 3306 compositionem
1182 3223 1274 3290 siant
1286 3238 1353 3307 ego
1368 3225 1404 3290 et
1419 3240 1630 3292 successores
1646 3241 1739 3291 meos
1755 3225 1790 3290 et
1805 3241 1888 3308 pars
1904 3222 2013 3290 nostri
2037 3223 2207 3309 episcopii
2228 3171 2269 3290 ad
2286 3239 2406 3308 compo

564 3371 714 3440 nendum
730 3372 876 3456 obligati
891 3370 986 3440 vobis
1001 3377 1036 3440 et
1050 3373 1106 3441 cui
1123 3391 1185 3457 per
1201 3392 1262 3441 vos
1276 3373 1394 3440 datum
1412 3374 1567 3458 paruerit
1581 3377 1615 3441 et
1627 3373 1671 3442 ad
1685 3372 1829 3442 heredes
1845 3374 1919 3441 eius
1936 3378 2073 3440 centum
2094 3375 2172 3440 auri
2197 3373 2318 3444 solidos
2339 3391 2408 3440 cou-

565 3524 745 3590 stantinos.
770 3525 805 3592 et
828 3524 891 3592 tali
914 3521 1060 3590 hordine
1082 3527 1117 3593 te
1132 3524 1348 3593 theodericus
1370 3525 1525 3594 notarius
1541 3525 1692 3594 scribere
1706 3525 1916 3610 rogabimus.
1937 3528 2078 3592 hactum
2093 3527 2244 3593 salerno.

625 3648 655 3761 †
670 3693 736 3760 ego
751 3677 811 3761 qui
826 3695 931 3762 supra
946 3677 1116 3747 iohannes
1131 3681 1309 3765 episcopus

626 3801 656 3913 †
670 3845 736 3912 ego
752 3829 811 3914 qui
827 3847 934 3915 supra
950 3832 1070 3915 petrus
1086 3829 1189 3902 iudex

625 3952 655 4065 †
670 3998 736 4065 ego
750 3982 810 4067 qui
826 4001 931 4068 supra
946 3982 1115 4052 iohannes
1130 3981 1294 4051 diaconus

625 4101 655 4216 †
670 4149 736 4217 ego
752 4151 873 4201 manso
888 4135 1058 4219 presbiter

627 4255 656 4367 †
671 4303 737 4368 ego
754 4302 896 4354 maurus
912 4287 1060 4354 clericus
1075 4289 1109 4354 et
1125 4285 1357 4370 primicerius.

1393 4789 1620 4870 CCCIV.

1364 5035 1418 5109 A.
1454 5033 1505 5111 D.
1543 5032 1648 5112 978.

625 5292 714 5426 ι1Ἰῐι
731 5343 870 5410 nomine
884 5341 1015 5410 domini
1032 5343 1208 5411 tricesimo
1224 5347 1324 5412 sexto
1339 5362 1431 5412 anno
1446 5346 1661 5432 principatus
1677 5347 1793 5415 domni
1810 5347 1920 5414 nostri
1939 5345 2080 5432 paldolfl
2096 5343 2250 5430 glorioso
2266 5341 2415 5428 principe
2465 5431 2468 5438 .

566 5496 601 5560 et
616 5493 728 5580 primo
743 5511 834 5561 anno
850 5493 926 5562 eius
948 5495 1099 5575 salerno,
1117 5497 1151 5564 et
1166 5495 1285 5581 quinto
1302 5513 1395 5564 anno
1410 5498 1627 5583 principatus
1650 5497 1767 5565 domni
1784 5497 1928 5584 paldolfi
1951 5499 2024 5566 filio
2047 5498 2134 5577 eius,
2153 5513 2270 5568 mense
2287 5495 2418 5562 octuber

568 5646 716 5731 septima
731 5643 933 5714 indictione.
951 5649 1235 5718 memoratorium
1251 5651 1380 5718 factum
1392 5667 1414 5716 a
1425 5670 1480 5719 me
1491 5653 1659 5720 martinus
1672 5651 1841 5734 presbiter
1856 5656 1890 5722 et
1905 5653 2011 5720 abbas
2022 5652 2190 5720 hecclesie
2205 5649 2317 5718 sancti
2333 5662 2416 5712 mas·

510 5803 514 5810 '
569 5797 660 5877 simi,
677 5815 718 5866 eo
734 5797 822 5883 quod
842 5797 877 5865 in
893 5797 1020 5867 tinibus
1035 5801 1189 5880 nucerie,
1207 5803 1319 5869 locum
1344 5803 1401 5869 nbi
1426 5821 1536 5889 angre
1551 5804 1690 5884 dicitur,
1709 5808 1788 5872 ante
1811 5805 1927 5872 alfano
1953 5801 2144 5872 castaldum
2167 5805 2202 5870 et
2224 5800 2271 5868 ibi
2293 5796 2420 5866 astante
