5286 7098
1291 544 1454 618 GODEX
1492 545 1724 619 cavensis

1369 996 1618 1076 CCGVII.

1357 1247 1413 1322 A.
1450 1246 1502 1324 D.
1539 1243 1643 1324 978.

628 1503 717 1641 †In
732 1556 872 1623 nomine
887 1555 1018 1623 domini
1035 1573 1127 1624 anno
1143 1555 1317 1624 tricesimo
1333 1556 1454 1640 quinto
1468 1553 1493 1642 ¹)
1509 1554 1725 1640 principatus
1739 1555 1858 1623 domni
1874 1556 1985 1624 nostri
2008 1554 2147 1641 paldolfl
2163 1555 2310 1640 gloriosi
2333 1557 2421 1640 prin-

568 1707 657 1792 cipis
678 1710 712 1775 et
728 1707 842 1793 primo
857 1724 949 1773 anno
965 1707 1182 1792 principatus
1205 1707 1279 1774 eius
1295 1707 1436 1786 salerni,
1457 1709 1491 1773 et
1513 1707 1634 1792 quinto
1657 1724 1750 1775 anno
1772 1707 1991 1794 principatus
2013 1706 2130 1774 domni
2154 1705 2265 1773 nostri
2289 1705 2422 1792 paldotfi
2540 1693 2547 1728 ³

571 1857 644 1926 cius
660 1857 743 1937 illic,
758 1875 877 1926 manse
892 1858 1070 1926 december
1086 1858 1233 1942 septima
1250 1855 1451 1926 indictione.
1472 1858 1754 1926 memoratorium
1771 1859 1863 1925 sactu
1881 1876 1903 1926 a
1919 1877 1973 1926 me
1983 1857 2224 1926 constantinus
2233 1856 2422 1926 atrianansa

571 2009 663 2076 filius
679 2009 840 2095 iaquinti‚
859 2027 900 2077 eo
916 2009 1003 2094 quod
1022 2011 1103 2078 anta
1119 2011 1296 2094 presentia
1311 2009 1457 2093 iaquinti
1472 2008 1577 2076 iudici
1593 2011 1705 2078 etalii
1729 2012 1844 2088 testes,
1861 2009 1942 2077 dum
1970 2009 2155 2077 coniuntus
2170 2027 2246 2077 sum
2272 2025 2351 2072 cum
2375 2009 2422 2075 tao

572 2161 770 2230 atriancnse
786 2159 877 2227 tilius
893 2159 1036 2228 iohanni
1053 2161 1228 2266 calbarusi
1245 2159 1289 2228 ad
1306 2159 1503 2228 faciendum
1519 2165 1597 2227 cuin
1615 2178 1656 2229 ao
1681 2161 1784 2230 tinem
1812 2160 1855 2230 de
1880 2160 2000 2228 auditu
2026 2161 2084 2246 qui
2112 2161 2194 2228 ante
2219 2175 2301 2226 casa
2324 2159 2423 2243 ipsius

569 2313 661 2381 leoni
678 2313 816 2380 deducit
831 2314 866 2379 et
883 2310 1061 2381 descendit
1076 2311 1119 2378 ad
1135 2329 1216 2380 casa
1231 2330 1307 2380 maa
1323 2329 1387 2398 que
1404 2311 1627 2390 constantini,
1645 2316 1680 2379 et
1697 2310 1740 2380 de
1756 2315 1849 2380 scala
1865 2311 1995 2380 fabrita
2010 2314 2044 2380 et
2068 2311 2210 2397 lignitia
2231 2329 2332 2397 quem
2356 2311 2423 2395 ipse

568 2468 622 2533 leo
646 2468 774 2532 factam
797 2469 901 2534 habet
923 2484 1010 2552 erga
1033 2467 1108 2552 ipsa
1132 2484 1214 2533 casa
1237 2483 1298 2533 sua
1320 2466 1483 2534 coniunte
1506 2484 1582 2533 cum
1606 2467 1682 2550 ipso
1707 2466 1838 2544 auditu,
1865 2467 1900 2534 et
1927 2466 2009 2532 dum
2032 2486 2076 2536 ex
2100 2484 2140 2532 oc
2164 2465 2315 2550 plurime
2337 2465 2422 2532 inter

569 2639 631 2688 nos
654 2621 814 2687 abuimus
832 2619 958 2688 exinde
979 2621 1209 2698 causationes,
1235 2621 1339 2687 horta
1361 2622 1413 2688 est
1435 2620 1528 2687 inter
1552 2638 1616 2688 nos
1639 2619 1894 2698 conbanientia,
1922 2621 1960 2686 ut
1982 2621 2077 2686 omni
2100 2620 2256 2703 tempore
2280 2619 2355 2702 ipsa
2377 2619 2423 2686 leo

568 2775 603 2840 et
626 2773 701 2840 eius
725 2773 844 2840 eredas
868 2773 970 2842 abere
991 2773 1067 2858 ipsa
1089 2773 1184 2840 scala
1207 2772 1334 2839 fabrita
1357 2773 1392 2839 et
1415 2771 1555 2856 lignitia
1571 2773 1609 2839 in
1625 2772 1700 2859 ipso
1716 2771 1839 2840 auditu
1854 2771 2052 2840 coniuntum
2069 2789 2147 2837 cum
2164 2771 2280 2855 ipsum
2296 2770 2423 2855 pariete

569 2925 700 2991 sabritu
722 2923 765 2991 de
788 2925 865 3008 ipsa
888 2941 971 2992 casa
993 2941 1057 2991 sua
1080 2921 1262 2990 latitudine
1285 2941 1307 2989 a
1324 2921 1481 3020 terrenda
1499 2921 1587 2991 facie
1603 2921 1645 2990 de
1662 2921 1736 3007 ipso
1752 2921 1885 3006 pariete
1900 2921 1938 2987 in
1953 2919 2107 3004 partibus
2123 2917 2314 2986 occidentis
2328 2917 2426 3004 pedes

568 3079 639 3145 tres
663 3075 762 3144 uncie
784 3075 863 3156 due,
878 3077 921 3145 ad
938 3079 1043 3144 tatem
1066 3094 1209 3147 manum
1233 3078 1368 3146 homini
1392 3078 1640 3156 mensuratum,
1655 3076 1819 3162 quantum
1844 3075 1980 3142 cartula
2003 3075 2071 3141 ista
2093 3074 2198 3140 estin
2214 3073 2422 3158 capitelam,

564 3235 599 3299 et
621 3229 664 3296 da
698 3231 871 3315 completa
894 3232 970 3316 ipsa
992 3232 1170 3300 mensuria
1193 3233 1229 3298 in
1254 3233 1346 3298 foras
1367 3230 1410 3298 da
1433 3205 1720 3316 quantummodo
1743 3231 1794 3298 est
1817 3227 1893 3312 ipso
1907 3225 2029 3294 auditu
2044 3245 2150 3312 usque
2173 3227 2210 3294 in
2226 3227 2306 3310 ipsa
2321 3226 2424 3310 platea
2514 3243 2517 3249 ·

565 3383 625 3467 qui
643 3401 664 3449 a
678 3381 835 3467 partibus
858 3381 1046 3452 occidentis
1061 3380 1248 3460 descendit,
1267 3382 1458 3450 comuniter
1474 3383 1643 3450 internos
1659 3381 1736 3464 ipso
1751 3377 1908 3449 anditum
1926 3381 2089 3448 abeamus
2104 3379 2148 3446 ad
2164 3375 2423 3464 ingrediendum

566 3535 603 3599 at
625 3531 894 3617 regrediendum
920 3551 998 3599 cum
1021 3533 1141 3600 nostra
1171 3533 1421 3618 congruitatis:
1447 3533 1507 3600 ille
1530 3549 1637 3617 usque
1659 3532 1735 3617 ipse
1758 3529 1845 3599 casis
1875 3550 1936 3599 sue
1958 3533 1994 3598 et
2016 3548 2078 3598 nos
2107 3549 2213 3618 usquc
2242 3530 2319 3615 ipse
2341 3529 2424 3608 casis

569 3685 701 3754 nostra.
728 3687 764 3753 et
786 3684 926 3769 quando
950 3686 1158 3753 voluerimus
1182 3703 1245 3754 nos
1268 3688 1321 3755 vel
1344 3687 1473 3754 nostris
1496 3684 1656 3756 aradibus
1687 3702 1844 3770 organea
1866 3686 2007 3769 portare
2031 3683 2074 3751 ad
2097 3684 2173 3768 ipse
2193 3683 2282 3751 casis
2313 3683 2423 3752 nostra

568 3856 632 3922 por
655 3839 732 3922 ipso
749 3836 881 3917 anditu,
896 3835 1008 3906 licead
1024 3857 1088 3906 nos
1100 3839 1154 3906 vet
1170 3839 1300 3907 nostris
1315 3838 1476 3906 aradibus
1492 3835 1619 3906 exinde
1634 3839 1750 3904 labare
1766 3838 1843 3921 ipsa
1857 3838 1951 3904 scala
1966 3835 2041 3904 eius
2056 3836 2208 3922 lignitia,
2222 3835 2307 3902 dum
2324 3851 2423 3920 usqua

566 3988 646 4072 ipsa
661 3991 782 4057 nostra
804 3987 1005 4074 operatione
1028 3989 1261 4075 perficiamus,
1277 3991 1312 4058 et
1326 3989 1408 4057 dum
1424 3989 1573 4058 utilitate
1588 3989 1632 4056 de
1647 3989 1725 4075 ipsa
1740 4005 1898 4073 organea
1911 3991 2034 4057 nostra
2048 3987 2174 4054 iactam
2191 3987 2419 4060 habuerimus,

568 4159 705 4225 semper
728 4143 825 4209 scala
848 4142 926 4227 ipsa
949 4141 998 4209 ibi
1022 4159 1229 4226 reponamus
1252 4143 1356 4211 sicuti
1380 4143 1457 4222 fuit,
1482 4145 1517 4210 et
1540 4139 1652 4211 licead
1675 4142 1788 4227 ipsum
1812 4143 1866 4209 leo
1888 4144 1922 4210 et
1936 4140 2011 4210 eius
2027 4138 2147 4208 eredes
2161 4139 2256 4207 omni
2272 4140 2423 4224 tempore

565 4311 645 4360 cum
669 4292 840 4360 ominibus
863 4292 908 4359 da
931 4311 1014 4362 casa
1036 4311 1154 4364 eorum
1178 4297 1216 4363 in
1240 4297 1316 4381 ipso
1340 4295 1462 4364 auditu
1486 4297 1578 4368 iusta
1600 4297 1736 4364 ratione
1759 4311 1849 4380 aqua
1872 4295 2003 4362 iactare
2025 4295 2061 4362 at
2083 4293 2159 4361 sine
2193 4293 2347 4360 tatamen
2379 4289 2423 4356 ibi

566 4427 703 4510 iactare
725 4446 761 4510 et
784 4445 937 4511 stercora
959 4447 994 4511 et
1016 4443 1222 4530 sporcitiora
1244 4463 1349 4514 causa
1372 4447 1408 4514 et
1429 4409 1505 4532 ipso
1529 4443 1651 4514 andito
1667 4462 1736 4512 non
1759 4442 1844 4512 illud
1860 4443 1960 4513 nobis
1975 4443 2097 4512 tollere
2113 4443 2173 4510 aut
2188 4444 2363 4518 contrare,
2378 4439 2425 4507 set

569 4594 661 4662 licea
682 4613 738 4662 ma
761 4598 797 4662 et
818 4597 904 4664 mais
927 4597 1086 4667 aradibus
1110 4600 1204 4669 omni
1227 4601 1384 4685 tempora
1406 4599 1488 4668 inde
1511 4597 1697 4685 ingredere
1719 4599 1754 4666 et
1768 4596 1954 4683 regredere
1968 4595 2012 4664 ad
2021 4565 2106 4682 'ipsa
2120 4613 2201 4664 casa
2215 4598 2339 4664 nostra
2352 4611 2424 4662 cum

569 4745 790 4828 congruitate
814 4749 948 4826 nostra,
974 4747 1101 4834 absque
1124 4749 1218 4816 omni
1243 4750 1491 4818 contrarietate
1514 4751 1568 4817 vel
1592 4747 1816 4836 requisitione
1836 4748 1946 4834 ipsius
1969 4747 2061 4816 taoni
2084 4749 2119 4814 at
2141 4747 2184 4816 da
2198 4747 2272 4815 aius
2287 4746 2378 4814 illios
2393 4745 2424 4811 et

567 4894 706 4976 eredes,
733 4898 768 4966 at
791 4916 853 4966 nos
875 4899 936 4967 aut
958 4899 1084 4969 nostris
1107 4900 1265 4970 aradibus
1288 4921 1351 4989 par
1381 4905 1488 4972 nullis
1511 4901 1622 4972 modis
1645 4920 1830 4989 queramus
1852 4901 1885 4970 ai
1910 4903 1962 4970 vel
1986 4899 2128 4970 adeius
2155 4899 2275 4968 eredes
2305 4899 2423 4967 tollere

567 5050 627 5117 aut
649 5051 813 5119 contrane
836 5050 881 5119 da
905 5050 980 5137 ipse
1001 5053 1104 5130 scale,
1119 5052 1209 5120 sicut
1231 5051 1333 5120 modo
1354 5053 1467 5138 posite
1489 5055 1525 5122 at
1547 5052 1707 5122 edificate
1721 5055 1803 5122 sunt
1817 5070 1880 5138 per
1895 5053 1974 5138 ipsa
1988 5051 2186 5121 mensoria:
2203 5053 2318 5139 preter
2334 5049 2423 5119 omni

565 5205 721 5286 tempore
743 5203 795 5271 sic
812 5203 879 5271 fiad
904 5203 996 5273 inter
1019 5221 1081 5272 nos
1096 5207 1161 5272 hec
1177 5207 1417 5292 suprascripta
1431 5206 1674 5276 conbeniantia
1688 5205 1788 5274 firme
1802 5205 1839 5273 at
1851 5204 1998 5285 stabilis,
2016 5205 2105 5275 sicut
2119 5205 2279 5291 superins
2294 5203 2421 5272 dictum

564 5355 627 5422 est.
646 5357 681 5422 at
695 5355 777 5423 dum
794 5357 858 5424 hec
880 5355 1025 5441 scriptio
1040 5355 1209 5442 paruerit,
1225 5356 1319 5424 omni
1335 5359 1492 5442 tempora
1507 5359 1683 5444 pernulla
1699 5357 1852 5426 humana
1866 5357 1974 5426 stutia
1987 5355 2013 5444 ²)
2029 5375 2093 5443 par
2107 5357 2224 5442 partas
2238 5372 2422 5443 queramus

845 5553 998 5560 ——m

620 5673 643 5746 ¹)
658 5673 735 5748 bega
750 5677 886 5746 trigesimo
899 5683 982 5734 sarto.

620 5798 643 5870 ²)
658 5799 759 5871 Statio,
776 5778 832 5876 pro
842 5805 953 5860 astutia.
