5252 7102
989 595 991 598 ’
1054 616 1427 692 oresonnncos

363 833 393 945 †
415 878 484 948 ego
506 862 626 948 lupino
649 860 692 930 de
721 861 874 930 iohanne
895 859 939 929 de
961 861 1082 946 lupino
1105 859 1147 927 de
1169 861 1319 930 iohanne
1342 863 1464 930 comite
1485 863 1585 932 testis
1600 881 1681 935 sum
1809 875 1813 878 ·

362 988 393 1100 †
416 1035 483 1103 ego
508 1016 648 1103 sergius
670 1017 744 1084 filio
766 1015 809 1084 de
833 1019 933 1084 leone
955 1016 1087 1083 canella
1109 1015 1205 1084 testis
1226 1034 1300 1098 sum
1752 973 1753 977 Ἰ

363 1143 394 1256 †
415 1173 492 1254 Ego
516 1186 638 1237 mauro
662 1168 754 1237 filius
776 1168 977 1254 pantaleoni
1000 1167 1043 1234 de
1065 1167 1185 1254 lupino
1209 1163 1253 1234 de
1275 1168 1426 1234 iohanne
1451 1169 1575 1236 comite
1597 1168 1695 1237 testis
1718 1187 1793 1236 sum

360 1292 391 1406 †
411 1325 487 1406 Ego
509 1338 612 1388 ursus
633 1321 726 1389 filius
748 1319 858 1388 leonis
880 1320 922 1388 de
944 1293 1062 1406 sergio
1085 1320 1128 1388 de
1152 1339 1232 1388 urso
1254 1319 1297 1388 de
1319 1319 1446 1387 domno
1468 1321 1626 1404 campulo
1649 1319 1747 1388 testis
1771 1337 1845 1386 sum

362 1445 393 1556 †
414 1477 491 1558 Ego
518 1473 688 1540 iohannes
711 1473 854 1540 humilis
876 1475 911 1542 et
935 1473 1051 1542 scriba
1073 1474 1173 1542 huius
1196 1474 1348 1542 civitatis
1371 1475 1463 1540 hanc
1485 1475 1681 1541 chartulam
1704 1489 1810 1540 manu
1833 1471 1976 1558 propria
1998 1468 2135 1576 scripsi.

1075 1979 1375 2064 CCCCXX.

1085 2228 1140 2302 A.
1178 2223 1228 2300 D.
1266 2221 1370 2302 990.

360 2479 397 2616 †
420 2535 460 2598 Iu
483 2532 625 2598 nomine
649 2530 779 2600 domini
799 2533 943 2619 tertio¹)
959 2550 1049 2600 anno
1073 2534 1293 2619 principatus
1317 2535 1433 2601 domni
1457 2531 1567 2600 nostri
1590 2532 1737 2600 iohanni
1760 2534 1794 2599 et
1816 2532 1931 2617 primo
1955 2549 2048 2598 anno
2064 2531 2163 2616 priu-

303 2683 443 2770 cipatus
466 2683 584 2751 domui
608 2684 798 2771 guaimarii
821 2685 896 2752 eius
920 2685 992 2752 filio
1016 2686 1161 2770 gloriosi
1177 2685 1407 2771 principibus,
1423 2703 1539 2754 mense
1554 2675 1731 2752 ianuarius
1747 2683 1852 2750 tertia
1866 2682 2066 2750 indictione.
2082 2682 2160 2750 ideo

299 2853 370 2922 que
392 2853 458 2922 ego
481 2839 638 2904 marinus
662 2837 861 2906 atrianense
884 2838 975 2905 filius
999 2837 1172 2924 quondam
1197 2839 1323 2905 marini
1351 2837 1459 2904 iudici
1482 2835 1676 2914 clamiceio,
1690 2834 1855 2922 quoniam
1873 2834 2090 2920 pertinentes
2107 2837 2162 2903 est

266 3021 270 3026 ·
298 2989 388 3056 mibi
413 3007 436 3056 a
459 2988 613 3075 partibus
636 2989 746 3076 ipsius
768 2991 920 3076 genitori
942 3010 1019 3059 meo
1046 2993 1151 3058 abere
1173 2994 1274 3058 rebus
1297 2990 1333 3055 iu
1356 2993 1466 3060 locum
1495 2989 1626 3060 cetaria
1647 2989 1773 3080 tinibus
1798 2986 2044 3068 salernitanis,
2070 2987 2158 3074 quod

296 3158 366 3226 ego
387 3141 590 3208 nominatus
612 3141 772 3210 marinus
794 3146 876 3210 ante
898 3159 936 3208 os
958 3141 1061 3210 dibisi
1086 3161 1165 3208 cum
1188 3162 1270 3210 ursu
1292 3146 1326 3210 et
1343 3159 1462 3210 manso
1476 3145 1510 3211 et
1524 3144 1578 3211 leo
1593 3143 1752 3228 germani
1770 3143 1851 3229 mei;
1869 3141 1961 3209 unde
1977 3157 2043 3226 ego
2057 3141 2158 3209 modo

299 3293 382 3360 ante
404 3293 597 3378 subscripto
619 3294 760 3362 notario
782 3295 818 3361 et
838 3295 943 3363 testes
966 3292 1075 3394 ostedi
1098 3311 1206 3361 uuum
1229 3295 1369 3361 brebem
1393 3293 1597 3374 dibisionis,
1622 3292 1771 3380 qualiter
1797 3311 1875 3360 cum
1903 3294 1971 3379 ipsi
1994 3295 2157 3378 germani

299 3445 369 3514 mei
392 3445 471 3530 ipsa
493 3447 596 3514 rebus
618 3448 740 3515 nostra
761 3447 908 3515 dibisam
924 3448 1010 3515 abeo
1025 3449 1059 3516 et
1075 3446 1296 3515 tradiderunt
1310 3446 1438 3514 exinde
1452 3447 1540 3514 mihi
1555 3447 1592 3513 in
1609 3448 1700 3516 sorte
1721 3447 1798 3532 ipsa
1819 3409 1973 3514 sortione
1995 3446 2155 3525 subtuna,

296 3597 361 3682 qui
384 3602 437 3665 est
460 3601 558 3666 terra
581 3617 660 3667 cum
682 3600 785 3668 binea
807 3603 843 3668 et
864 3603 1011 3669 bacuum
1033 3619 1104 3668 uno
1127 3601 1279 3669 leniente
1300 3619 1364 3685 per
1387 3601 1492 3688 finis3
1516 3603 1550 3670 et
1573 3617 1767 3684 congruum
1794 3601 1845 3668 est
1871 3598 1959 3666 mihi
1987 3598 2158 3667 nominati

293 3751 425 3818 marini
449 3751 569 3819 inclita
592 3753 673 3839 ipsa
699 3773 778 3823 mea
800 3756 955 3824 sortione
977 3755 1103 3823 exinde
1125 3737 1363 3823 bicariationis
1387 3755 1509 3823 ordine
1535 3711 1628 3822 iusta
1655 3753 1938 3822 consuetudinem
1963 3755 2081 3822 nostre
2105 3771 2161 3820 ro-

302 3919 486 3969 manorum
511 3904 589 3970 illut
610 3903 749 3972 tradere
763 3906 798 3974 et
813 3905 1018 3973 confirmare
1040 3906 1157 3972 domni
1182 3906 1275 3974 leoni
1291 3906 1482 3974 venerabili
1497 3907 1610 3972 abbati
1628 3905 1831 3974 monasterii
1847 3906 1958 3972 sancti
1974 3905 2157 3985 benedieti,

295 4054 357 4139 qui
380 4057 617 4124 constructum
642 4060 696 4125 est
718 4059 756 4125 in
778 4061 890 4126 locum
914 4060 974 4146 qui
997 4058 1139 4126 bocatur
1161 4060 1297 4126 kauke:
1323 4059 1487 4126 insimul
1510 4061 1545 4126 et
1569 4077 1764 4144 congruum
1794 4061 1846 4126 est
1874 4059 1961 4124 mihi
1990 4057 2155 4126 similiter

299 4207 474 4277 bicariare
497 4214 532 4279 et
554 4210 695 4281 tradere
716 4212 827 4281 eidem
851 4212 968 4281 domni
990 4213 1104 4281 abbati
1127 4213 1293 4299 quantum
1317 4231 1384 4299 ego
1399 4215 1433 4281 et
1449 4215 1504 4281 leo
1519 4229 1707 4298 germanus
1730 4229 1828 4280 meus
1852 4211 2010 4281 abdimus
2026 4212 2063 4278 in
2078 4211 2156 4297 ipsa

294 4363 368 4430 alia
390 4364 485 4431 costa
507 4363 549 4432 de
570 4367 686 4432 cetara
708 4366 768 4450 qui
790 4368 886 4435 esta
909 4385 991 4452 pars
1014 4366 1186 4445 orientis,
1210 4366 1301 4452 quod
1328 4383 1509 4434 commuue
1537 4367 1696 4434 abuimus
1728 4384 1806 4432 cum
1828 4366 1905 4448 ipso
1928 4361 2159 4443 monasterio·

294 4531 377 4581 cum
401 4513 587 4584 medietate
609 4516 654 4584 de
675 4519 753 4604 ipsa
773 4475 956 4585 taminare
977 4518 1038 4603 qui
1061 4518 1155 4586 iufra
1184 4518 1262 4603 ipsa
1285 4519 1390 4585 rebus
1418 4521 1479 4588 est.
1508 4520 1544 4585 et
1566 4516 1644 4585 ideo
1670 4532 1737 4601 ego
1763 4515 1922 4601 superius
1947 4514 2059 4583 dictus
2085 4533 2159 4583 ma·

298 4669 398 4736 rinus
418 4671 510 4737 bona
540 4690 616 4739 mea
645 4672 836 4740 bolumtate
865 4645 945 4740 ante
972 4671 1157 4758 subscripti
1187 4671 1320 4741 idoneis
1348 4673 1450 4740 testes
1476 4690 1539 4756 per
1565 4674 1658 4739 banc
1683 4672 1850 4739 cartulam
1879 4671 2159 4738 commutationis

297 4818 421 4888 ordine
446 4820 575 4889 tradidi
599 4822 712 4912 adque
734 4823 777 4890 ad
801 4841 937 4909 semper
960 4823 1132 4891 abendum
1156 4821 1358 4890 confirmabi
1380 4822 1443 4923 tibi
1466 4821 1657 4909 supradicti
1679 4820 1798 4890 domui
1820 4823 1939 4891 abbati
1962 4839 2027 4908 pro
2050 4823 2159 4909 parti-

298 4971 363 5038 bus
385 4971 538 5039 iamdicti
563 4975 667 5043 vestri
690 4975 888 5045 monasterii
910 4975 982 5042 tota
1004 4975 1040 5042 et
1062 4973 1183 5041 inclita
1204 4974 1392 5041 sortionem
1415 4975 1570 5042 nostram
1594 4972 1637 5040 de
1660 4973 1816 5058 predicta
1833 4975 1930 5042 terra
1954 4993 2032 5039 cum
2057 4971 2160 5040 binea

206 5093 215 5102 ¹
297 5123 334 5188 et
347 5122 491 5191 hacuum
507 5143 576 5192 uno
592 5125 743 5195 tenieute
759 5145 822 5211 per
836 5145 875 5194 ec
890 5126 971 5195 finis
985 5127 1022 5194 et
1036 5126 1211 5194 mensurio
1225 5143 1234 5188 :
1253 5124 1296 5192 de
1312 5123 1397 5211 pede
1418 5125 1488 5193 fine
1511 5123 1628 5204 dubio,
1653 5125 1804 5210 qualiter
1825 5125 2010 5209 coniungit
2032 5124 2076 5191 ad
2091 5125 2160 5193 flue

299 5273 395 5357 gutti
418 5273 640 5342 amalfitano:
665 5275 708 5346 de
729 5277 799 5344 alia
818 5280 921 5362 parte
942 5278 1012 5346 tine
1035 5279 1200 5346 iohannis
1220 5278 1284 5346 fflii
1307 5278 1410 5356 leoni,
1429 5276 1518 5345 sicut
1531 5277 1671 5346 termini
1689 5278 1723 5343 et
1745 5274 1859 5344 media
1883 5292 1964 5360 sepe
1977 5273 2157 5355 discernit,

302 5425 338 5490 et
352 5423 555 5494 uebolbente
571 5443 633 5512 per
648 5427 760 5496 limite
773 5430 808 5495 et
822 5429 949 5496 iterum
964 5431 1164 5500 uebolbente
1179 5432 1214 5498 et
1229 5431 1374 5499 saliente
1390 5447 1500 5515 usque
1515 5428 1553 5496 iu
1568 5445 1682 5496 serra:
1702 5426 1745 5492 de
1761 5425 1833 5493 alia
1848 5427 1949 5511 parte
1965 5425 2034 5493 fine
2049 5444 2160 5496 serra:

299 5574 345 5642 de
360 5575 432 5643 alia
447 5594 530 5643 vero
545 5553 643 5664 parte
657 5579 728 5648 fine
742 5579 811 5649 alia
825 5581 978 5649 sortione
992 5579 1082 5668 quod
1099 5600 1193 5650 nunc
1207 5581 1336 5651 retinet
1352 5601 1433 5650 urso
1450 5595 1618 5668 germano
1639 5581 1772 5666 nostr03
1790 5580 1843 5647 est
1865 5579 1958 5646 enim
1980 5598 2044 5666 per
2066 5598 2164 5649 men·

522 5775 733 5784 -—-·---—-——-

294 5930 299 5938 ,
355 5889 382 5965 ⁴)
403 5893 487 5962 troo:
510 5895 644 5966 septimo.
767 5895 772 5902 '
