5216 7092
636 547 699 609 oso
1320 530 1485 604 coonx
1529 523 1764 606 o‘lvnnsrs
1906 511 1915 528 “

596 777 691 844 sorte
713 777 795 845 tecit
809 793 882 846 esse
898 776 1037 861 aparte
1053 775 1207 854 orientis,
1226 778 1261 844 et
1274 776 1343 843 alia
1358 749 1483 843 ibidem
1502 776 1700 857 coniuncta,
1717 778 1752 846 et
1767 777 2029 848 terminabimus
2052 775 2129 848 illut
2142 781 2229 848 inter
2250 784 2339 850 ambo
2358 785 2418 872 ipse

597 928 721 1015 sortis3
738 929 774 996 et
788 945 894 994 unam
912 944 957 994 ex
971 926 1045 1012 ipse
1060 927 1163 995 sortis
1178 891 1475 1014 mensurabimus3
1492 929 1545 994 est
1560 927 1603 994 da
1618 944 1699 1012 pars
1714 927 1757 995 de
1779 928 1856 1014 ipso
1877 928 1988 998 limite
2010 931 2069 1016 qui
2092 932 2145 1000 est
2165 931 2202 1000 in
2215 933 2329 1018 capite,
2344 942 2419 1022 passi

596 1081 743 1164 triginta
758 1079 839 1168 duo;
858 1081 893 1147 et
908 1080 1000 1148 inter
1016 1081 1118 1149 ambo
1134 1079 1208 1166 ipse
1223 1079 1327 1149 sortis
1343 1100 1405 1167 per
1421 1081 1488 1166 ipsi
1505 1081 1637 1149 termiti
1653 1084 1734 1150 sunt
1749 1100 1813 1166 per
1829 1082 2012 1168 longitudo
2027 1085 2122 1170 passi
2137 1087 2327 1172 nonaginta:
2342 1091 2416 1160 etde

595 1233 715 1318 suptus
731 1231 1085 1318 finerebuspredicte
1101 1233 1255 1313 ecclesie,
1273 1234 1405 1303 atinde
1421 1237 1503 1304 suut
1525 1235 1621 1320 passi
1644 1235 1793 1320 triginta
1807 1253 1889 1304 sex:
1915 1239 1949 1308 et
1970 1235 2015 1304 de
2037 1237 2110 1306 alia
2132 1241 2231 1323 parte
2251 1239 2315 1308 flne
2334 1243 2418 1313 rebus

598 1386 760 1456 iamdicta
775 1388 930 1467 ecclesie,
949 1389 983 1455 et
1000 1387 1079 1458 inde
1094 1390 1175 1456 sunt
1189 1407 1252 1474 per
1267 1387 1449 1474 longitudo
1464 1389 1560 1474 passi
1576 1390 1800 1474 septuaginta
1815 1389 1997 1476 quadtuor,
2016 1393 2123 1460 totum
2138 1395 2355 1462 mensuratum
2370 1396 2422 1464 luit

569 1524 640 1608 ‘ad
652 1560 803 1626 passum,
819 1543 878 1628 qui
894 1507 1095 1626 singnatum
1114 1544 1165 1610 est
1181 1543 1218 1610 in
1234 1543 1410 1611 columnia
1425 1561 1624 1614 marmorea
1638 1546 1746 1614 sancti
1764 1545 1892 1614 mathei
1907 1545 1950 1614 de
1962 1547 2292 1632 archiepiscopatum
2302 1549 2421 1618 salerni·

594 1695 728 1760 tanum.
743 1692 835 1762 unde
850 1694 926 1778 ipse
942 1696 1060 1780 petrus
1074 1694 1247 1779 presbiter
1263 1712 1423 1763 unacum
1441 1695 1509 1780 ipsi
1524 1693 1668 1762 dominii
1684 1695 1834 1765 eiusdem
1850 1697 1993 1764 ecclesie
2007 1696 2228 1782 conpreensit
2241 1696 2420 1782 ipsasortlo

594 1867 674 1916 uem
691 1868 791 1934 quem
807 1867 878 1917 uon
894 1849 1180 1928 mensurabimus,
1195 1850 1252 1935 qui
1266 1849 1450 1916 coniuncta
1466 1849 1577 1918 estad
1595 1851 1663 1918 fine
1678 1849 1832 1935 predicte
1850 1851 2002 1930 ecclesie,
2017 1851 2152 1920 etmihi
2169 1849 2290 1918 exinde
2303 1851 2420 1919 tradidit

594 2003 631 2070 in
649 2019 723 2070 mea
738 2004 831 2069 sorte
845 2001 1002 2070 inclitum
1017 2001 1096 2070 illut
1111 2021 1173 2088 per
1189 2002 1267 2088 ipsa
1282 2003 1460 2070 mensuria
1474 2004 1507 2071 et
1523 2021 1601 2070 cum
1618 2003 1693 2070 vice
1708 2003 1751 2071 de
1767 2003 1826 2070 bia
1842 2021 1914 2082 sua,
1933 2002 2027 2072 omni
2050 2005 2212 2088 tempore
2228 2018 2291 2086 ego
2304 2003 2333 2070 et
2346 2019 2420 2071 meos

507 2187 521 2242 i
597 2152 742 2222 heredes
765 2153 931 2222 securiter
953 2155 1033 2221 illut
1055 2153 1237 2232 abendum,
1256 2153 1521 2234 dominandum,
1541 2153 1799 2239 possidendum,
1824 2158 1861 2221 et
1883 2155 1999 2222 omnia
2021 2152 2147 2221 exinde
2170 2152 2420 2237 faciendumque

524 2397 531 2410 ·
594 2307 694 2376 nobis
707 2309 880 2392 placuerit
899 2309 1028 2393 absque
1043 2309 1136 2376 omni
1153 2307 1412 2392 requisitionem
1431 2310 1465 2375 et
1480 2307 1761 2376 contrarietatem
1785 2307 1894 2392 ipsius
1917 2307 2006 2392 petri
2030 2308 2065 2374 et
2086 2306 2130 2374 de
2152 2323 2216 2374 suo
2237 2323 2419 2374 successores

593 2463 647 2528 vel
664 2460 706 2528 de
721 2478 805 2544 pars
822 2459 976 2545 predicte
993 2460 1147 2527 ecclesie.
1162 2459 1254 2526 unde
1270 2477 1334 2527 sua
1349 2460 1537 2526 bolumtate
1553 2457 1680 2543 guadia
1696 2457 1781 2525 mihi
1798 2439 1874 2543 ipse
1889 2459 2008 2543 petrus
2024 2431 2196 2542 presbiter
2213 2459 2247 2524 et
2260 2459 2360 2524 rector
2372 2455 2417 2526 de·

592 2612 645 2680 dit
660 2630 723 2697 per
740 2611 926 2678 iussionem
942 2610 1177 2696 predictorum
1193 2609 1339 2678 dominii
1362 2612 1397 2677 et
1419 2609 1643 2678 mediatorem
1666 2609 1752 2677 mihi
1776 2609 1891 2694 posuit
1913 2610 1967 2676 leo
1990 2608 2189 2676 atrianense
2212 2607 2281 2675 filio
2301 2605 2418 2673 iohanni

591 2765 774 2850 calbarosi;
791 2765 826 2829 et
840 2781 903 2848 per
920 2763 996 2847 ipsa
1012 2762 1142 2848 guadia
1157 2764 1328 2848 obligabit
1342 2781 1379 2832 se
1395 2780 1524 2848 suoque
1539 2778 1753 2830 successores
1775 2762 1831 2828 vel
1853 2779 1936 2846 pars
1952 2761 2087 2845 prefate
2110 2759 2253 2828 ecclesie
2267 2757 2373 2825 amodo
2391 2761 2418 2824 at

593 2933 731 3000 semper
748 2917 918 2982 antistare
934 2918 968 2983 et
982 2915 1163 2984 defensare
1179 2917 1286 2983 totum
1303 2916 1382 2982 illut
1396 2933 1460 3000 per
1477 2915 1554 2999 ipsa
1568 2913 1746 2981 mensuria
1760 2931 1838 2980 cum
1851 2911 1924 2980 bice
1935 2911 1978 2980 de
1990 2912 2048 2980 bia
2062 2930 2126 2980 sua
2137 2910 2183 2979 da
2195 2911 2301 2978 omnis
2312 2910 2419 2978 omines

592 3070 753 3156 omnique
770 3072 937 3156 partibus,
955 3074 990 3138 et
1005 3087 1076 3136 non
1092 3069 1215 3153 aliquit
1230 3067 1312 3135 inde
1327 3069 1427 3134 nobis
1444 3068 1566 3135 tollere
1582 3068 1643 3134 aut
1659 3067 1820 3133 contrane
1835 3067 1968 3150 querat.
1987 3065 2114 3150 preter,
2134 3063 2164 3131 si
2187 3062 2266 3129 illut
2285 3061 2417 3129 daturum

590 3226 649 3291 aut
671 3223 887 3290 vinditurum
905 3223 1114 3300 abuerimus
1133 3221 1177 3288 ad
1194 3239 1277 3306 pars
1293 3221 1403 3305 ipsius
1419 3220 1563 3288 ecclesie
1579 3219 1658 3285 illut
1672 3212 1918 3285 venumdamus
1934 3215 1977 3283 ad
2000 3216 2091 3283 iusto
2106 3203 2268 3301 pretium,
2284 3217 2315 3282 et
2334 3213 2418 3281 lacia-

592 3395 668 3446 mus
683 3376 762 3444 inde
778 3375 868 3444 scire
884 3394 966 3461 pars
981 3373 1091 3460 ipsius
1105 3374 1252 3444 ecclesie
1269 3392 1333 3458 pro
1350 3375 1429 3441 illut
1444 3372 1624 3440 emendum
1649 3390 1712 3457 per
1736 3370 1838 3440 tertio
1862 3372 2086 3438 constitutum
2099 3387 2218 3481 'usque
2241 3369 2351 3436 diebus
2369 3366 2418 3433 tri·

590 3529 693 3614 ginta
709 3547 784 3615 sex3
802 3529 837 3597 et
852 3527 882 3594 si
897 3547 960 3612 per
976 3527 1052 3612 ipsa
1067 3527 1256 3594 constituta
1272 3544 1356 3610 pars
1372 3481 1642 3610 ipsiusecclesie
1666 3522 1819 3590 noluerit
1840 3522 1920 3590 illut
1942 3539 2058 3590 emero
2079 3523 2115 3589 et
2136 3477 2221 3588 dare
2245 3518 2319 3586 iude
2338 3516 2419 3584 nobis

589 3683 686 3751 iusto
697 3683 882 3751 balientem
898 3680 1063 3766 pretium,
1082 3684 1162 3748 tunc
1177 3682 1256 3764 post
1271 3679 1347 3765 ipsa
1364 3679 1549 3746 constituta
1573 3677 1677 3746 liceat
1698 3693 1762 3744 nos
1779 3677 1856 3744 illut
1877 3675 1960 3744 dare
1983 3674 2039 3741 cui
2062 3673 2289 3759 voluerimus3
2306 3688 2375 3738 nam
2393 3667 2417 3734 si

588 3839 670 3906 anta
694 3837 772 3921 ipsa
794 3835 981 3903 constituta
996 3793 1197 3920 cuicumque
1219 3834 1299 3902 illut
1324 3832 1531 3912 dederimus,
1561 3833 1650 3900 sicut
1672 3830 1716 3898 de
1737 3833 1858 3898 nostra
1883 3830 2086 3914 potestatem
2117 3844 2192 3896 esse
2218 3822 2417 3910 supstractum

589 3992 719 4076 absque
733 3989 937 4062 solutionem
953 3986 995 4054 de
1011 4005 1094 4072 pars
1111 3985 1274 4054 iamdicto
1291 3987 1447 4064 ecclesie,
1466 3991 1548 4052 tunc
1564 3985 1640 4053 sine
1655 3983 1806 4069 pretium
1822 3983 1976 4049 rebertas
1999 3979 2043 4046 ad
2066 3979 2267 4064 potestatem
2288 3971 2417 4060 predicta

586 4143 739 4212 ecclesie.
758 4099 847 4229 quod
871 4143 902 4210 si
918 4144 986 4210 etc,
1006 4139 1199 4226 Composita
1220 4141 1331 4209 multu
1348 4158 1416 4223 por
1431 4093 1689 4223 ¹quinquaqinta
1714 4155 1836 4205 aureos
1858 4134 1981 4202 solidos
2003 4133 2299 4203 constuctiuiuuos.
2316 4129 2346 4194 et
2365 4140 2416 4192 unc

587 4298 727 4365 brebem
744 4296 883 4381 scripsit
898 4311 965 4380 ego
980 4293 1178 4362 romoaldus
1194 4293 1352 4360 notarius
1367 4291 1425 4376 qui
1441 4295 1475 4358 et
1490 4290 1643 4358 interfui.

642 4419 753 4556 aaa
803 4497 1048 4514 .....

642 4574 672 4686 †
687 4619 755 4686 ego
770 4599 874 4686 gaido

642 4725 672 4840 †
685 4771 751 4839 ego
767 4755 824 4839 qui
840 4771 948 4838 supra
962 4753 1166 4821 waimarius

640 4879 671 4992 †
687 4923 753 4992 ego
768 4905 828 4992 qui
843 4923 951 4991 supra
965 4909 1085 4990 petrus
1100 4903 1270 4990 presbiter

638 5032 748 5147 †eg0
798 5107 1046 5126 .....
