5252 7102
1010 572 1379 648 urruouumous
2013 597 2075 660 323

264 817 330 886 filii
353 814 559 902 orseprandi
582 816 625 885 de
648 818 762 884 locum
786 834 911 902 angre,
929 819 964 884 et
981 818 1034 884 leo
1056 816 1150 884 fllius
1173 816 1319 897 menuti,
1338 817 1374 885 et
1396 816 1562 887 iohannes
1584 819 1675 889 filius
1698 821 1870 907 quondam
1893 823 2050 905 iohanni,
2065 829 2124 913 661

264 973 346 1041 6661
368 973 469 1039 ambo
493 971 634 1057 cognati
657 971 779 1058 generi
803 971 948 1040 martini
972 973 1006 1040 et
1030 974 1112 1040 sunt
1126 970 1190 1048 toti
1205 972 1443 1042 consortifices
1457 972 1500 1042 de
1516 991 1586 1042 una
1601 976 1699 1062 pecta
1715 976 1758 1045 de
1774 979 1868 1046 terra
1883 995 2005 1061 vacua,
2022 1001 2123 1068 quem

265 1125 343 1211 ipsa
368 1123 541 1194 hecclesie
563 1123 674 1192 sancti
698 1121 845 1191 maximi
867 1123 974 1192 habet
990 1122 1025 1188 in
1041 1121 1170 1190 dictum
1195 1125 1307 1190 locum
1332 1142 1446 1211 angre
1461 1124 1519 1192 ubi
1536 1127 1680 1211 proprio
1696 1131 1808 1197 casale
1823 1128 1964 1210 dieitur,
1982 1149 2046 1216 per
2062 1135 2125 1202 hec

264 1279 344 1348 finis
366 1281 401 1348 et
423 1277 611 1348 mensurie:
636 1297 658 1345 6
680 1297 764 1365 6666
787 1277 973 1346 occidentis
995 1278 1065 1347 dne
1082 1280 1139 1347 bia
1156 1279 1305 1366 publica,
1320 1247 1401 1348 sunt
1423 1277 1504 1348 inde
1519 1299 1582 1366 per
1598 1263 1774 1350 mensoria
1795 1301 1915 1368 passos
1937 1274 2124 1370 sexaginte

264 1449 338 1499 sex:
365 1448 388 1498 a
410 1447 493 1516 pars
516 1429 662 1498 meridie
683 1430 842 1532 ¹similiter
857 1431 927 1498 line
944 1430 1000 1497 bia
1015 1431 1165 1515 publica,
1184 1433 1264 1499 sunt
1285 1429 1366 1502 inde
1381 1431 1476 1516 passi
1491 1428 1641 1516 triginta
1656 1432 1820 1518 quinque:
1839 1453 1861 1500 a
1876 1453 1960 1519 pars
1976 1436 2122 1506 orientis

263 1586 333 1654 dne
355 1584 399 1653 de
421 1585 566 1654 heredes
589 1587 681 1671 petri
703 1588 738 1656 et
760 1584 972 1672 rodelgardi,
987 1589 1070 1653 sunt
1091 1585 1172 1654 inde
1196 1586 1290 1671 passi
1314 1586 1499 1672 sexaginta
1520 1603 1595 1654 sex:
1613 1603 1733 1672 apars
1754 1589 2023 1673 septemtrionis,
2042 1609 2126 1676 quo-

240 1721 367 1810 modo
394 1739 505 1811 limite
527 1741 711 1821 discernit,
738 1743 819 1808 sunt
840 1739 922 1807 inde
945 1758 1066 1826 passos
1089 1739 1321 1826 quadraginta
1344 1759 1471 1819 unum,
1497 1743 1606 1808 totum
1629 1741 1672 1809 ad
1698 1741 1787 1810 iusto
1811 1762 1952 1829 passum
1975 1746 2126 1816 hominis

270 1896 522 1964 mensuratum.
554 1893 597 1963 de
621 1896 685 1964 hec
708 1912 792 1963 uero
822 1896 977 1962 clausum
1001 1913 1063 1980 per
1086 1893 1288 1980 supradicte
1311 1895 1393 1963 finis
1415 1897 1450 1963 et
1473 1896 1648 1964 mensurie
1677 1895 1746 1980 ipsi
1775 1895 1944 1964 nominati
1978 1898 2123 1978 cicerus,

265 2066 445 2134 sparanus,
465 2049 530 2128 leo,
549 2047 731 2127 iohannes
748 2047 813 2115 toti
836 2045 1008 2134 quomodo
1030 2035 1381 2126 66616666661111666,
1408 2066 1471 2133 per
1495 2049 1586 2115 bona
1609 2049 1863 2117 comvenientia
1886 2050 2127 2119 manifestave-

266 2203 370 2280 runt,
397 2203 434 2268 ut
456 2199 657 2286 supradicta
679 2199 850 2268 hecclesie
872 2199 985 2268 sancti
1009 2199 1153 2266 maximi
1177 2217 1252 2267 esse
1274 2199 1486 2284 pertinentes
1509 2217 1573 2284 per
1595 2200 1668 2268 suis
1691 2201 1882 2268 rationibus
1905 2203 1940 2270 et
1962 2202 2123 2289 scriptio·

266 2355 383 2434 nibus,
410 2357 444 2424 et
466 2373 575 2440 neque
597 2371 663 2439 666
687 2356 802 2432 166166,
828 2370 941 2438 66666
964 2371 1025 2438 666
1049 2353 1245 2432 monimen,
1272 2369 1381 2438 neque
1403 2371 1466 2438 per
1489 2354 1588 2460 nulla
1610 2371 1743 2439 quoque
1766 2313 1910 2422 inventa
1932 2354 2065 2425 ratione
2087 2357 2129 2426 de

265 2508 343 2592 ipsa
368 2505 467 2592 pecie
488 2525 552 2591 per
576 2505 738 2574 iamdicta
762 2506 842 2574 finis
864 2508 900 2575 et
921 2507 1097 2574 mensurie
1120 2524 1266 2574 causare
1290 2509 1350 2573 aut
1373 2505 1580 2575 contendere
1601 2523 1672 2574 non
1695 2509 1877 2594 poterent3
1891 2524 1955 2592 pro
1979 2509 2122 2595 eoquod

265 2678 301 2729 se
323 2659 639 2727 manifestaverunt
662 2661 748 2727 hore
770 2675 832 2728 suo
855 2657 919 2726 toti
944 2659 1013 2745 ipsi
1031 2658 1266 2744 'suprascripti
1291 2658 1435 2736 cicerus,
1462 2675 1658 2743 sparanus,
1683 2635 1755 2738 leo,
1781 2658 1971 2738 iohannes,
1997 2661 2035 2726 61
2057 2661 2129 2726 1616

264 2813 341 2898 ipsa
363 2811 465 2897 pecie
487 2827 550 2896 per
573 2809 774 2896 supradicte
797 2808 879 2878 finis
895 2813 930 2879 et
946 2811 1120 2880 mensurie
1134 2811 1307 2895 prephate
1323 2809 1492 2878 hecclesie
1504 2809 1616 2878 sancti
1633 2809 1781 2876 maximi
1796 2812 1886 2877 esset
1902 2809 2126 2896 pertinentes,

142 2953 145 2961 ’
230 3019 233 3024 .
264 2968 298 3033 61
320 2966 351 3033 61
375 2964 452 3033 11166
474 2963 726 3044 lavorauerint,
741 2962 848 3032 deant
870 2961 952 3030 inde
967 2980 1031 3047 per
1053 2962 1191 3031 ratione
1207 2962 1388 3030 sorbitium
1412 2962 1454 3029 ad
1471 2979 1555 3046 6666
1570 2961 1732 3030 iamdicta
1746 2963 1914 3031 hecclesie
1929 2963 2038 3032 sancti
2054 2980 2129 3030 ma-

264 3117 352 3185 ximi
376 3117 432 3185 uel
453 3115 497 3184 ad
521 3114 596 3184 eins
618 3115 822 3194 rectoribus,
848 3115 939 3182 siout
961 3114 1054 3182 inter
1077 3115 1128 3184 eis
1151 3114 1324 3182 conuenit.
1349 3086 1379 3200 †
1402 3131 1468 3199 ego
1491 3114 1593 3201 guiso
1615 3113 1773 3182 notarius
1802 3115 1946 3182 interlui
1970 3116 2005 3182 61
2033 3116 2127 3182 hunc

265 3272 407 3339 brebem
431 3267 725 3338 manifestationis
748 3268 884 3354 scripsi.

320 3395 350 3510 †
366 3442 433 3510 ego
450 3423 507 3510 qui
525 3441 633 3508 supra
648 3425 712 3490 leo.

1009 3927 1376 4051 coooxnv,

970 4199 972 4204 ·
1050 4175 1105 4250 A.
1141 4175 1192 4251 D.
1232 4171 1335 4251 992.

318 4437 408 4574 †In
431 4489 572 4557 nomine
595 4487 727 4555 domini
743 4505 835 4556 nono
849 4504 941 4556 anno
957 4487 1176 4574 principatus
1192 4487 1310 4555 domni
1325 4485 1437 4553 nostri
1461 4485 1606 4554 iohanni
1623 4487 1658 4554 et
1680 4487 1784 4554 tertio
1800 4505 1893 4555 anno
1909 4487 2128 4574 principatus

264 4641 383 4710 domni
406 4641 584 4726 guaimari
608 4641 683 4709 eius
706 4641 780 4708 illio
804 4641 951 4726 gloriosi
973 4638 1215 4726 principibuS,
1241 4656 1356 4707 mense
1379 4636 1575 4706 februarius
1605 4637 1728 4723 quinta
1758 4638 1959 4708 indictione.
1984 4642 2128 4709 Declaro

265 4811 332 4879 ego
355 4793 553 4878 guilielmus
575 4795 748 4878 presbiter
771 4793 864 4861 filius
880 4791 1056 4878 quondam
1080 4791 1294 4878 ragemperti
1317 4792 1420 4859 abere
1443 4793 1548 4858 rebus
1563 4789 1600 4857 in
1616 4793 1728 4859 locum
1743 4794 1874 4860 lauritu
1897 4795 2128 4863 communiter

268 4963 347 5014 cum
370 4947 540 5017 sortiflces
564 4966 658 5016 meos
681 4967 744 5034 per
767 4946 859 5015 finis:
885 4945 929 5014 de
952 4948 1142 5030 66666616
1164 4943 1313 5012 finebia
1336 4945 1490 5024 hantica,
1516 4946 1550 5013 et
1573 4946 1618 5012 ab
1640 4945 1716 5032 ipsa
1731 4945 1788 5012 bia
1804 4949 1934 5016 rectum
1959 4950 2128 5034 pergente

265 5105 301 5169 et
324 5100 558 5186 coniungente
581 5100 618 5166 16
643 5100 739 5166 ribus
761 5099 819 5185 661
842 5096 971 5165 dicitur
993 5115 1105 5176 cerra,
1124 5099 1159 5165 et
1174 5113 1237 5182 666
1259 5095 1338 5181 1666
1366 5114 1467 5166 cerra
1490 5097 1638 5166 saliente
1660 5099 1697 5165 et
1719 5099 1943 5202 prebaricant
1966 5149 2123 5172 .....

255 5253 326 5338 661
341 5272 402 5338 666
420 5253 496 5339 ipsa
511 5255 612 5321 rebus
634 5251 801 5331 decurrit,
820 5253 855 5320 et
870 5253 1042 5339 pergente
1056 5268 1119 5336 per
1142 5250 1220 5337 1666
1235 5267 1349 5330 66666,
1367 5252 1403 5318 61
1417 5250 1652 5336 coniungente
1666 5251 1703 5318 in
1719 5250 1826 5331 ribus,
1856 5305 1863 5318 .
1886 5303 1894 5318 .
1917 5302 1924 5317 .
1947 5302 1954 5317 .
1989 5252 2128 5338 periens

266 5425 358 5494 aqua
381 5407 549 5496 decurrit3
575 5411 610 5475 et
633 5408 677 5475 da
699 5426 783 5494 pars
806 5405 1064 5493 septemtrionis
1086 5407 1155 5476 dne
1178 5407 1256 5492 ipso
1279 5405 1388 5485 ribus
1414 5409 1449 5473 et
1472 5422 1495 5472 a
1517 5405 1632 5490 capite
1654 5403 1697 5472 de
1712 5403 1787 5490 1666
1803 5404 1899 5474 ribus
1915 5406 2047 5474 rectum
2070 5406 2130 5475 de-

265 5559 453 5632 scendente
476 5565 511 5630 et
534 5562 769 5648 coniungente
793 5561 830 5628 in
853 5579 960 5629 unum
975 5562 1102 5629 turellu
1126 5563 1161 5629 et
1184 5559 1229 5629 ab
1253 5559 1333 5629 inde
1354 5559 1500 5628 saliente
1516 5559 1554 5628 in
1570 5560 1738 5646 plesoora,
1764 5559 1799 5630 et
1820 5557 1864 5626 da
1880 5560 1959 5644 ipsa
1973 5563 2130 5647 plescora

267 5716 415 5784 saliente
438 5717 474 5784 et
496 5715 734 5800 coniungente
755 5732 865 5801 usque
888 5713 1002 5782 media
1026 5732 1148 5802 serra3
1172 5713 1275 5784 etde
1297 5731 1380 5799 pars
1402 5712 1547 5780 orientis
1580 5710 1809 5782 descendente
1831 5730 1896 5797 per
1918 5711 2033 5781 media
2055 5714 2131 5798 ipsa

266 5885 365 5937 serre
386 5869 422 5936 et
444 5868 677 5954 coniungeute
699 5869 736 5938 in
760 5870 863 5949 balle,
889 5870 925 5937 et
948 5886 1012 5954 per
1035 5868 1113 5956 ipsa
1128 5869 1219 5939 belle
1233 5865 1463 5938 descendente
1477 5870 1512 5936 et
1527 5867 1758 5953 coniungente
1772 5867 1809 5935 in
1825 5867 1882 5935 bia
1899 5865 2043 5952 publica,
2061 5888 2126 5954 que
