5286 7098
1033 583 1406 658 DlPLOMATlCUS
2053 605 2094 668 89

286 832 387 903 redes
402 831 638 918 ermengardi,
657 832 746 900 sicut
763 829 979 915 aliquantum
994 827 1122 896 ibidem
1137 827 1398 897 fundamentum
1414 825 1456 895 de
1479 828 1647 914 parietem
1664 831 1780 898 antico
1802 830 1991 922 discernit3
2017 852 2040 903 6
2060 853 2141 921 par-

286 989 376 1058 tibus
391 988 536 1056 orientis
558 987 627 1055 fine
650 985 693 1054 de
715 984 860 1054 heredes
874 981 1021 1063 deodati,
1041 982 1130 1051 sicut
1145 999 1227 1067 sepe
1242 983 1277 1049 et
1293 981 1409 1050 sabuci
1426 985 1461 1050 et
1475 983 1587 1052 limite
1600 984 1779 1067 discernit,
1799 991 1833 1058 et
1848 988 2081 1074 coniungente
2103 991 2143 1058 in

285 1143 362 1227 ipso
378 1141 524 1228 aquario
540 1141 597 1226 qui
612 1144 664 1208 est
677 1142 797 1226 priore
811 1141 891 1209 fine.
910 1141 975 1207 hec
990 1155 1072 1206 vero
1089 1140 1241 1207 clausum
1260 1155 1323 1223 per
1338 1137 1534 1224 supradicte
1549 1140 1628 1210 finis
1644 1143 1754 1208 totum
1768 1142 1802 1210 et
1825 1142 1983 1210 inclitum
1997 1161 2076 1210 cum
2092 1146 2143 1212 vi-

285 1311 324 1360 ce
346 1292 388 1360 de
411 1291 469 1360 bia
484 1309 548 1360 sua
563 1294 598 1360 et
613 1310 691 1358 curn
708 1292 826 1358 omnia
841 1291 935 1362 intro
950 1307 988 1358 se
1002 1289 1209 1358 habentibus
1225 1287 1311 1356 mihi
1327 1287 1473 1357 tradidit
1487 1287 1530 1356 ad
1553 1289 1739 1358 tenendum
1755 1293 1790 1360 et
1805 1291 2030 1362 laborandum
2047 1311 2141 1362 amo-

282 1445 326 1511 do
341 1447 376 1512 et
390 1463 497 1530 nsque
512 1463 575 1514 sex
598 1447 683 1512 anni
700 1443 873 1530 completi.
891 1442 984 1512 unde
1007 1461 1071 1528 per
1094 1461 1184 1511 vona
1206 1442 1485 1511 comvenihentia
1507 1442 1622 1512 wadia
1645 1445 1731 1511 mihi
1753 1444 1848 1512 dedit
1873 1446 1948 1529 ipse
1969 1446 2140 1516 iohannes

281 1599 452 1684 presbiter
464 1602 498 1666 et
510 1596 734 1666 mediatorem
749 1598 836 1664 mihi
852 1597 967 1683 posuit
982 1596 1196 1682 grimoaldus
1212 1596 1304 1666 filius
1320 1597 1402 1663 rotti
1426 1597 1470 1664 de
1493 1595 1613 1664 eodem
1630 1598 1706 1662 loco
1720 1598 1874 1684 nuceria;
1892 1599 1927 1664 et
1942 1616 2004 1683 per
2020 1598 2140 1667 eadem

278 1747 393 1815 wadia
420 1748 586 1833 obligabit
613 1767 648 1816 se
669 1747 732 1814 tali
756 1745 898 1824 ordine,
925 1749 962 1840 nt
986 1746 1108 1813 amodo
1131 1749 1166 1813 et
1189 1763 1297 1830 usque
1321 1746 1358 1812 in
1380 1745 1458 1830 ipsu
1481 1745 1706 1813 constitutum
1728 1743 1909 1814 defensare
1932 1747 2019 1813 mihi
2041 1749 2076 1817 et
2096 1747 2140 1816 ad

277 1899 362 1966 meis
377 1900 563 1968 heredibus
586 1901 741 1986 predicto
767 1902 921 1966 clausum
947 1917 1009 1984 per
1032 1898 1229 1984 supradicte
1251 1900 1331 1968 finis
1356 1899 1402 1966 da
1428 1899 1540 1965 omnis
1563 1899 1732 1979 homines,
1758 1901 1793 1968 et
1815 1916 1885 1967 non
1908 1919 2032 1986 queres
2056 1903 2137 1970 ante

220 2097 224 2108 .
281 2053 356 2138 ipso
378 2054 600 2121 constitutum
620 2020 804 2122 de'nostra
827 2055 995 2138 potestate
1018 2055 1142 2122 tollere
1164 2055 1225 2119 aut
1248 2055 1434 2131 contrare,
1468 2052 1520 2118 set
1542 2051 1653 2119 licead
1676 2069 1739 2120 nos
1762 2072 1868 2138 usque
1891 2054 1928 2120 in
1954 2056 2031 2139 ipso
2055 2071 2137 2122 con·

283 2203 440 2270 stitutum
465 2207 597 2282 tenere,
616 2206 650 2270 et
675 2204 791 2271 fobeas
813 2207 847 2270 61
869 2204 980 2270 onmis
1004 2204 1122 2270 nostra
1144 2203 1295 2270 utilitate
1322 2203 1412 2269 iusta
1427 2201 1597 2271 rationem
1614 2202 1741 2272 ibidem
1763 2205 1889 2283 lacere,
1908 2208 1942 2271 et
1964 2208 2042 2272 acto
2058 2209 2140 2274 tem-

283 2371 368 2438 pore
384 2371 443 2422 eos
465 2355 626 2421 laborare
649 2357 684 2420 et
706 2355 838 2422 cultare
861 2353 902 2422 de
928 2371 1032 2439 super
1055 2358 1089 2421 et
1113 2354 1155 2423 de
1179 2357 1306 2430 subter,
1331 2354 1418 2422 sicut
1440 2357 1535 2421 locus
1557 2355 1633 2437 ipse
1656 2356 1823 2422 meruerit
1843 2358 1882 2422 ut
1903 2374 1989 2424 vene
2010 2357 2138 2442 paread

280 2508 473 2574 laboratum
496 2509 531 2574 et
553 2508 729 2596 cultatum,
756 2508 791 2572 et
811 2507 869 2572 ubi
892 2507 1057 2572 meruerit
1079 2507 1319 2591 propaginare
1343 2508 1378 2572 et
1401 2507 1487 2572 vites
1509 2508 1623 2573 traere
1646 2508 1681 2573 et
1703 2508 1839 2574 arboris
1854 2509 2026 2593 plantare,
2046 2509 2137 2577 etde

280 2677 347 2744 que
368 2659 533 2728 meruerit
555 2659 683 2727 ibidem
706 2659 905 2726 annualiter
928 2658 1114 2738 seminare,
1141 2657 1240 2725 etde
1263 2657 1353 2742 quod
1378 2657 1506 2724 ibidem
1530 2659 1823 2738 seminaberimus,
1850 2676 1986 2727 omnem
2010 2678 2139 2727 annum

280 2829 387 2896 usque
409 2813 448 2879 in
470 2812 546 2897 ipso
570 2811 768 2880 costitutum
790 2810 910 2877 demus
933 2809 965 2876 ei
981 2810 1093 2876 autin
1109 2809 1266 2895 partibus
1282 2809 1390 2895 ipsius
1412 2809 1556 2877 ecclesie
1579 2811 1691 2877 sancti
1713 2811 1858 2877 maximi
1875 2810 2074 2878 terraticum
2088 2831 2138 2881 se·

280 2961 428 3031 cundum
453 2964 734 3032 consuetudinem
757 2964 867 3048 ipsius
890 2963 979 3041 loci,
1006 2965 1041 3030 et
1062 2979 1125 3046 per
1148 2961 1320 3030 vindemie
1341 2965 1497 3046 tempore
1521 2962 1689 3029 faciamus
1710 2963 1809 3030 illum
1826 2966 1885 3030 aut
1903 2964 2059 3048 partibus
2083 2965 2139 3050 ip-

282 3117 353 3184 sius
375 3117 518 3186 ecclesie
541 3116 621 3184 inde
643 3117 744 3196 scire,
763 3119 797 3184 et
812 3117 882 3183 illis
898 3134 936 3183 se
950 3115 1083 3200 plicare
1098 3117 1154 3182 vel
1169 3115 1313 3183 missum
1336 3133 1436 3184 suum
1459 3116 1507 3182 ibi
1522 3115 1653 3200 dirigat
1669 3114 1713 3182 ad
1730 3115 1964 3201 recipiendum
1980 3117 2061 3184 inde
2078 3135 2140 3184 sua

281 3269 482 3355 sortionem3
496 3270 530 3336 61
546 3287 609 3338 nos
632 3269 844 3354 temporibus
866 3269 938 3336 suis
961 3286 1019 3338 eos
1041 3267 1304 3364 vindemiemus
1331 3269 1366 3336 et
1391 3268 1467 3353 ipso
1493 3269 1612 3334 vinum
1635 3267 1678 3336 ad
1702 3271 1918 3354 palmentum
1938 3273 1976 3336 in
1998 3269 2075 3354 ipso
2091 3273 2139 3338 lo·

280 3438 358 3488 curn
382 3426 418 3488 et
439 3423 521 3490 nuci
545 3425 579 3491 et
601 3440 704 3507 poma
728 3422 856 3490 exinde
876 3421 1069 3490 dibidamns
1093 3442 1171 3490 cum
1195 3423 1246 3491 eis
1268 3441 1331 3508 per
1354 3422 1503 3492 medinm
1527 3423 1705 3508 equaliter:
1723 3441 1786 3491 nos
1808 3423 1968 3491 tollamus
1991 3440 2047 3494 eos
2069 3441 2141 3490 me-

283 3572 446 3641 dietatem
470 3575 504 3641 et
527 3572 633 3652 illius,
659 3576 694 3640 et
717 3574 755 3640 in
779 3591 863 3658 pars
886 3575 998 3659 ipsius
1020 3574 1163 3643 ecclesie
1186 3573 1305 3642 demus
1328 3591 1387 3641 eos
1411 3573 1639 3654 medietatem,
1658 3575 1692 3642 et
1720 3593 1783 3643 nos
1815 3576 2010 3643 conciemus
2034 3592 2138 3660 orga-

279 3741 346 3791 nea
369 3723 443 3791 eins
469 3724 557 3790 sicut
580 3724 749 3792 meruerit
772 3728 806 3792 et
828 3743 1036 3810 reponamus
1061 3727 1138 3812 ipsa
1160 3744 1225 3794 sua
1247 3727 1381 3792 satione
1407 3724 1449 3792 de
1471 3726 1547 3810 ipso
1569 3726 1686 3792 vinum
1709 3727 1747 3795 in
1770 3727 1848 3812 ipsa
1870 3725 2024 3813 organon
2073 3781 2079 3793 .
2124 3778 2132 3792 .

288 3923 531 3940 .....
580 3877 702 3943 nostra
728 3877 825 3944 salbo
848 3876 928 3944 illut
949 3877 1000 3944 eis
1024 3878 1194 3945 faciamus
1221 3879 1350 3962 absque
1376 3877 1645 3962 degeneratione
1660 3879 1694 3946 et
1719 3877 1762 3944 de
1792 3877 2002 3958 incendium,
2028 3877 2136 3948 donec

282 4025 358 4092 illut
382 4025 464 4093 inde
486 4028 612 4094 tollant
634 4045 697 4112 per
720 4029 877 4113 tempore
899 4046 1008 4113 usque
1031 4027 1074 4096 ad
1098 4030 1212 4098 casine
1233 4031 1375 4115 lebare3
1400 4034 1434 4096 et
1458 4029 1593 4114 quando
1609 4029 1686 4114 ipsa
1702 4045 1854 4114 organea
1870 4029 1912 4096 de
1929 4030 2004 4113 ipso
2024 4029 2142 4098 vinum

283 4176 403 4246 baciba
424 4179 542 4260 fuerit,
568 4197 703 4266 semper
726 4179 802 4266 ipsa
824 4199 977 4266 organea
997 4183 1156 4250 labemus
1177 4185 1213 4250 61
1235 4181 1423 4250 studiemns
1447 4181 1537 4248 sicut
1558 4181 1735 4258 meruerit,
1761 4183 1796 4247 et
1818 4179 1939 4247 demus
1963 4178 2007 4247 ad
2030 4181 2142 4246 homi-

281 4347 369 4408 nem,
394 4330 454 4415 qui
478 4330 526 4397 ibi
548 4329 746 4399 direxerint
768 4351 833 4418 pro
860 4351 925 4401 sua
952 4335 1139 4401 sartionem
1166 4333 1402 4419 recipiendum
1423 4331 1466 4400 de
1489 4332 1565 4416 ipso
1582 4335 1713 4410 vinnm,
1732 4331 1944 4399 manducare
1959 4332 1994 4398 et
2008 4330 2138 4410 vibere,

281 4483 367 4548 sicut
381 4485 547 4553 meruerit
569 4489 604 4554 et
618 4489 739 4554 nostra
755 4487 859 4556 fuerit
875 4487 1153 4572 possibilitatem,
1178 4488 1287 4556 donec
1303 4488 1350 4555 ibi
1369 4487 1475 4554 fuerit
1497 4503 1562 4570 pro
1578 4487 1653 4571 ipsa
1676 4484 1863 4555 bindemia.
1882 4484 1913 4552 si
1930 4487 2045 4553 autem
2062 4487 2142 4555 ante

278 4633 353 4717 ipso
367 4636 589 4704 constitutum
595 4686 840 4704 .....
890 4639 1010 4708 tollere
1033 4640 1095 4707 aut
1111 4639 1273 4706 contrare
1295 4637 1458 4723 quesierit
1481 4636 1524 4704 de
1546 4639 1666 4703 nostra
1688 4637 1890 4720 potestatem
1907 4637 1942 4704 et
1961 4636 1998 4702 in
2019 4653 2144 4721 supra·

277 4781 369 4852 dicto
392 4787 539 4858 hordine
553 4808 659 4875 usque
678 4793 715 4857 in
730 4791 806 4876 ipso
821 4793 1044 4859 constitutum
1067 4793 1167 4860 nobis
1172 4837 1418 4857 .....
1467 4806 1538 4858 non
1553 4789 1818 4870 detensaberint,
1838 4793 1873 4858 et
1888 4791 2006 4860 omnia
2020 4809 2141 4876 supra·

278 4936 410 5020 scripta
431 4939 531 5006 nobis
556 4957 626 5008 non
651 4940 929 5026 adimpleberint,
946 4961 1153 5028 componere
1174 4930 1275 5011 nobis
1299 4961 1335 5010 se
1358 4941 1529 5027 obligabit
1552 4941 1670 5011 decem
1694 4941 1821 5010 solidos
1845 4941 2066 5010 costantinus.

336 5058 365 5171 †
387 5105 455 5172 ego
477 5091 694 5173 grimoaldus
716 5095 875 5162 notarius
897 5094 1039 5162 interfui
1063 5097 1098 5162 et
1121 5097 1215 5162 hunc
1237 5093 1378 5163 brebem
1403 5093 1541 5178 scripsi.

337 5212 456 5327 †ego
479 5244 540 5329 qni
567 5262 672 5330 supra
695 5249 881 5334 truppoald

338 5363 367 5476 †
393 5411 459 5478 ego
483 5393 657 5480 iaquintns

332 5514 453 5630 †egc
476 5547 535 5632 qui
558 5565 664 5634 supra
687 5550 779 5620 maio

333 5665 447 5779 †eg0
468 5699 600 5782 petrns.
