5286 7098
555 559 618 623 rou
1223 545 1386 619 cooux
1430 491 1663 621 cavuu'srs

505 791 646 876 legitur,
664 790 781 859 dicbus
799 788 870 856 vito
886 806 961 858 mcc
976 788 1064 856 mihi
1081 806 1152 857 non
1175 787 1442 874 adimpleberiut
1464 793 1498 860 et
1520 790 1651 876 aliquid
1676 793 1803 862 exinde
1817 793 1903 860 mihi
1927 795 2214 878 contradixerint,
2230 818 2367 886 compo-

507 962 591 1013 nere
605 943 692 1010 mihi
708 960 745 1010 sc
760 958 887 1028 suoque
903 941 1031 1011 herede
1047 942 1218 1027 obligabit
1232 942 1350 1012 decem
1367 941 1494 1012 solidos
1508 945 1720 1016 costantinos
1735 947 1770 1014 et
1782 947 1898 1014 omnia
1912 951 2152 1035 suprascripta
2167 949 2287 1020 diebus
2300 951 2371 1021 vite

509 1111 584 1162 mee
607 1111 668 1180 per
692 1095 823 1162 imbitis
839 1095 925 1162 mihi
941 1096 1120 1182 complire.

565 1217 676 1332 †ego
690 1246 905 1331 grimoaldus
921 1249 1079 1338 notarius
1092 1248 1234 1315 interfui
1250 1249 1284 1316 et
1298 1249 1389 1313 hunc
1406 1250 1546 1316 brebem
1562 1249 1688 1335 scripsi

565 1371 675 1487 †cgo
690 1401 903 1469 madalfreda

564 1526 595 1639 †
609 1571 675 1637 ego
690 1554 809 1638 petrus

564 1675 594 1788 †
608 1720 674 1788 ego
689 1701 855 1788 desigius.

1308 2211 1587 2292 CCXCIV.

1234 2492 1237 2502 ·
1296 2465 1352 2535 A.
1389 2460 1440 2536 D.
1478 2457 1582 2538 976.

571 2723 661 2859 †ln
677 2769 962 2840 nominedomini
987 2786 1080 2836 anno
1104 2767 1371 2854 quadragesimo
1395 2769 1517 2854 quarto
1543 2769 1760 2855 principatus
1787 2767 1906 2836 domni
1932 2771 2041 2838 nostri
2068 2771 2186 2857 gisolfi
2212 2775 2356 2859 gloriosi

506 2925 676 3012 principis
691 2927 724 2994 et
739 2924 842 2992 tertio
857 2940 949 2991 anno
965 2923 1183 3009 principatus
1199 2922 1324 2991 domne
1341 2913 1480 3008 gemme
1494 2923 1615 2990 uxoris
1630 2924 1705 2992 eius
1721 2926 1756 2993 et
1769 2923 1887 2992 domni
1900 2924 2040 3010 paldolfi
2051 2928 2170 3011 optato
2185 2926 2258 2994 eius
2273 2928 2362 3007 tilio,

508 3095 625 3145 mense
641 3032 800 3154 octuber,
819 3075 940 3160 quinta
956 3073 1158 3142 indictione.
1181 3073 1258 3141 ideo
1285 3093 1351 3158 que
1377 3093 1444 3159 ego
1472 3073 1606 3141 cicerus
1628 3073 1719 3142 filius
1742 3075 1896 3160 agorusi,
1915 3077 1996 3143 dum
2019 3079 2054 3144 tc
2077 3077 2201 3149 mulier
2223 3080 2365 3147 nominc

511 3229 668 3314 iaquinta
682 3228 757 3296 filia
773 3224 879 3314 (deest
895 3228 1030 3313 aoruca)
1047 3225 1092 3294 ad
1109 3244 1186 3294 meo
1202 3227 1330 3294 sociabi
1347 3225 1521 3310 coniugio,
1539 3227 1620 3292 tuuc
1636 3228 1673 3292 in
1687 3227 1757 3294 alia
1771 3226 1828 3296 dic
1842 3228 2041 3313 nuptiarum
2057 3231 2136 3297 ante
2151 3231 2313 3314 parentes
2328 3233 2364 3297 et

507 3379 637 3446 amicos
658 3381 796 3446 nostros
819 3378 1008 3446 secundum
1034 3379 1121 3444 ritus
1145 3379 1262 3463 gentis
1286 3379 1404 3446 nostre
1426 3376 1718 3462 langobardorum
1742 3395 1805 3462 per
1830 3380 1972 3446 borbum
1988 3381 2022 3446 et
2037 3382 2288 3450 absolutionem
2312 3383 2367 3467 ip·

507 3534 579 3600 sius
602 3531 755 3617 genitori
779 3547 855 3599 meo
884 3534 919 3601 ct
940 3533 1054 3616 ipsum
1078 3532 1260 3609 astantem,
1287 3548 1350 3615 per
1374 3532 1465 3597 hunc
1489 3531 1657 3616 scriptum
1681 3531 1911 3616 morgincaph
1934 3533 2101 3600 confirmo
2123 3533 2232 3620 adque
2259 3535 2361 3602 trado

509 3686 572 3752 tibi
589 3685 744 3771 predicte
759 3685 915 3771 iaquinta
931 3685 1033 3752 uxori
1049 3702 1125 3753 mee
1140 3685 1267 3770 quarta
1281 3683 1374 3750 enim
1390 3685 1526 3768 partem
1543 3683 1588 3752 de
1601 3702 1645 3752 cx
1663 3685 1821 3753 omnibus
1833 3686 1934 3754 rebus
1950 3685 2153 3754 substantiis
2165 3687 2262 3766 meis,
2278 3686 2363 3756 idest

509 3838 598 3906 casis
621 3839 656 3906 et
678 3837 886 3904 intrinsecus
910 3837 1011 3915 casis,
1038 3835 1239 3914 territoriis
1258 3834 1421 3914 arbustis,
1448 3835 1570 3914 vineis,
1591 3836 1813 3915 abellanicta,
1832 3837 1970 3916 olibeta,
1996 3838 2196 3916 castanieta,
2214 3837 2362 3923 quartia·

508 3992 556 4070 ta,
577 3991 721 4076 campis,
741 3989 850 4069 silbis‚
878 3990 997 4074 pratis,
1017 3989 1127 4074 aquis,
1153 3988 1248 4066 finis,
1276 3987 1353 4066 biis,
1381 3988 1566 4065 montibus,
1593 3987 1722 4072 planis,
1748 3989 1887 4068 movile,
1913 3991 2022 4060 serbis
2045 3993 2082 4058 ct
2103 3991 2261 4068 ancillis,
2288 3990 2363 4058 ani-

507 4142 623 4211 maliis
639 4145 674 4211 et
690 4141 733 4211 dc
750 4142 866 4210 omnia
881 4147 917 4210 et
933 4143 971 4210 in
986 4142 1158 4221 omnibus,
1177 4159 1244 4228 que
1261 4161 1354 4210 nunc
1369 4144 1454 4211 abeo
1472 4145 1506 4210 et
1522 4141 1565 4210 de
1581 4145 1729 4225 paterna
1745 4133 1779 4209 'et
1802 4146 1964 4210 materna
1986 4143 2188 4220 substantia,
2204 4111 2241 4209 at
2257 4139 2362 4210 unde-

506 4317 652 4385 cumque
667 4297 755 4366 mibi
770 4299 923 4384 pertinet
934 4299 969 4366 ct
980 4297 1190 4383 pertinentes
1206 4297 1325 4375 fuerit,
1343 4296 1386 4363 de
1401 4297 1511 4363 totum
1526 4296 1589 4362 tibi
1605 4295 1758 4381 predicte
1775 4295 1877 4363 uxori
1889 4313 1963 4364 mee
1974 4299 2133 4382 quartam
2145 4297 2280 4380 partem
2292 4297 2361 4362 tra-

505 4449 577 4518 didi
602 4451 639 4518 in
661 4469 704 4519 ea
727 4453 874 4530 ratione,
901 4457 938 4518 ut
960 4453 1003 4518 ab
1028 4449 1247 4519 aodiernum
1270 4447 1394 4532 dicad
1419 4451 1490 4526 tua,
1510 4467 1576 4534 que
1592 4467 1696 4533 supra
1718 4447 1818 4517 uxori
1843 4466 1929 4527 meo,
1955 4449 2025 4516 siut
2041 4449 2211 4533 potestate
2233 4445 2361 4515 facien-

506 4603 588 4670 dum
602 4603 730 4672 exinde
746 4605 843 4671 iuxta
865 4607 979 4690 legem
995 4604 1113 4671 omnia
1129 4601 1220 4688 quod
1236 4600 1440 4688 volueritis;
1458 4604 1492 4670 et
1507 4619 1618 4686 neque
1641 4619 1731 4669 ame
1745 4601 1903 4687 superius
1919 4597 2028 4670 dictus
2043 4603 2176 4671 cicerus
2198 4603 2272 4668 viro
2289 4603 2357 4672 tuo,

505 4773 615 4840 neque
631 4774 653 4822 a
668 4757 796 4823 nostris
812 4756 1004 4835 herodibus
1023 4773 1135 4842 neque
1152 4773 1174 4823 a
1189 4756 1305 4824 nullus
1327 4773 1521 4840 quenquam
1539 4755 1736 4823 hominibus
1759 4755 1893 4823 abeatis
1919 4753 2047 4824 exinde
2072 4753 2188 4838 aliqua
2213 4752 2357 4838 requisi·

506 4905 611 4984 tione,
641 4873 693 4974 set
716 4907 894 4992 perpetuis
919 4907 1129 4993 temporibus
1154 4907 1322 4977 securiter
1338 4925 1396 4975 eos
1419 4907 1565 4975 abeatis.
1592 4907 1680 4991 quod
1704 4924 1786 4975 vcro
1814 4907 1981 4992 scriptum
2003 4905 2233 4990 morgincaph
2256 4905 2292 4971 in
2316 4921 2357 4969 co

507 5055 629 5127 ordine
650 5058 789 5126 firmum
812 5059 1048 5148 permanead3
1073 5079 1177 5146 quam
1201 5065 1235 5130 te
1258 5063 1379 5146 potrus
1401 5062 1557 5129 notarium
1581 5061 1734 5128 scribere
1758 5059 1971 5144 rogavimus.
1991 5061 2103 5126 actum
2119 5051 2267 5126 salerno.

562 5182 672 5296 †ego
688 5211 833 5280 ioannes

563 5333 592 5445 †
607 5379 674 5447 ego
688 5362 839 5430 arechisi
854 5363 1010 5430 notarius
1025 5381 1080 5430 me
1096 5361 1283 5447 subscripsi

562 5484 591 5596 †
605 5529 672 5596 ego
687 5511 835 5580 radccisi

561 5635 673 5748 †cgo
688 5665 848 5732 arechisi.
