5252 7102
661 541 723 602 328
1332 531 1496 606 CODEX
1537 531 1771 606 otvnNsls

614 768 780 838 ildericus
804 770 846 840 de
868 774 969 857 quale
991 776 1091 844 rebus
1113 775 1148 841 et
1170 775 1345 843 clusamen
1367 791 1543 841 cumeum
1565 775 1735 862 causavit3
1763 776 1878 844 stubi
1902 776 2016 846 taliter
2038 795 2098 846 eos
2119 781 2364 861 monstraverit,
2383 783 2444 853 ideo

615 921 709 987 iusta
731 923 844 1006 legem
868 941 1010 1008 presens
1034 923 1114 993 inde
1137 925 1241 994 finem
1269 927 1436 1014 facerent3
1461 926 1553 995 unde
1575 925 1618 996 de
1641 926 1719 1014 ipsa
1739 927 1871 1013 guadia
1886 929 1960 1015 ipse
1975 929 2058 1042 licto
2080 932 2194 1017 posuit
2214 931 2320 1018 ipsius
2334 931 2445 1003 ilderici

613 1073 840 1142 mediatorem
864 1074 1017 1163 iohanne
1043 1078 1190 1162 cognato
1212 1077 1285 1146 eins
1308 1077 1402 1144 filius
1424 1076 1644 1164 madelgaizi,
1669 1079 1801 1164 etipse
1826 1079 1991 1149 ildericus
2013 1083 2129 1168 posuit
2154 1083 2227 1152 eius
2248 1082 2444 1156 mediatorem

616 1231 853 1301 machonolfns
874 1231 969 1299 filius
992 1231 1095 1316 petri.
1121 1231 1157 1299 et
1179 1231 1293 1300 taliter
1316 1230 1379 1298 tibi
1406 1230 1546 1316 guisoni
1568 1232 1705 1300 notario
1734 1234 1887 1303 scribere
1913 1235 2141 1322 precepimus,
2168 1237 2250 1322 quia
2271 1235 2444 1308 interfuisti.

675 1359 788 1471 †eg0
810 1387 869 1471 qui
892 1403 999 1472 supra
1020 1388 1084 1454 leo.

1316 1891 1751 1996 ¹(nocumentum.

1399 2145 1455 2222 A.
1491 2143 1542 2222 D.
1583 2141 1688 2222 992.

561 2531 563 2535 v
684 2403 719 2537 †
741 2451 933 2520 innomine
948 2450 1081 2519 domini
1098 2468 1190 2519 nono
1206 2468 1297 2519 anno
1314 2452 1532 2538 principatus
1547 2451 1665 2520 domni
1682 2453 1793 2520 nostri
1810 2451 1955 2520 iohanni
1970 2455 2006 2521 et
2019 2453 2123 2522 tertio
2139 2451 2169 2541 ¹)
2192 2469 2281 2520 anno
2302 2451 2448 2536 principa·

617 2603 673 2669 tus
695 2602 812 2698 domni
837 2603 1025 2688 guaimarii
1049 2603 1123 2672 eius
1146 2603 1219 2670 filio
1242 2603 1387 2689 gloriosi
1411 2603 1640 2689 principibus,
1669 2617 1788 2673 mense
1803 2605 1932 2690 aprelis
1948 2605 2069 2692 quinta
2085 2603 2288 2672 indictione.
2307 2621 2445 2670 momora-

624 2756 755 2822 torium
781 2757 874 2823 iactu
898 2773 919 2822 a
941 2756 1042 2824 nobis
1065 2758 1186 2842 petrus
1208 2757 1244 2825 et
1264 2756 1491 2842 truppoaldus
1514 2757 1674 2842 germani
1690 2756 1753 2824 filii
1769 2758 1969 2838 ermetanci,
1988 2774 2028 2825 eo
2042 2755 2130 2842 quod
2145 2759 2229 2825 ante
2243 2757 2356 2842 scripti
2369 2759 2448 2825 testes

620 2909 750 2997 guadio
773 2910 873 2976 nobis
895 2908 990 2980 dedit
1011 2908 1113 2978 disiio
1135 2909 1229 2976 filius
1251 2909 1397 2976 iohanni
1420 2911 1455 2976 et
1477 2908 1704 2978 mediatorem
1723 2909 1822 2977 nobis
1845 2909 1960 2995 posuit
1982 2908 2143 2977 mirando
2168 2910 2262 2978 iilius
2277 2909 2444 2997 ianuelhisi3

620 3065 655 3132 et
680 3081 743 3149 ρει
766 3062 844 3148 ipsa
867 3039 996 3148 guadio
1017 3063 1187 3149 obligabit
1202 3082 1238 3132 se
1253 3081 1383 3149 suoque
1398 3063 1490 3132 filins
1506 3065 1539 3130 et
1555 3063 1699 3132 heredes
1715 3065 1779 3131 tali
1796 3064 1930 3142 ordine,
1948 3065 1987 3130 nt
2002 3063 2126 3131 amodo
2142 3066 2178 3131 et
2195 3083 2299 3150 usque
2315 3064 2446 3149 quattuor

621 3215 706 3282 anni
730 3217 851 3283 tenere
873 3213 916 3282 ad
940 3214 1166 3282 laborandum
1183 3215 1286 3282 rebus
1302 3215 1421 3282 nostra
1437 3213 1526 3300 quod
1544 3214 1710 3282 habemus
1725 3233 1797 3282 nna
1812 3214 1911 3300 pecia
1925 3217 2048 3300 suptus
2062 3216 2209 3285 ecclesia
2231 3216 2340 3283 sancte
2359 3213 2449 3279 marie

619 3365 666 3433 da
688 3365 764 3432 bico
787 3365 815 3452 ²)
839 3382 903 3449 per
926 3366 989 3432 hec
1006 3363 1100 3432 finis:
1126 3363 1168 3433 de
1190 3380 1296 3449 super
1320 3363 1435 3449 capite
1457 3364 1527 3432 fine
1542 3364 1601 3432 via
1616 3365 1653 3432 in
1668 3382 1752 3450 pars
1768 3363 1953 3433 occidenti:
1971 3383 1993 3431 a
2014 3382 2098 3451 pars
2113 3365 2261 3434 meridie
2275 3363 2448 3432 finemmib

620 3534 687 3601 que
709 3515 828 3601 pergit
850 3533 937 3601 erga
952 3517 1114 3585 balneum
1136 3519 1171 3585 et
1194 3516 1425 3604 coniungendo
1448 3518 1484 3584 in
1507 3518 1611 3585 fluvio
1634 3497 1827 3603 pecentino:
1854 3520 1891 3586 iu
1915 3537 1998 3604 pars
2022 3519 2167 3588 orientis
2190 3520 2258 3586 fine
2280 3520 2348 3604 ipso
2368 3515 2449 3583 fluvio

622 3667 819 3752 pecentino:
838 3667 875 3732 in
889 3685 973 3752 pars
987 3667 1279 3752 septemtrionalis
1293 3669 1364 3736 fine
1379 3668 1492 3736 limite
1507 3672 1542 3736 et
1553 3637 1698 3757 termiti3
1713 3668 1784 3737 alia
1800 3670 1899 3756 pecta
1912 3669 1956 3739 de
1971 3671 2067 3739 terra
2082 3669 2139 3739 nbi
2154 3663 2321 3740 'arcatura
2334 3669 2447 3737 dicitur:

620 3817 656 3882 in
681 3835 762 3903 pars
780 3817 968 3886 occidentis
984 3817 1051 3885 fine
1066 3816 1143 3902 ipso
1166 3817 1270 3884 fluvio
1292 3815 1488 3903 pecentino:
1514 3818 1551 3885 in
1573 3836 1655 3903 pars
1678 3819 1832 3888 meridie
1847 3821 1916 3888 fine
1932 3821 2079 3908 ballone:
2098 3821 2136 3890 in
2152 3841 2236 3908 pars
2252 3821 2383 3890 orientis
2395 3817 2448 3886 tine

619 3968 734 4036 medio
758 3970 849 4055 poio:
876 3969 914 4036 in
936 3987 1020 4056 pars
1043 3971 1332 4057 septemtrionalis
1354 3969 1424 4039 fine
1446 3973 1566 4039 nostra
1588 3973 1624 4040 et
1647 3971 1689 4039 de
1705 3973 1921 4040 consortibus
1944 3975 2086 4062 nostris3
2112 3974 2186 4042 alia
2207 3974 2306 4061 pecie
2326 3973 2450 4041 deterre

622 4122 681 4192 ubi
705 4123 913 4190 canneczulo
928 4125 962 4192 et
976 4141 1064 4194 nuce
1078 4125 1244 4194 tenerella
1259 4121 1403 4204 dicitur,'
1418 4143 1480 4210 per
1496 4129 1560 4194 hec
1575 4127 1668 4194 finis:
1687 4126 1730 4197 de
1744 4126 1876 4196 duabus
1884 4128 2050 4213 partibus
2064 4129 2135 4196 fine
2150 4129 2229 4215 ipso
2244 4128 2339 4198 fluvio
2352 4143 2451 4212 pecen-

620 4275 707 4342 tino:
732 4275 770 4343 in
793 4293 875 4360 pars
899 4275 1044 4343 orientis
1067 4277 1137 4344 fine
1160 4279 1277 4345 nostra
1299 4275 1391 4345 etde
1413 4279 1629 4345 consortibus
1644 4279 1785 4348 nostris:
1803 4279 1840 4346 in
1855 4297 1940 4365 pars
1962 4281 2259 4366 septemtrionalis
2280 4281 2344 4349 fine
2363 4278 2449 4388 ribus:

618 4429 688 4494 alia
719 4427 819 4513 pecia
848 4426 892 4496 dc
922 4431 1020 4496 terra
1052 4429 1109 4496 ubi
1132 4428 1174 4496 ad
1200 4429 1375 4514 porticelli
1399 4429 1539 4510 dicitur,
1564 4449 1628 4516 per
1651 4434 1716 4501 hec
1738 4431 1831 4502 finis:
1857 4433 1895 4500 in
1918 4450 2003 4519 pars
2025 4433 2170 4501 orientis
2194 4433 2400 4502 coniunctum
2416 4424 2450 4494 ad

618 4584 721 4649 rebus
743 4583 865 4650 nostra
887 4585 922 4652 et
944 4581 987 4650 de
1009 4583 1225 4652 consortibus
1247 4585 1399 4665 nostris,
1425 4585 1484 4653 ubi
1507 4585 1550 4654 ad
1575 4585 1736 4656 istrioare
1763 4587 1902 4655 dicitnr:
1932 4588 1969 4654 in
1995 4571 2076 4674 pars
2098 4583 2379 4674 septemtrionalis
2397 4581 2449 4648 line

619 4733 727 4801 ribus:
755 4733 793 4800 in
816 4751 900 4820 pars
923 4733 1107 4805 occidentis
1129 4736 1199 4806 fine
1222 4737 1288 4804 via:
1306 4737 1343 4804 in
1366 4755 1450 4824 pars
1464 4737 1611 4806 meridie
1633 4738 1703 4808 fine
1724 4737 1837 4808 medio
1861 4740 2009 4826 ballone;
2025 4738 2097 4806 alia
2118 4740 2217 4824 pecia
2238 4739 2282 4807 de
2300 4739 2386 4806 terra
2404 4728 2448 4797 ubi

616 4883 660 4950 ad
684 4885 821 4954 clusura
843 4883 983 4966 dicitur,
1008 4905 1071 4974 per
1093 4890 1157 4957 hec
1182 4887 1274 4958 fluis:
1305 4890 1342 4959 in
1370 4907 1450 4976 pars
1476 4890 1768 4976 septemtrionalis
1794 4892 1864 4960 fine
1886 4890 2019 4961 limite:
2044 4890 2082 4960 in
2098 4909 2181 4977 pars
2198 4887 2376 4959 occidentis
2394 4881 2447 4949 fine

618 5033 694 5122 ipso
727 5035 830 5104 fluvio
854 5035 1049 5122 pecentino,
1081 5039 1119 5108 in
1140 5057 1224 5126 pars
1246 5039 1392 5111 meridie
1414 5041 1485 5110 fine
1508 5043 1657 5121 ballone,
1684 5041 1743 5129 qui
1765 5041 1977 5129 aliquantum
1999 5041 2166 5112 discernit
2188 5061 2212 5112 a
2234 5043 2333 5110 rebus
2352 5037 2448 5105 notin

618 5193 654 5259 et
675 5190 718 5261 de
739 5191 958 5260 consortibus
980 5193 1109 5265 nostris
1131 5212 1218 5282 erga
1240 5196 1317 5282 ipso
1339 5195 1443 5266 fluvio
1465 5197 1661 5283 pecentino:
1687 5198 1725 5264 in
1748 5215 1832 5284 pars
1852 5196 1996 5266 orientis
2012 5197 2083 5267 tino
2099 5197 2167 5279 via,
2185 5215 2252 5284 que
2266 5189 2447 5264 discernito

618 5343 722 5412 rebus
744 5349 864 5414 nostra
887 5348 923 5416 et
946 5343 989 5414 de
1012 5346 1230 5416 consortibus
1253 5347 1378 5416 nostri.
1405 5347 1497 5416 inira
1512 5349 1588 5434 ipse
1602 5349 1684 5418 finis
1700 5349 1916 5418 medietatem
1940 5346 2044 5418 liceat
2066 5350 2164 5418 illum
2186 5352 2221 5419 et
2243 5349 2315 5418 eius
2328 5335 2448 5414 heredis

611 5735 613 5740 ,
679 5678 703 5749 ⁴)
717 5677 805 5752 Lege:
823 5683 935 5756 quarto:

675 5804 699 5877 ²)
714 5805 744 5864 S.
761 5805 852 5860 llario
863 5805 900 5858 dc
914 5806 983 5874 bico,
996 5803 1084 5861 hodie
1099 5820 1116 5860 a
1133 5806 1191 5862 t'tco
1206 5803 1236 5860 in
1251 5803 1390 5862 comitatu
1405 5801 1557 5861 luinnensi
1572 5803 1601 5860 in
1616 5802 1782 5878 Principotu
1796 5801 1994 5862 Salerniuruo.
