5216 7092
967 593 1334 666 nlrlonllllobs

994 1135 1315 1213 CUCXLIII.

1016 1411 1070 1485 A.
1109 1410 1160 1486 D.
1199 1407 1302 1487 982.

280 1701 370 1838 †ln
393 1739 533 1817 nom'ine
555 1748 686 1817 domini
709 1749 822 1834 primo
841 1741 936 1816 anno
959 1751 1096 1816 salerno
1119 1750 1335 1836 principatus
1358 1750 1476 1816 domni
1499 1750 1658 1817 mansoni
1681 1751 1716 1817 et
1738 1749 1853 1815 domni
1879 1751 2023 1817 iohanni
2040 1751 2081 1816 fi-

219 1905 265 1973 lio
292 1904 365 1971 eius
390 1903 535 1987 gloriosi
557 1902 785 1988 principibus
811 1921 927 1971 mense
949 1902 1091 1982 iunius,
1117 1903 1251 1972 decima
1274 1903 1471 1971 indictione.
1498 1907 1574 1986 Ego
1598 1903 1722 1970 mulier
1747 1902 1887 1968 nomine
1910 1903 1982 1968 ima
2004 1903 2079 1968 filia

218 2056 393 2144 quondam
419 2055 596 2122 mauronti
619 2058 654 2122 et
674 2073 763 2122 uxor
786 2057 852 2122 fuit
877 2056 997 2140 petri,
1023 2055 1104 2121 dnm
1129 2057 1295 2123 imvalida
1321 2057 1524 2124 infirmitate
1547 2074 1602 2122 me
1625 2055 1740 2122 iacere
1763 2070 1945 2138 cognosco
1974 2053 2076 2132 unde,

217 2209 286 2278 nisi
311 2203 430 2275 divina
452 2206 693 2274 misericordia
715 2207 803 2273 mihi
831 2223 901 2272 non
925 2207 1129 2284 obbiarerit‚
1161 2207 1262 2272 citius
1287 2205 1330 2272 de
1354 2224 1394 2272 oc
1417 2208 1531 2272 seculo
1555 2205 1699 2273 dimissa
1721 2225 1797 2273 sum
1817 2227 1826 2292 3
1850 2209 1901 2272 set
1923 2205 2004 2272 data
2030 2210 2081 2274 est

218 2361 305 2428 mihi
327 2379 348 2427 a
369 2359 508 2426 domino
531 2359 755 2443 protectione,
781 2377 873 2426 vona
894 2361 931 2425 in
954 2379 1009 2427 me
1033 2377 1204 2444 cognosco
1227 2362 1332 2427 abere
1356 2360 1524 2427 memoria
1546 2363 1581 2426 et
1602 2361 1733 2426 rectum
1764 2361 1904 2443 loquere
1923 2376 2074 2443 possum,

221 2512 370 2596 iugitavi
383 2505 409 2598 ⁴)
431 2530 497 2596 que
519 2510 575 2577 dei
597 2515 677 2578 sunt
699 2510 829 2577 iudicia
850 2514 886 2577 et
911 2529 950 2576 oc
973 2515 1088 2579 seculo
1110 2512 1272 2579 instarile
1287 2513 1350 2589 est,
1369 2531 1412 2578 ne
1439 2510 1551 2576 suvito
1573 2528 1628 2576 me
1651 2510 1774 2576 mulier
1798 2511 1908 2575 morte
1930 2511 2075 2592 prohoe-

221 2668 325 2751 cupet
352 2667 387 2732 et
412 2667 516 2732 rebus
542 2669 576 2732 et
599 2683 701 2731 cansa
724 2683 803 2740 mea
838 2664 1063 2732 iniudicatam
1089 2668 1311 2752 relinquam;
1339 2669 1391 2734 set
1415 2665 1491 2732 ideo
1525 2657 1639 2730 iudico
1670 2667 1705 2730 et
1728 2663 1876 2748 dispono
1901 2665 2001 2746 atque
2031 2664 2079 2728 im

221 2833 325 2883 manu
352 2817 514 2882 commito
537 2815 627 2882 leoni
652 2817 835 2903 presbiteri
859 2819 973 2883 rector
997 2819 1141 2885 ecclesie
1163 2819 1325 2884 vocavolo
1348 2817 1458 2884 sancti
1481 2817 1601 2900 angeli
1625 2817 1661 2882 in
1693 2818 1845 2884 lenzaria
1872 2815 1909 2904 ²),
1944 2823 1979 2884 et
2010 2835 2083 2884 ma-

143 2997 145 3002 ·
222 2969 294 3035 ioni
329 2968 388 3052 qui
412 2966 538 3034 dicitur
564 2967 651 3034 musi
677 2966 719 3034 de
750 2968 840 3036 idem
866 2969 940 3060 loco
964 2969 1138 3046 lemane,
1165 2974 1202 3035 ut
1225 2988 1287 3054 per
1310 2971 1456 3037 istorum
1481 2969 1626 3036 nomina
1648 2987 1713 3054 pro
1744 2971 1831 3038 meis
1854 2971 2010 3055 partibus
2043 2977 2078 3039 et

226 3119 346 3188 salutis
369 3120 485 3188 anime
507 3139 582 3188 mee
598 3121 776 3188 nominate
799 3121 935 3189 mulieri
948 3123 1069 3188 offerta
1093 3123 1194 3189 abeat
1216 3122 1254 3188 in
1277 3121 1415 3206 prefata
1441 3123 1585 3190 ecclesia
1608 3121 1826 3190 medietatem
1843 3141 1912 3189 una
1928 3123 2021 3206 petia
2037 3121 2080 3191 de

222 3275 315 3341 terra
339 3291 416 3340 cum
442 3272 622 3340 arboribus
652 3275 724 3342 suis
746 3274 866 3340 vitatis
890 3275 926 3341 et
952 3273 1031 3340 aliis
1054 3273 1243 3340 fructiferis
1265 3275 1369 3340 rebus
1391 3292 1496 3352 mea,
1521 3291 1588 3358 que
1611 3275 1697 3340 abeo
1719 3274 1756 3340 in
1779 3275 1853 3358 ipsa
1875 3277 1970 3341 clusa
1992 3275 2080 3360 quod

218 3429 363 3511 aparte
385 3426 555 3494 occidenti
581 3445 648 3512 que
672 3427 753 3494 finis
776 3429 864 3494 abet:
890 3426 933 3492 de
956 3426 1088 3492 duobus
1116 3428 1272 3510 partibus
1295 3428 1365 3494 fine
1388 3425 1538 3496 eiusdem
1557 3427 1711 3504 ecclesie,
1730 3426 1822 3494 unde
1841 3425 1884 3494 de
1906 3447 1975 3495 una
1990 3446 2035 3495 ex
2050 3429 2081 3495 is

220 3575 316 3653 finis
340 3575 429 3660 quod
449 3577 500 3642 est
524 3593 545 3641 a
567 3576 725 3660 partibus
747 3577 1021 3660 septemtrionis,
1041 3576 1138 3666 ‚infra
1161 3578 1225 3642 hec
1249 3575 1350 3644 rebus
1367 3579 1402 3643 et
1415 3576 1483 3644 alia
1498 3579 1599 3643 rebus
1615 3577 1748 3661 prefate
1763 3577 1930 3663 ecclesie;
1956 3581 2008 3644 est
2024 3598 2075 3646 ve·

216 3745 262 3794 ro
278 3730 342 3796 via
363 3747 430 3813 que
453 3729 583 3812 mergit
599 3726 625 3815 ³)
649 3727 691 3794 ad
717 3727 795 3812 ipsa
824 3727 883 3794 via
904 3729 1053 3812 plubica,
1080 3747 1144 3812 que
1167 3728 1340 3813 mergitur
1356 3728 1400 3826 ad
1416 3729 1493 3812 ipso
1509 3730 1674 3796 castello:
1704 3748 1726 3795 a
1745 3735 1846 3815 parte
1870 3731 1995 3797 orienti
2010 3731 2079 3799 fine

218 3901 264 3950 cx
286 3884 365 3967 ipsa
389 3883 491 3949 rebus
513 3880 603 3965 quod
627 3884 679 3948 est
704 3881 838 3965 reliqua
859 3880 1048 3948 medietas:
1077 3900 1099 3947 a
1120 3881 1267 3948 meridie
1290 3883 1360 3948 tine
1385 3881 1428 3948 de
1443 3881 1527 3949 rede
1543 3883 1732 3966 guaimarii
1752 3884 1889 3950 comitis
1904 3887 1939 3951 et
1961 3885 2084 3968 perba-

222 4034 266 4103 de
288 4034 332 4101 ad
355 4035 424 4101 flne
449 4034 571 4118 priora
592 4034 704 4102 sancti
728 4033 858 4117 angeli.
884 4051 924 4101 ec
944 4051 1025 4100 vero
1048 4037 1155 4111 terra,
1182 4035 1331 4117 qualiter
1353 4035 1434 4101 finis
1458 4035 1690 4119 concingitur,
1708 4036 1816 4101 totam
1833 4037 1870 4102 in
1889 4035 2011 4103 eadem
2027 4054 2082 4104 ec·

226 4185 335 4253 clesia
356 4187 428 4254 seat
449 4185 569 4252 offerta
582 4207 592 4271 3
618 4187 734 4253 tamen
757 4202 824 4269 ego
848 4184 972 4251 mulier
994 4202 1058 4269 per
1081 4202 1251 4252 consensu
1273 4189 1309 4251 et
1333 4185 1535 4278 largitatem
1559 4184 1699 4270 eiusque
1725 4187 1801 4252 viro
1836 4205 1936 4266 mec,
1963 4188 2000 4254 in
2023 4207 2081 4256 cu-

222 4335 276 4404 ius
300 4338 479 4406 mundium
502 4339 616 4407 iacere
641 4357 697 4406 me
720 4356 904 4423 cognosco,
931 4339 1065 4406 interea
1086 4356 1164 4404 cum
1189 4339 1334 4406 inferius
1357 4341 1393 4406 et
1407 4341 1567 4424 superius
1583 4343 1616 4406 et
1633 4359 1709 4406 cum
1727 4341 1792 4408 viis
1814 4301 1849 4408 et
1871 4341 1988 4409 audite
2003 4361 2076 4423 sue,

221 4493 352 4556 etcum
375 4489 493 4556 omnia
516 4490 607 4558 intre
629 4510 665 4559 se
688 4489 872 4558 abentibus
892 4491 927 4557 et
950 4491 1214 4574 pertinentibus,
1247 4491 1452 4558 trasactibus
1475 4491 1613 4559 nomine
1640 4491 1795 4562 funditus
1820 4493 1858 4560 in
1881 4494 2000 4561 eadem
2024 4513 2080 4561 ec-

221 4643 331 4708 clesia
353 4642 422 4709 siat
444 4643 613 4720 offertum,
639 4643 714 4710 sine
736 4642 849 4710 omnis
872 4641 1155 4709 contrarietatem
1177 4641 1221 4707 de
1246 4643 1331 4709 meis
1354 4639 1513 4709 eredibus
1528 4644 1589 4708 aut
1605 4642 1848 4728 cuiuscumque
1864 4645 1987 4712 amois
2002 4664 2082 4729 par-

216 4794 325 4864 tibus.
353 4796 441 4864 unde
463 4797 581 4880 obligo
601 4814 695 4864 meos
716 4794 836 4862 eredes
859 4797 913 4862 vel
936 4796 1013 4879 quis
1036 4813 1057 4860 a
1081 4794 1167 4863 meis
1190 4794 1347 4878 partibus
1370 4812 1428 4862 eos
1460 4812 1638 4863 removere
1662 4797 1717 4862 vel
1740 4801 1924 4866 retornare
1947 4799 2083 4883 quesie-

217 4950 290 5021 rit,
318 4953 353 5016 et
373 4967 468 5017 meos
490 4949 611 5017 eredes
631 4968 689 5019 eos
712 4952 748 5016 in
764 4949 884 5017 eadem
909 4949 1052 5016 ecclesia
1074 4967 1144 5016 non
1173 4947 1413 5021 defensabant.
1440 4949 1584 5034 obligati
1609 4949 1678 5016 siat
1702 4950 1788 5018 mois
1811 4951 1969 5020 eredibus
1983 4976 2006 5030 ,·
2020 4957 2080 5018 aut

219 5099 298 5186 quis
324 5119 346 5166 a
366 5101 451 5168 meis
474 5118 532 5167 cos
554 5119 699 5184 querere
722 5098 960 5185 presumserit,
987 5117 1194 5184 componere
1218 5101 1255 5167 iu
1281 5100 1437 5185 predicta
1453 5101 1599 5169 ecclesia
1614 5100 1706 5168 etad
1730 5102 1804 5168 eius
1827 5102 2020 5169 rectoribus
2042 5106 2077 5169 et

217 5252 277 5318 cui
301 5271 360 5321 eos
381 5254 429 5320 im
445 5271 552 5320 manu
574 5253 744 5332 commisi,
763 5255 801 5321 ut
816 5255 976 5339 superius
991 5253 1257 5333 declaravimus,
1286 5255 1413 5339 viginti
1437 5253 1565 5322 solidos
1588 5254 1824 5330 costantinus,
1853 5257 1887 5321 et
1911 5272 1977 5339 que
1999 5271 2078 5339 pre-

218 5470 317 5477 ——-—-
333 5473 661 5480 --...-——-.-..-.---.--.-

276 5627 302 5698 ⁴)
326 5630 449 5699 lugduni,
473 5629 584 5686 scilicet
603 5633 727 5700 cogitari.

274 5753 300 5824 ²)
324 5757 464 5825 burana,
488 5756 575 5813 hodie
596 5756 735 5829 Lanzara,
757 5758 840 5815 vicus
861 5758 938 5832 apud
960 5758 1123 5817 Nuceriam.

270 5877 303 5948 ³)
326 5879 430 5951 deruit,
453 5897 505 5952 pro
525 5885 624 5952 pergil.
