5216 7092
956 551 1330 624 DlPLOMATlGUS
1964 567 2024 627 til

216 801 317 870 rebus
333 799 444 866 sancti
460 797 606 865 maximi
633 814 820 882 numquam
848 795 997 862 fecisset.
1015 811 1079 860 nos
1105 795 1264 879 superius
1287 796 1498 874 romoaldus,
1516 795 1598 863 dum
1621 797 1738 863 taliter
1764 797 1877 880 ipsum
1902 796 2075 881 iaqnintus

218 951 390 1018 dicentem
407 949 558 1017 vidimus
573 950 608 1017 et
623 949 845 1035 agnovimus,
864 947 939 1015 ideo
954 947 1046 1014 inter
1065 948 1115 1016 eis
1130 945 1359 1014 iudicavimus
1376 948 1411 1016 et
1433 965 1513 1032 pars
1536 947 1690 1033 partium
1712 947 1783 1016 illis
1807 947 1973 1033 guadiare
1996 948 2076 1018 feci-

215 1122 305 1184 mus,
324 1104 363 1170 ut
378 1103 453 1188 ipse
468 1100 644 1187 iaquintus
659 1101 848 1168 secundum
867 1101 981 1184 legem
1005 1099 1138 1166 iuraret
1162 1098 1205 1166 ad
1226 1117 1311 1184 pars
1337 1099 1446 1184 ipsius
1471 1099 1650 1179 hecclesie,
1676 1099 1765 1185 quod
1790 1101 1825 1167 in
1852 1102 1930 1186 ipsa
1954 1103 2074 1171 eadem

213 1255 315 1322 rebus
332 1253 443 1322 sancti
461 1253 608 1321 maximi
626 1255 717 1320 malo
733 1250 853 1320 ordine
869 1253 904 1318 et
918 1251 994 1318 sine
1010 1251 1146 1319 ratione
1161 1269 1231 1319 non
1247 1251 1437 1332 introisset,
1447 1271 1510 1320 nec
1525 1269 1585 1320 eas
1601 1253 1769 1320 salvasset
1780 1256 1840 1321 aut
1851 1254 2070 1333 exfossasset

216 1423 279 1474 nec
294 1405 354 1472 via
369 1422 514 1472 carrara
530 1402 657 1472 ibidem
673 1420 862 1487 numquam
880 1369 1032 1470 lecisset:
1052 1402 1143 1470 unde
1158 1403 1234 1488 ipse
1249 1404 1426 1488 iaquintus
1441 1404 1484 1472 de
1499 1423 1536 1472 se
1552 1403 1751 1488 plicandum
1767 1407 1801 1472 et
1817 1405 1942 1474 exinde
1957 1407 2073 1473 iurari·

213 1557 294 1626 dum
310 1558 352 1625 ad
380 1576 464 1642 pars
490 1557 600 1642 ipsius
626 1556 797 1624 hecclesie
823 1555 1009 1624 secundum
1041 1559 1156 1643 legem
1184 1556 1410 1625 mediatorem
1437 1557 1547 1626 eidem
1576 1557 1722 1624 iohanni
1748 1559 1931 1643 presbiteri
1957 1561 2074 1645 posuit

139 1694 141 1698 ’
212 1709 381 1776 iohannes
394 1708 488 1773 tilius
515 1705 740 1792 radelgrimi3
758 1708 793 1774 et
820 1706 894 1790 ipse
920 1707 1088 1776 iohannes
1115 1705 1287 1793 presbiter
1312 1708 1428 1792 posuit
1454 1709 1485 1776 ei
1513 1707 1738 1775 mediatorem
1768 1708 1949 1777 mirandus
1975 1711 2069 1778 filius

213 1855 413 1925 madelfrid.
431 1857 465 1925 et
479 1855 596 1923 taliter
613 1855 676 1922 tibi
693 1856 833 1940 guisorii
850 1857 987 1924 notario
1004 1857 1153 1926 scribere
1170 1858 1387 1944 precepimus
1402 1859 1460 1943 qui
1476 1859 1674 1928 interfuisti.

267 1981 298 2094 †
313 2025 381 2090 ego
396 2007 455 2092 qui
471 2023 577 2091 supra
592 2009 752 2075 romoalt.

955 2513 1306 2596 CCGXLVII.

967 2763 1023 2839 A.
1060 2763 1112 2840 D.
1149 2761 1253 2840 982.
1274 2773 1300 2860 ¹)

277 3016 313 3153 †
334 3072 374 3136 ln
396 3069 538 3136 nomine
552 3067 684 3136 domini
701 3069 755 3136 dei
774 3073 809 3136 et
825 3071 1009 3137 salvatoris
1026 3071 1136 3139 nostri
1155 3072 1254 3138 ihesu
1270 3071 1380 3139 cristi.
1400 3073 1500 3138 Anno
1526 3074 1571 3139 ab
1587 3072 1826 3142 incarnatione
1850 3073 2001 3142 eiusdem
2025 3094 2080 3143 re-
2129 3104 2136 3116 ·

214 3217 408 3302 demptoris
423 3218 533 3286 nostri
550 3217 825 3287 dcccclxxxii.
844 3221 1099 3304 imperantibus
1114 3221 1251 3288 domnis
1267 3221 1396 3289 nostris
1411 3222 1536 3288 vasilio
1552 3224 1586 3288 et
1599 3223 1818 3290 constantino
1834 3223 2002 3293 iratribus
2018 3245 2078 3310 po-

212 3371 296 3453 pulo
313 3387 459 3436 romano
474 3370 614 3456 magnis
630 3373 664 3438 et
677 3371 833 3456 pacificis
849 3371 1130 3456 imperatoribus
1145 3372 1245 3438 Auno
1261 3372 1376 3437 autem
1389 3371 1528 3456 imperii
1544 3389 1663 3439 eorum
1679 3377 1757 3458 post
1773 3373 1903 3441 obitum
1916 3375 2077 3445 iohannis

214 3521 376 3605 cymishy
392 3521 575 3590 undecimo
590 3523 717 3594 mensis
731 3523 922 3593 decembris
938 3523 1129 3591 indictione
1143 3524 1388 3591 terciadecima
1403 3524 1429 3612 ²)
1445 3524 1602 3592 rivoalto.
1620 3526 1706 3603 Quia
1721 3528 1759 3592 tu
1782 3527 1952 3594 iohannes
1975 3545 2073 3595 mau-

214 3673 337 3742 receni
353 3637 545 3742 monachus
560 3677 733 3760 religione
749 3677 845 3743 cristi
862 3678 1011 3747 traditus
1027 3680 1137 3745 locum
1155 3679 1217 3744 tibi
1232 3680 1350 3745 abtum
1368 3679 1403 3745 et
1418 3679 1541 3746 ceteris
1557 3677 1773 3746 secutoribus
1787 3679 1885 3745 cristi
1908 3678 1968 3745 diu
1991 3696 2071 3746 con·
2095 3683 2097 3691 ‘

214 3826 379 3896 siderans
394 3829 509 3913 petisti
526 3829 590 3896 tibi
605 3831 640 3896 et
655 3795 804 3914 posteris
820 3830 917 3897 cristi
934 3829 1162 3898 servitoribus
1178 3830 1333 3898 monacis
1349 3829 1440 3908 dari,
1458 3833 1530 3897 Hoc
1545 3832 1596 3898 est
1612 3832 1791 3898 ecclesiam
1815 3830 1907 3899 beati
1930 3833 2071 3918 georgii

215 3977 387 4055 martiris,
402 3996 468 4063 que
481 3996 619 4064 semper
636 3979 702 4045 suit
716 3980 847 4063 capelle
863 3979 953 4046 beati
972 3980 1083 4045 marci
1100 3979 1233 4057 titulus,
1253 3978 1307 4044 ius
1321 3978 1434 4045 silicet
1445 3979 1555 4045 nostri
1567 3979 1709 4066 palacii3
1723 3979 1870 4065 Ideoque
1885 4000 1948 4048 nos
1964 3983 2075 4048 tribu·

214 4146 282 4197 nus
296 4127 419 4196 divina
433 4130 552 4214 gratia
565 4128 638 4196 dux
655 4130 794 4200 veneoie
809 4131 922 4197 motus
938 4129 1005 4196 tuis
1023 4128 1182 4213 precibus
1198 4129 1419 4196 hortantibus
1433 4132 1468 4198 et
1483 4128 1781 4196 consencientibus
1797 4130 1896 4197 nobis
1913 4128 2071 4199 videlicet

214 4276 346 4347 domno
366 4281 471 4347 vitale
487 4283 631 4366 egregio
646 4282 864 4366 patriarcba,
882 4287 921 4349 ln
944 4282 1048 4349 simul
1071 4299 1148 4348 cum
1171 4279 1343 4365 episcopis
1366 4281 1494 4348 nostris
1517 4284 1552 4348 et
1575 4281 1688 4348 cuntis
1710 4281 1932 4366 magnatibus
1955 4301 2015 4350 seu
2039 4284 2073 4350 et

215 4543 650 4552 ——-—-———-—.-

275 4723 298 4795 ⁴)
323 4723 383 4781 Sub
396 4727 455 4782 hoc
468 4741 558 4796 anno,
574 4727 610 4783 ad
624 4743 711 4800 quern
726 4742 828 4800 reapse
842 4727 978 4799 pertinet,
995 4723 1180 4781 referendum
1196 4723 1332 4782 duximus
1347 4723 1468 4780 Tribuni
1482 4723 1563 4780 ducis
1576 4723 1751 4796 liiplomatis
1766 4724 1916 4797 exemplar
1929 4739 1981 4797 per
1995 4722 2074 4782 Sacri

211 4850 321 4908 Palatii
338 4851 490 4908 Notarium
504 4851 638 4909 ldireturu
653 4853 859 4927 transcriptum
874 4867 952 4908 anno
968 4851 1052 4906 litt.
1069 4849 1131 4905 lnd:
1148 4848 1229 4920 iiii..
1244 4857 1277 4906 ut
1289 4849 1352 4923 ipsa
1367 4851 1468 4907 charta
1482 4857 1612 4906 testatur.

274 4975 412 5042 Quonam
428 4987 526 5034 autem
539 4986 625 5050 pacto
639 4977 814 5051 lliplomatis
827 4977 916 5034 buius
931 4977 1133 5034 authenticum
1147 4975 1298 5048 exemplar
1317 4975 1348 5030 in
1370 4973 1495 5032 Cavensi
1517 4975 1672 5033 'tabulario
1693 4975 1872 5043 adservetur,
1887 4978 1917 5029 in
1939 4983 2075 5048 promptu

213 5111 273 5159 est.
290 5102 449 5159 Sciendum
470 5105 614 5177 prolecto,
629 5121 667 5160 ne
689 5121 747 5177 quo
768 5103 902 5176 originali
924 5103 1083 5176 diplomate
1103 5104 1222 5160 fortium
1244 5101 1405 5175 deperdito,
1422 5117 1482 5158 una
1502 5103 1590 5158 simul
1611 5101 1765 5175 privilegia
1783 5101 1831 5157 vel
1855 5099 2072 5168 concessiones,

213 5227 280 5283 suis
294 5227 389 5284 titulis
403 5227 552 5297 destituta,
570 5229 600 5284 in
614 5245 735 5302 pessum
747 5229 833 5300 irent,
850 5229 879 5285 id
894 5229 924 5284 in
938 5244 1020 5285 more
1034 5229 1173 5302 positum,
1188 5239 1221 5286 ut
1235 5229 1270 5285 de
1284 5245 1344 5285 uno
1360 5227 1522 5300 eodemque
1537 5227 1694 5301 diplomate
1718 5227 1807 5295 varia,
1821 5225 1942 5283 diversis
1963 5234 2074 5300 tempo·

212 5352 309 5424 ribus,
328 5363 516 5412 exararentur
530 5356 720 5429 exemplaria,
734 5355 895 5428 eademque
911 5355 973 5412 sive
987 5351 1056 5411 binc
1071 5354 1133 5411 sive
1152 5355 1234 5412 illinc
1248 5355 1278 5410 in
1293 5354 1451 5428 praeclaris
1463 5352 1609 5410 Archiviis
1623 5351 1761 5425 reposita,
1773 5367 1859 5408 curae
1874 5359 1903 5408 et
1917 5352 2073 5410 llonachc·

213 5493 284 5532 rum
299 5479 472 5551 praesertim
485 5479 658 5553 vigilantiae
674 5482 935 5538 committerentur.
952 5478 1091 5544 Quamvis
1105 5488 1204 5537 autem
1217 5481 1274 5536 hoc
1289 5479 1367 5536 idem
1378 5479 1513 5552 Diploma
1523 5477 1694 5552 iampridem
1705 5476 1782 5550 typis
1793 5476 1960 5550 vulgaverit
1969 5475 2073 5550 Ugbel·

214 5601 289 5670 line,
306 5601 448 5658 tamenin
462 5604 559 5660 lucem
574 5603 671 5660 denuo
686 5605 808 5679 prodere
822 5605 968 5678 persuasit
981 5605 1127 5678 quoddam
1141 5605 1297 5662 discrimen
1311 5605 1387 5661 inter
1401 5601 1562 5660 (lavensem
1578 5611 1607 5659 et
1627 5599 1833 5675 Ughellianam
1854 5600 2021 5656 versionem
2044 5609 2071 5655 et

213 5727 389 5785 earumdem
403 5729 644 5804 subscriptiones,
660 5740 694 5788 ut
707 5732 806 5789 videre
821 5733 908 5790 estin
923 5749 1013 5806 opere
1029 5733 1075 5789 cui
1090 5733 1201 5791 titulus:
1219 5735 1300 5788 ltalia
1315 5732 1402 5787 Socra
1418 5731 1472 5786 Vol.
1492 5731 1517 5785 V.

276 5851 299 5922 ²)
319 5850 418 5908 Potius
431 5856 590 5913 undecimo.

433 5964 493 6012 Tou.
508 5969 540 6014 ll.
