<?xml version="1.0" encoding="UTF-8"?>
<!DOCTYPE html PUBLIC "-//W3C//DTD XHTML 1.0 Transitional//EN"
    "http://www.w3.org/TR/xhtml1/DTD/xhtml1-transitional.dtd">
<html xmlns="http://www.w3.org/1999/xhtml" xml:lang="en" lang="en">
 <head>
  <title>
</title>
<meta http-equiv="Content-Type" content="text/html;charset=utf-8" />
  <meta name='ocr-system' content='tesseract 3.04.00' />
  <meta name='ocr-capabilities' content='ocr_page ocr_carea ocr_par ocr_line ocrx_word'/>
</head>
<body>
  <div class='ocr_page' id='page_1' title='image "./codexdiplomatic07aragoog_0172.png"; bbox 0 0 5286 7098; ppageno 0'>
   <div class='ocr_carea' id='block_1_1' title="bbox 1056 571 2119 656">
    <p class='ocr_par' dir='ltr' id='par_1_1' title="bbox 1056 571 2119 656">
     <span class='ocr_line' id='line_1_1' title="bbox 1056 571 2119 656; baseline 0.012 -13"><span class='ocrx_word' id='word_1_1' title='bbox 1056 571 1423 646; x_wconf 82' lang='lat' dir='ltr'>DlPLOblllTlGUS</span> <span class='ocrx_word' id='word_1_2' title='bbox 2058 593 2119 656; x_wconf 76' lang='lat' dir='ltr'>loe</span> 
     </span>
    </p>
   </div>
   <div class='ocr_carea' id='block_1_2' title="bbox 307 773 2166 3032">
    <p class='ocr_par' dir='ltr' id='par_1_2' title="bbox 307 773 2166 2274">
     <span class='ocr_line' id='line_1_2' title="bbox 311 773 2166 904; baseline 0.001 -17"><span class='ocrx_word' id='word_1_3' title='bbox 311 837 372 887; x_wconf 89' lang='lat' dir='ltr'>seu</span> <span class='ocrx_word' id='word_1_4' title='bbox 395 813 630 883; x_wconf 88' lang='lat' dir='ltr'>commutandi</span> <span class='ocrx_word' id='word_1_5' title='bbox 653 816 800 884; x_wconf 89' lang='lat' dir='ltr'>liveram</span> <span class='ocrx_word' id='word_1_6' title='bbox 824 817 981 885; x_wconf 88' lang='lat' dir='ltr'>haveatis</span> <span class='ocrx_word' id='word_1_7' title='bbox 1004 817 1222 901; x_wconf 88' lang='lat' dir='ltr'>potestatem,</span> <span class='ocrx_word' id='word_1_8' title='bbox 1247 818 1282 884; x_wconf 93' lang='lat' dir='ltr'>et</span> <span class='ocrx_word' id='word_1_9' title='bbox 1304 817 1373 882; x_wconf 87' lang='lat' dir='ltr'>iarn</span> <span class='ocrx_word' id='word_1_10' title='bbox 1396 816 1583 902; x_wconf 89' lang='lat' dir='ltr'>aliquando</span> <span class='ocrx_word' id='word_1_11' title='bbox 1606 817 1732 886; x_wconf 88' lang='lat' dir='ltr'>exinde</span> <span class='ocrx_word' id='word_1_12' title='bbox 1756 835 1865 902; x_wconf 90' lang='lat' dir='ltr'>neque</span> <span class='ocrx_word' id='word_1_13' title='bbox 1888 837 1910 886; x_wconf 90' lang='lat' dir='ltr'>a</span> <span class='ocrx_word' id='word_1_14' title='bbox 1933 819 2033 888; x_wconf 92' lang='lat' dir='ltr'>nobis</span> <span class='ocrx_word' id='word_1_15' title='bbox 2055 773 2166 904; x_wconf 78' lang='lat' dir='ltr'>neque</span> 
     </span>
     <span class='ocr_line' id='line_1_3' title="bbox 312 967 2166 1054; baseline 0.001 -18"><span class='ocrx_word' id='word_1_16' title='bbox 312 972 357 1036; x_wconf 89' lang='lat' dir='ltr'>ah</span> <span class='ocrx_word' id='word_1_17' title='bbox 378 967 562 1037; x_wconf 80' lang='lat' dir='ltr'>heredibus</span> <span class='ocrx_word' id='word_1_18' title='bbox 585 967 713 1037; x_wconf 89' lang='lat' dir='ltr'>nostris</span> <span class='ocrx_word' id='word_1_19' title='bbox 734 970 789 1036; x_wconf 90' lang='lat' dir='ltr'>vel</span> <span class='ocrx_word' id='word_1_20' title='bbox 813 987 835 1036; x_wconf 92' lang='lat' dir='ltr'>a</span> <span class='ocrx_word' id='word_1_21' title='bbox 858 969 955 1036; x_wconf 91' lang='lat' dir='ltr'>nobis</span> <span class='ocrx_word' id='word_1_22' title='bbox 978 969 1195 1036; x_wconf 83' lang='lat' dir='ltr'><strong>summissam</strong></span> <span class='ocrx_word' id='word_1_23' title='bbox 1221 986 1405 1052; x_wconf 79' lang='lat' dir='ltr'><strong>personam</strong></span> <span class='ocrx_word' id='word_1_24' title='bbox 1428 969 1560 1036; x_wconf 92' lang='lat' dir='ltr'>nullam</span> <span class='ocrx_word' id='word_1_25' title='bbox 1578 967 1843 1054; x_wconf 89' lang='lat' dir='ltr'>requesitionem</span> <span class='ocrx_word' id='word_1_26' title='bbox 1861 969 1989 1037; x_wconf 82' lang='lat' dir='ltr'>exinde</span> <span class='ocrx_word' id='word_1_27' title='bbox 2012 973 2166 1040; x_wconf 80' lang='lat' dir='ltr'>haveatis</span> 
     </span>
     <span class='ocr_line' id='line_1_4' title="bbox 313 1119 2163 1210; baseline -0.001 -19"><span class='ocrx_word' id='word_1_28' title='bbox 313 1140 385 1191; x_wconf 91' lang='lat' dir='ltr'>non</span> <span class='ocrx_word' id='word_1_29' title='bbox 406 1140 466 1190; x_wconf 89' lang='lat' dir='ltr'>vos</span> <span class='ocrx_word' id='word_1_30' title='bbox 489 1138 559 1189; x_wconf 91' lang='lat' dir='ltr'>non</span> <span class='ocrx_word' id='word_1_31' title='bbox 580 1123 685 1188; x_wconf 91' lang='lat' dir='ltr'>vestri</span> <span class='ocrx_word' id='word_1_32' title='bbox 708 1119 853 1189; x_wconf 89' lang='lat' dir='ltr'>heredes</span> <span class='ocrx_word' id='word_1_33' title='bbox 876 1139 939 1206; x_wconf 90' lang='lat' dir='ltr'>per</span> <span class='ocrx_word' id='word_1_34' title='bbox 963 1122 1095 1187; x_wconf 92' lang='lat' dir='ltr'>nullum</span> <span class='ocrx_word' id='word_1_35' title='bbox 1120 1119 1256 1186; x_wconf 89' lang='lat' dir='ltr'>modum</span> <span class='ocrx_word' id='word_1_36' title='bbox 1275 1120 1312 1185; x_wconf 95' lang='lat' dir='ltr'>in</span> <span class='ocrx_word' id='word_1_37' title='bbox 1328 1121 1545 1204; x_wconf 91' lang='lat' dir='ltr'>perpetuum.</span> <span class='ocrx_word' id='word_1_38' title='bbox 1564 1123 1599 1188; x_wconf 89' lang='lat' dir='ltr'>et</span> <span class='ocrx_word' id='word_1_39' title='bbox 1615 1121 1644 1188; x_wconf 91' lang='lat' dir='ltr'>si</span> <span class='ocrx_word' id='word_1_40' title='bbox 1661 1121 1812 1206; x_wconf 90' lang='lat' dir='ltr'>quolivet</span> <span class='ocrx_word' id='word_1_41' title='bbox 1828 1123 1987 1206; x_wconf 89' lang='lat' dir='ltr'>tempore</span> <span class='ocrx_word' id='word_1_42' title='bbox 2002 1141 2065 1206; x_wconf 92' lang='lat' dir='ltr'>per</span> <span class='ocrx_word' id='word_1_43' title='bbox 2081 1143 2163 1210; x_wconf 89' lang='lat' dir='ltr'>quo·</span> 
     </span>
     <span class='ocr_line' id='line_1_5' title="bbox 310 1234 2165 1358; baseline 0.003 -18"><span class='ocrx_word' id='word_1_44' title='bbox 310 1277 363 1344; x_wconf 89' lang='lat' dir='ltr'>vis</span> <span class='ocrx_word' id='word_1_45' title='bbox 385 1275 523 1342; x_wconf 87' lang='lat' dir='ltr'>modum</span> <span class='ocrx_word' id='word_1_46' title='bbox 547 1276 601 1340; x_wconf 87' lang='lat' dir='ltr'>vel</span> <span class='ocrx_word' id='word_1_47' title='bbox 625 1273 829 1357; x_wconf 90' lang='lat' dir='ltr'>ingenium,</span> <span class='ocrx_word' id='word_1_48' title='bbox 847 1234 928 1342; x_wconf 38' lang='lat' dir='ltr'>:sive</span> <span class='ocrx_word' id='word_1_49' title='bbox 950 1291 1014 1341; x_wconf 87' lang='lat' dir='ltr'>nos</span> <span class='ocrx_word' id='word_1_50' title='bbox 1037 1275 1098 1340; x_wconf 87' lang='lat' dir='ltr'>aut</span> <span class='ocrx_word' id='word_1_51' title='bbox 1120 1271 1264 1342; x_wconf 89' lang='lat' dir='ltr'>heredes</span> <span class='ocrx_word' id='word_1_52' title='bbox 1279 1273 1389 1339; x_wconf 89' lang='lat' dir='ltr'>nostri</span> <span class='ocrx_word' id='word_1_53' title='bbox 1405 1275 1466 1339; x_wconf 89' lang='lat' dir='ltr'>aut</span> <span class='ocrx_word' id='word_1_54' title='bbox 1489 1273 1747 1358; x_wconf 88' lang='lat' dir='ltr'>suprascriptus</span> <span class='ocrx_word' id='word_1_55' title='bbox 1769 1276 1832 1353; x_wconf 90' lang='lat' dir='ltr'>leo,</span> <span class='ocrx_word' id='word_1_56' title='bbox 1852 1291 1913 1342; x_wconf 90' lang='lat' dir='ltr'>vos</span> <span class='ocrx_word' id='word_1_57' title='bbox 1937 1279 1998 1344; x_wconf 89' lang='lat' dir='ltr'>aut</span> <span class='ocrx_word' id='word_1_58' title='bbox 2019 1277 2165 1346; x_wconf 89' lang='lat' dir='ltr'>heredes</span> 
     </span>
     <span class='ocr_line' id='line_1_6' title="bbox 311 1423 2166 1514; baseline 0.002 -22"><span class='ocrx_word' id='word_1_59' title='bbox 311 1428 442 1494; x_wconf 89' lang='lat' dir='ltr'>vestros</span> <span class='ocrx_word' id='word_1_60' title='bbox 466 1423 591 1493; x_wconf 83' lang='lat' dir='ltr'>exinde</span> <span class='ocrx_word' id='word_1_61' title='bbox 613 1443 756 1508; x_wconf 82' lang='lat' dir='ltr'>querere</span> <span class='ocrx_word' id='word_1_62' title='bbox 778 1425 1077 1510; x_wconf 87' lang='lat' dir='ltr'>presumserimus‚</span> <span class='ocrx_word' id='word_1_63' title='bbox 1104 1426 1165 1492; x_wconf 89' lang='lat' dir='ltr'>aut</span> <span class='ocrx_word' id='word_1_64' title='bbox 1186 1426 1288 1491; x_wconf 90' lang='lat' dir='ltr'>istum</span> <span class='ocrx_word' id='word_1_65' title='bbox 1305 1426 1479 1492; x_wconf 91' lang='lat' dir='ltr'>camnium</span> <span class='ocrx_word' id='word_1_66' title='bbox 1497 1443 1659 1514; x_wconf 84' lang='lat' dir='ltr'>rumpere</span> <span class='ocrx_word' id='word_1_67' title='bbox 1676 1426 1897 1505; x_wconf 90' lang='lat' dir='ltr'>voluerimus,</span> <span class='ocrx_word' id='word_1_68' title='bbox 1916 1428 2166 1513; x_wconf 85' lang='lat' dir='ltr'>quinquaginta</span> 
     </span>
     <span class='ocr_line' id='line_1_7' title="bbox 312 1537 2164 1665; baseline 0.002 -19"><span class='ocrx_word' id='word_1_69' title='bbox 312 1579 504 1663; x_wconf 86' lang='lat' dir='ltr'>hytianteos</span> <span class='ocrx_word' id='word_1_70' title='bbox 527 1579 624 1644; x_wconf 92' lang='lat' dir='ltr'>vobis</span> <span class='ocrx_word' id='word_1_71' title='bbox 646 1596 851 1665; x_wconf 89' lang='lat' dir='ltr'>componere</span> <span class='ocrx_word' id='word_1_72' title='bbox 874 1579 1120 1663; x_wconf 81' lang='lat' dir='ltr'>promittimus,</span> <span class='ocrx_word' id='word_1_73' title='bbox 1147 1582 1181 1646; x_wconf 89' lang='lat' dir='ltr'>et</span> <span class='ocrx_word' id='word_1_74' title='bbox 1203 1537 1242 1646; x_wconf 86' lang='lat' dir='ltr'>oc</span> <span class='ocrx_word' id='word_1_75' title='bbox 1264 1581 1423 1647; x_wconf 83' lang='lat' dir='ltr'>chartula</span> <span class='ocrx_word' id='word_1_76' title='bbox 1444 1581 1490 1646; x_wconf 90' lang='lat' dir='ltr'>sit</span> <span class='ocrx_word' id='word_1_77' title='bbox 1504 1581 1607 1646; x_wconf 88' lang='lat' dir='ltr'>firma</span> <span class='ocrx_word' id='word_1_78' title='bbox 1622 1581 1660 1646; x_wconf 94' lang='lat' dir='ltr'>in</span> <span class='ocrx_word' id='word_1_79' title='bbox 1676 1582 1893 1665; x_wconf 91' lang='lat' dir='ltr'>perpetuum,</span> <span class='ocrx_word' id='word_1_80' title='bbox 1912 1584 1947 1648; x_wconf 91' lang='lat' dir='ltr'>et</span> <span class='ocrx_word' id='word_1_81' title='bbox 1962 1583 2081 1649; x_wconf 86' lang='lat' dir='ltr'>taliter</span> <span class='ocrx_word' id='word_1_82' title='bbox 2103 1601 2164 1650; x_wconf 80' lang='lat' dir='ltr'>no</span> 
     </span>
     <span class='ocr_line' id='line_1_8' title="bbox 309 1703 2164 1830; baseline 0.002 -30"><span class='ocrx_word' id='word_1_83' title='bbox 309 1733 361 1800; x_wconf 90' lang='lat' dir='ltr'>bis</span> <span class='ocrx_word' id='word_1_84' title='bbox 382 1719 531 1797; x_wconf 82' lang='lat' dir='ltr'>firmasti</span> <span class='ocrx_word' id='word_1_85' title='bbox 555 1732 592 1798; x_wconf 92' lang='lat' dir='ltr'>tu</span> <span class='ocrx_word' id='word_1_86' title='bbox 615 1728 674 1816; x_wconf 84' lang='lat' dir='ltr'>qui</span> <span class='ocrx_word' id='word_1_87' title='bbox 697 1733 894 1816; x_wconf 82' lang='lat' dir='ltr'>conparasti</span> <span class='ocrx_word' id='word_1_88' title='bbox 918 1731 1030 1815; x_wconf 85' lang='lat' dir='ltr'>ipsam</span> <span class='ocrx_word' id='word_1_89' title='bbox 1047 1733 1240 1815; x_wconf 86' lang='lat' dir='ltr'>portionem</span> <span class='ocrx_word' id='word_1_90' title='bbox 1265 1732 1356 1798; x_wconf 86' lang='lat' dir='ltr'>leoni</span> <span class='ocrx_word' id='word_1_91' title='bbox 1381 1703 1565 1815; x_wconf 84' lang='lat' dir='ltr'>presbiteri</span> <span class='ocrx_word' id='word_1_92' title='bbox 1588 1733 1750 1830; x_wconf 83' lang='lat' dir='ltr'>germani</span> <span class='ocrx_word' id='word_1_93' title='bbox 1777 1735 1897 1814; x_wconf 91' lang='lat' dir='ltr'>nostri,</span> <span class='ocrx_word' id='word_1_94' title='bbox 1922 1737 1961 1802; x_wconf 90' lang='lat' dir='ltr'>ut</span> <span class='ocrx_word' id='word_1_95' title='bbox 1983 1736 2093 1820; x_wconf 89' lang='lat' dir='ltr'>ipsam</span> <span class='ocrx_word' id='word_1_96' title='bbox 2113 1735 2164 1803; x_wconf 94' lang='lat' dir='ltr'>di·</span> 
     </span>
     <span class='ocr_line' id='line_1_9' title="bbox 307 1883 2163 1975; baseline 0.004 -27"><span class='ocrx_word' id='word_1_97' title='bbox 307 1884 474 1952; x_wconf 83' lang='lat' dir='ltr'>visionem</span> <span class='ocrx_word' id='word_1_98' title='bbox 489 1883 579 1969; x_wconf 90' lang='lat' dir='ltr'>quod</span> <span class='ocrx_word' id='word_1_99' title='bbox 604 1885 685 1951; x_wconf 88' lang='lat' dir='ltr'>fecit</span> <span class='ocrx_word' id='word_1_100' title='bbox 700 1885 878 1951; x_wconf 90' lang='lat' dir='ltr'>nobiscum</span> <span class='ocrx_word' id='word_1_101' title='bbox 901 1883 1142 1968; x_wconf 88' lang='lat' dir='ltr'>suprascripta</span> <span class='ocrx_word' id='word_1_102' title='bbox 1164 1885 1280 1952; x_wconf 90' lang='lat' dir='ltr'>leontu</span> <span class='ocrx_word' id='word_1_103' title='bbox 1307 1903 1372 1968; x_wconf 91' lang='lat' dir='ltr'>pro</span> <span class='ocrx_word' id='word_1_104' title='bbox 1394 1888 1469 1953; x_wconf 90' lang='lat' dir='ltr'>vice</span> <span class='ocrx_word' id='word_1_105' title='bbox 1491 1886 1613 1952; x_wconf 89' lang='lat' dir='ltr'>suaet</span> <span class='ocrx_word' id='word_1_106' title='bbox 1635 1902 1699 1969; x_wconf 89' lang='lat' dir='ltr'>pro</span> <span class='ocrx_word' id='word_1_107' title='bbox 1722 1885 1806 1969; x_wconf 88' lang='lat' dir='ltr'>ipsis</span> <span class='ocrx_word' id='word_1_108' title='bbox 1829 1885 1912 1954; x_wconf 85' lang='lat' dir='ltr'>tiliis</span> <span class='ocrx_word' id='word_1_109' title='bbox 1934 1889 2163 1975; x_wconf 85' lang='lat' dir='ltr'>suprascripti</span> 
     </span>
     <span class='ocr_line' id='line_1_10' title="bbox 309 2021 2164 2122; baseline 0.002 -18"><span class='ocrx_word' id='word_1_110' title='bbox 309 2037 400 2105; x_wconf 90' lang='lat' dir='ltr'>leoni</span> <span class='ocrx_word' id='word_1_111' title='bbox 414 2035 600 2121; x_wconf 86' lang='lat' dir='ltr'>presbiteri</span> <span class='ocrx_word' id='word_1_112' title='bbox 616 2055 680 2122; x_wconf 90' lang='lat' dir='ltr'>per</span> <span class='ocrx_word' id='word_1_113' title='bbox 695 2039 887 2104; x_wconf 88' lang='lat' dir='ltr'>chartulam</span> <span class='ocrx_word' id='word_1_114' title='bbox 911 2037 1072 2105; x_wconf 90' lang='lat' dir='ltr'>merisem</span> <span class='ocrx_word' id='word_1_115' title='bbox 1088 2040 1224 2104; x_wconf 85' lang='lat' dir='ltr'>firmam</span> <span class='ocrx_word' id='word_1_116' title='bbox 1251 2041 1287 2106; x_wconf 88' lang='lat' dir='ltr'>at</span> <span class='ocrx_word' id='word_1_117' title='bbox 1310 2021 1429 2122; x_wconf 67' lang='lat' dir='ltr'>questa</span> <span class='ocrx_word' id='word_1_118' title='bbox 1451 2039 1560 2106; x_wconf 91' lang='lat' dir='ltr'>vicem</span> <span class='ocrx_word' id='word_1_119' title='bbox 1586 2055 1663 2105; x_wconf 90' lang='lat' dir='ltr'>earn</span> <span class='ocrx_word' id='word_1_120' title='bbox 1685 2041 1883 2118; x_wconf 87' lang='lat' dir='ltr'>haveamus,</span> <span class='ocrx_word' id='word_1_121' title='bbox 1909 2057 1978 2106; x_wconf 94' lang='lat' dir='ltr'>non</span> <span class='ocrx_word' id='word_1_122' title='bbox 2000 2042 2164 2108; x_wconf 84' lang='lat' dir='ltr'>lraveatis</span> 
     </span>
     <span class='ocr_line' id='line_1_11' title="bbox 307 2167 1908 2274; baseline 0.001 -20"><span class='ocrx_word' id='word_1_123' title='bbox 307 2187 482 2255; x_wconf 86' lang='lat' dir='ltr'>licentiam</span> <span class='ocrx_word' id='word_1_124' title='bbox 498 2188 608 2271; x_wconf 89' lang='lat' dir='ltr'>ipsam</span> <span class='ocrx_word' id='word_1_125' title='bbox 625 2186 829 2257; x_wconf 89' lang='lat' dir='ltr'>divisionem</span> <span class='ocrx_word' id='word_1_126' title='bbox 846 2208 1019 2274; x_wconf 87' lang='lat' dir='ltr'>rumpere,</span> <span class='ocrx_word' id='word_1_127' title='bbox 1039 2190 1119 2274; x_wconf 90' lang='lat' dir='ltr'>quia</span> <span class='ocrx_word' id='word_1_128' title='bbox 1137 2191 1186 2256; x_wconf 91' lang='lat' dir='ltr'>sio</span> <span class='ocrx_word' id='word_1_129' title='bbox 1217 2189 1316 2255; x_wconf 88' lang='lat' dir='ltr'>nobis</span> <span class='ocrx_word' id='word_1_130' title='bbox 1339 2167 1434 2255; x_wconf 87' lang='lat' dir='ltr'>stet&#39;t</span> <span class='ocrx_word' id='word_1_131' title='bbox 1454 2189 1534 2255; x_wconf 90' lang='lat' dir='ltr'>ante</span> <span class='ocrx_word' id='word_1_132' title='bbox 1558 2189 1737 2272; x_wconf 86' lang='lat' dir='ltr'>presentia</span> <span class='ocrx_word' id='word_1_133' title='bbox 1760 2190 1908 2256; x_wconf 90' lang='lat' dir='ltr'>testium.</span> 
     </span>
    </p>

    <p class='ocr_par' dir='ltr' id='par_1_3' title="bbox 367 2311 1216 2424">
     <span class='ocr_line' id='line_1_12' title="bbox 367 2311 1216 2424; baseline -0.001 -18"><span class='ocrx_word' id='word_1_134' title='bbox 367 2311 477 2424; x_wconf 84' lang='lat' dir='ltr'>†ego</span> <span class='ocrx_word' id='word_1_135' title='bbox 501 2339 739 2405; x_wconf 89' lang='lat' dir='ltr'>constantinus</span> <span class='ocrx_word' id='word_1_136' title='bbox 762 2339 804 2406; x_wconf 90' lang='lat' dir='ltr'>de</span> <span class='ocrx_word' id='word_1_137' title='bbox 827 2357 959 2418; x_wconf 88' lang='lat' dir='ltr'>maure,</span> <span class='ocrx_word' id='word_1_138' title='bbox 984 2339 1027 2406; x_wconf 92' lang='lat' dir='ltr'>de</span> <span class='ocrx_word' id='word_1_139' title='bbox 1050 2339 1216 2423; x_wconf 82' lang='lat' dir='ltr'>leupardo</span> 
     </span>
    </p>

    <p class='ocr_par' dir='ltr' id='par_1_4' title="bbox 364 2462 1835 2575">
     <span class='ocr_line' id='line_1_13' title="bbox 364 2462 1835 2575; baseline -0.001 -19"><span class='ocrx_word' id='word_1_140' title='bbox 364 2462 475 2575; x_wconf 88' lang='lat' dir='ltr'>†ego</span> <span class='ocrx_word' id='word_1_141' title='bbox 490 2493 611 2573; x_wconf 89' lang='lat' dir='ltr'>petrus</span> <span class='ocrx_word' id='word_1_142' title='bbox 633 2488 725 2556; x_wconf 87' lang='lat' dir='ltr'>filius</span> <span class='ocrx_word' id='word_1_143' title='bbox 748 2489 958 2557; x_wconf 91' lang='lat' dir='ltr'>constantini</span> <span class='ocrx_word' id='word_1_144' title='bbox 981 2489 1023 2558; x_wconf 87' lang='lat' dir='ltr'>de</span> <span class='ocrx_word' id='word_1_145' title='bbox 1044 2489 1160 2574; x_wconf 79' lang='lat' dir='ltr'>sergio</span> <span class='ocrx_word' id='word_1_146' title='bbox 1186 2489 1311 2554; x_wconf 89' lang='lat' dir='ltr'>comite</span> <span class='ocrx_word' id='word_1_147' title='bbox 1333 2487 1376 2554; x_wconf 89' lang='lat' dir='ltr'>de</span> <span class='ocrx_word' id='word_1_148' title='bbox 1397 2488 1524 2555; x_wconf 90' lang='lat' dir='ltr'>domno</span> <span class='ocrx_word' id='word_1_149' title='bbox 1547 2489 1619 2556; x_wconf 91' lang='lat' dir='ltr'>sico</span> <span class='ocrx_word' id='word_1_150' title='bbox 1640 2489 1737 2556; x_wconf 90' lang='lat' dir='ltr'>testis</span> <span class='ocrx_word' id='word_1_151' title='bbox 1760 2508 1835 2556; x_wconf 82' lang='lat' dir='ltr'>suni</span> 
     </span>
    </p>

    <p class='ocr_par' dir='ltr' id='par_1_5' title="bbox 364 2615 1528 2728">
     <span class='ocr_line' id='line_1_14' title="bbox 364 2615 1528 2728; baseline -0.001 -19"><span class='ocrx_word' id='word_1_152' title='bbox 364 2615 579 2728; x_wconf 86' lang='lat' dir='ltr'>†iohannes</span> <span class='ocrx_word' id='word_1_153' title='bbox 600 2642 692 2709; x_wconf 86' lang='lat' dir='ltr'>lilius</span> <span class='ocrx_word' id='word_1_154' title='bbox 715 2645 922 2728; x_wconf 82' lang='lat' dir='ltr'>pantaleone</span> <span class='ocrx_word' id='word_1_155' title='bbox 944 2643 988 2710; x_wconf 94' lang='lat' dir='ltr'>de</span> <span class='ocrx_word' id='word_1_156' title='bbox 1012 2644 1162 2711; x_wconf 84' lang='lat' dir='ltr'>iohanne</span> <span class='ocrx_word' id='word_1_157' title='bbox 1185 2645 1310 2710; x_wconf 90' lang='lat' dir='ltr'>comite</span> <span class='ocrx_word' id='word_1_158' title='bbox 1333 2644 1430 2710; x_wconf 90' lang='lat' dir='ltr'>testis</span> <span class='ocrx_word' id='word_1_159' title='bbox 1453 2663 1528 2710; x_wconf 89' lang='lat' dir='ltr'>sum</span> 
     </span>
    </p>

    <p class='ocr_par' dir='ltr' id='par_1_6' title="bbox 367 2770 1577 2882">
     <span class='ocr_line' id='line_1_15' title="bbox 367 2770 1577 2882; baseline -0.002 -19"><span class='ocrx_word' id='word_1_160' title='bbox 367 2770 478 2882; x_wconf 90' lang='lat' dir='ltr'>†ego</span> <span class='ocrx_word' id='word_1_161' title='bbox 502 2798 663 2880; x_wconf 89' lang='lat' dir='ltr'>pantaleo</span> <span class='ocrx_word' id='word_1_162' title='bbox 685 2796 779 2863; x_wconf 86' lang='lat' dir='ltr'>filius</span> <span class='ocrx_word' id='word_1_163' title='bbox 801 2796 913 2862; x_wconf 92' lang='lat' dir='ltr'>mauri</span> <span class='ocrx_word' id='word_1_164' title='bbox 936 2795 978 2864; x_wconf 89' lang='lat' dir='ltr'>de</span> <span class='ocrx_word' id='word_1_165' title='bbox 1002 2797 1209 2879; x_wconf 90' lang='lat' dir='ltr'>pantaleone</span> <span class='ocrx_word' id='word_1_166' title='bbox 1236 2796 1360 2862; x_wconf 85' lang='lat' dir='ltr'>comite</span> <span class='ocrx_word' id='word_1_167' title='bbox 1384 2795 1481 2863; x_wconf 85' lang='lat' dir='ltr'>testis</span> <span class='ocrx_word' id='word_1_168' title='bbox 1503 2814 1577 2861; x_wconf 87' lang='lat' dir='ltr'>sum</span> 
     </span>
    </p>

    <p class='ocr_par' dir='ltr' id='par_1_7' title="bbox 362 2919 1592 3032">
     <span class='ocr_line' id='line_1_16' title="bbox 362 2919 1592 3032; baseline -0.004 -18"><span class='ocrx_word' id='word_1_169' title='bbox 362 2919 474 3032; x_wconf 91' lang='lat' dir='ltr'>†eg0</span> <span class='ocrx_word' id='word_1_170' title='bbox 500 2947 639 3030; x_wconf 89' lang='lat' dir='ltr'>sergius</span> <span class='ocrx_word' id='word_1_171' title='bbox 653 2947 744 3013; x_wconf 88' lang='lat' dir='ltr'>lilius</span> <span class='ocrx_word' id='word_1_172' title='bbox 767 2947 988 3031; x_wconf 84' lang='lat' dir='ltr'>pantaleonis</span> <span class='ocrx_word' id='word_1_173' title='bbox 1013 2946 1056 3014; x_wconf 91' lang='lat' dir='ltr'>de</span> <span class='ocrx_word' id='word_1_174' title='bbox 1078 2947 1227 3014; x_wconf 90' lang='lat' dir='ltr'>iohanne</span> <span class='ocrx_word' id='word_1_175' title='bbox 1250 2949 1374 3014; x_wconf 86' lang='lat' dir='ltr'>comite</span> <span class='ocrx_word' id='word_1_176' title='bbox 1398 2947 1492 3014; x_wconf 90' lang='lat' dir='ltr'>testis</span> <span class='ocrx_word' id='word_1_177' title='bbox 1515 2962 1592 3011; x_wconf 78' lang='lat' dir='ltr'>suni</span> 
     </span>
    </p>
   </div>
   <div class='ocr_carea' id='block_1_3' title="bbox 366 3071 1500 3184">
    <p class='ocr_par' dir='ltr' id='par_1_8' title="bbox 366 3071 1500 3184">
     <span class='ocr_line' id='line_1_17' title="bbox 366 3071 1500 3184; baseline -0.003 -17"><span class='ocrx_word' id='word_1_178' title='bbox 366 3071 476 3184; x_wconf 86' lang='lat' dir='ltr'>†ego</span> <span class='ocrx_word' id='word_1_179' title='bbox 502 3116 602 3166; x_wconf 90' lang='lat' dir='ltr'>ursus</span> <span class='ocrx_word' id='word_1_180' title='bbox 623 3099 736 3166; x_wconf 86' lang='lat' dir='ltr'>scriva</span> <span class='ocrx_word' id='word_1_181' title='bbox 757 3117 823 3165; x_wconf 89' lang='lat' dir='ltr'>ano</span> <span class='ocrx_word' id='word_1_182' title='bbox 845 3101 1038 3166; x_wconf 85' lang='lat' dir='ltr'>chartulam</span> <span class='ocrx_word' id='word_1_183' title='bbox 1063 3117 1169 3166; x_wconf 89' lang='lat' dir='ltr'>manu</span> <span class='ocrx_word' id='word_1_184' title='bbox 1192 3100 1337 3183; x_wconf 87' lang='lat' dir='ltr'>propria</span> <span class='ocrx_word' id='word_1_185' title='bbox 1363 3099 1500 3184; x_wconf 87' lang='lat' dir='ltr'>scripsi.</span> 
     </span>
    </p>
   </div>
   <div class='ocr_carea' id='block_1_4' title="bbox 1092 3605 1366 3687">
    <p class='ocr_par' dir='ltr' id='par_1_9' title="bbox 1092 3605 1366 3687">
     <span class='ocr_line' id='line_1_18' title="bbox 1092 3605 1366 3687; baseline -0.015 0"><span class='ocrx_word' id='word_1_186' title='bbox 1092 3605 1366 3687; x_wconf 80' lang='lat' dir='ltr'>CCXCIII.</span> 
     </span>
    </p>
   </div>
   <div class='ocr_carea' id='block_1_5' title="bbox 1086 3855 1371 3934">
    <p class='ocr_par' dir='ltr' id='par_1_10' title="bbox 1086 3855 1371 3934">
     <span class='ocr_line' id='line_1_19' title="bbox 1086 3855 1371 3934; baseline -0.011 -1"><span class='ocrx_word' id='word_1_187' title='bbox 1086 3859 1141 3934; x_wconf 87' lang='lat' dir='ltr'>A.</span> <span class='ocrx_word' id='word_1_188' title='bbox 1177 3857 1228 3934; x_wconf 89' lang='lat' dir='ltr'>D.</span> <span class='ocrx_word' id='word_1_189' title='bbox 1268 3855 1371 3934; x_wconf 80' lang='lat'><strong>976.</strong></span> 
     </span>
    </p>
   </div>
   <div class='ocr_carea' id='block_1_6' title="bbox 353 4113 2161 4250">
    <p class='ocr_par' dir='ltr' id='par_1_11' title="bbox 353 4113 2161 4250">
     <span class='ocr_line' id='line_1_20' title="bbox 353 4113 2161 4250; baseline -0.001 -19"><span class='ocrx_word' id='word_1_190' title='bbox 353 4113 439 4250; x_wconf 75' lang='lat' dir='ltr'>†ln</span> <span class='ocrx_word' id='word_1_191' title='bbox 456 4163 597 4231; x_wconf 89' lang='lat' dir='ltr'>nomine</span> <span class='ocrx_word' id='word_1_192' title='bbox 610 4163 741 4232; x_wconf 91' lang='lat' dir='ltr'>domini</span> <span class='ocrx_word' id='word_1_193' title='bbox 759 4164 1028 4249; x_wconf 87' lang='lat' dir='ltr'>quadragesimo</span> <span class='ocrx_word' id='word_1_194' title='bbox 1047 4165 1168 4248; x_wconf 85' lang='lat' dir='ltr'>quarto</span> <span class='ocrx_word' id='word_1_195' title='bbox 1184 4150 1275 4230; x_wconf 83' lang='lat' dir='ltr'>anno</span> <span class='ocrx_word' id='word_1_196' title='bbox 1291 4163 1506 4248; x_wconf 86' lang='lat' dir='ltr'>principatus</span> <span class='ocrx_word' id='word_1_197' title='bbox 1516 4162 1635 4230; x_wconf 92' lang='lat' dir='ltr'>domni</span> <span class='ocrx_word' id='word_1_198' title='bbox 1647 4163 1757 4230; x_wconf 91' lang='lat' dir='ltr'>nostri</span> <span class='ocrx_word' id='word_1_199' title='bbox 1770 4163 1887 4247; x_wconf 86' lang='lat' dir='ltr'>gisolfi</span> <span class='ocrx_word' id='word_1_200' title='bbox 1900 4163 2054 4247; x_wconf 89' lang='lat' dir='ltr'>glorioso</span> <span class='ocrx_word' id='word_1_201' title='bbox 2065 4163 2161 4247; x_wconf 89' lang='lat' dir='ltr'>prin-</span> 
     </span>
    </p>
   </div>
   <div class='ocr_carea' id='block_1_7' title="bbox 301 4314 2184 5784">
    <p class='ocr_par' dir='ltr' id='par_1_12' title="bbox 301 4314 2184 5784">
     <span class='ocr_line' id='line_1_21' title="bbox 309 4314 2160 4404; baseline -0.001 -21"><span class='ocrx_word' id='word_1_202' title='bbox 309 4334 389 4402; x_wconf 88' lang='lat' dir='ltr'>ceps</span> <span class='ocrx_word' id='word_1_203' title='bbox 411 4321 446 4385; x_wconf 94' lang='lat' dir='ltr'>et</span> <span class='ocrx_word' id='word_1_204' title='bbox 467 4317 619 4385; x_wconf 91' lang='lat' dir='ltr'>secundo</span> <span class='ocrx_word' id='word_1_205' title='bbox 642 4337 734 4386; x_wconf 89' lang='lat' dir='ltr'>anno</span> <span class='ocrx_word' id='word_1_206' title='bbox 757 4318 975 4404; x_wconf 90' lang='lat' dir='ltr'>principatus</span> <span class='ocrx_word' id='word_1_207' title='bbox 998 4318 1121 4384; x_wconf 90' lang='lat' dir='ltr'>domne</span> <span class='ocrx_word' id='word_1_208' title='bbox 1146 4335 1285 4403; x_wconf 87' lang='lat' dir='ltr'>gemme</span> <span class='ocrx_word' id='word_1_209' title='bbox 1308 4317 1408 4384; x_wconf 89' lang='lat' dir='ltr'>uxori</span> <span class='ocrx_word' id='word_1_210' title='bbox 1430 4319 1505 4386; x_wconf 92' lang='lat' dir='ltr'>eius</span> <span class='ocrx_word' id='word_1_211' title='bbox 1527 4318 1562 4384; x_wconf 92' lang='lat' dir='ltr'>et</span> <span class='ocrx_word' id='word_1_212' title='bbox 1584 4317 1703 4383; x_wconf 91' lang='lat' dir='ltr'>domni</span> <span class='ocrx_word' id='word_1_213' title='bbox 1726 4314 1869 4401; x_wconf 88' lang='lat' dir='ltr'>paldolfi</span> <span class='ocrx_word' id='word_1_214' title='bbox 1885 4317 2003 4400; x_wconf 91' lang='lat' dir='ltr'>optato</span> <span class='ocrx_word' id='word_1_215' title='bbox 2019 4315 2090 4382; x_wconf 90' lang='lat' dir='ltr'>filio</span> <span class='ocrx_word' id='word_1_216' title='bbox 2106 4333 2160 4382; x_wconf 91' lang='lat' dir='ltr'>eo-</span> 
     </span>
     <span class='ocr_line' id='line_1_22' title="bbox 311 4466 2160 4556; baseline -0.001 -21"><span class='ocrx_word' id='word_1_217' title='bbox 311 4488 400 4549; x_wconf 90' lang='lat' dir='ltr'>rum,</span> <span class='ocrx_word' id='word_1_218' title='bbox 416 4489 533 4540; x_wconf 90' lang='lat' dir='ltr'>mense</span> <span class='ocrx_word' id='word_1_219' title='bbox 547 4471 685 4556; x_wconf 87' lang='lat' dir='ltr'>magius</span> <span class='ocrx_word' id='word_1_220' title='bbox 707 4474 831 4555; x_wconf 82' lang='lat' dir='ltr'>quarta</span> <span class='ocrx_word' id='word_1_221' title='bbox 854 4469 1053 4538; x_wconf 90' lang='lat' dir='ltr'>indictione.</span> <span class='ocrx_word' id='word_1_222' title='bbox 1071 4469 1355 4542; x_wconf 89' lang='lat' dir='ltr'>memoratorium</span> <span class='ocrx_word' id='word_1_223' title='bbox 1379 4470 1472 4536; x_wconf 81' lang='lat' dir='ltr'>iactu</span> <span class='ocrx_word' id='word_1_224' title='bbox 1496 4487 1519 4536; x_wconf 92' lang='lat' dir='ltr'>a</span> <span class='ocrx_word' id='word_1_225' title='bbox 1541 4487 1596 4535; x_wconf 93' lang='lat' dir='ltr'>me</span> <span class='ocrx_word' id='word_1_226' title='bbox 1619 4471 1673 4536; x_wconf 93' lang='lat' dir='ltr'>leo</span> <span class='ocrx_word' id='word_1_227' title='bbox 1696 4469 1864 4553; x_wconf 89' lang='lat' dir='ltr'>presbiter</span> <span class='ocrx_word' id='word_1_228' title='bbox 1880 4467 1971 4535; x_wconf 89' lang='lat' dir='ltr'>filius</span> <span class='ocrx_word' id='word_1_229' title='bbox 1988 4466 2160 4552; x_wconf 90' lang='lat' dir='ltr'>quondam</span> 
     </span>
     <span class='ocr_line' id='line_1_23' title="bbox 305 4617 2162 4709; baseline -0.003 -21"><span class='ocrx_word' id='word_1_230' title='bbox 305 4623 469 4691; x_wconf 89' lang='lat' dir='ltr'>iohannis</span> <span class='ocrx_word' id='word_1_231' title='bbox 491 4623 687 4709; x_wconf 89' lang='lat' dir='ltr'>presbiteri,</span> <span class='ocrx_word' id='word_1_232' title='bbox 706 4641 747 4690; x_wconf 93' lang='lat' dir='ltr'>eo</span> <span class='ocrx_word' id='word_1_233' title='bbox 763 4624 851 4709; x_wconf 90' lang='lat' dir='ltr'>quod</span> <span class='ocrx_word' id='word_1_234' title='bbox 869 4627 949 4693; x_wconf 90' lang='lat' dir='ltr'>ante</span> <span class='ocrx_word' id='word_1_235' title='bbox 964 4624 1152 4708; x_wconf 91' lang='lat' dir='ltr'>subscripti</span> <span class='ocrx_word' id='word_1_236' title='bbox 1167 4625 1270 4692; x_wconf 89' lang='lat' dir='ltr'>testes</span> <span class='ocrx_word' id='word_1_237' title='bbox 1286 4641 1347 4708; x_wconf 90' lang='lat' dir='ltr'>per</span> <span class='ocrx_word' id='word_1_238' title='bbox 1364 4639 1454 4688; x_wconf 87' lang='lat' dir='ltr'>vona</span> <span class='ocrx_word' id='word_1_239' title='bbox 1468 4619 1744 4690; x_wconf 84' lang='lat' dir='ltr'>comvenihentia</span> <span class='ocrx_word' id='word_1_240' title='bbox 1758 4617 1877 4687; x_wconf 87' lang='lat' dir='ltr'>wadia</span> <span class='ocrx_word' id='word_1_241' title='bbox 1892 4619 1979 4684; x_wconf 89' lang='lat' dir='ltr'>mihi</span> <span class='ocrx_word' id='word_1_242' title='bbox 1996 4617 2091 4684; x_wconf 90' lang='lat' dir='ltr'>dedit</span> <span class='ocrx_word' id='word_1_243' title='bbox 2114 4619 2162 4684; x_wconf 92' lang='lat' dir='ltr'>io-</span> 
     </span>
     <span class='ocr_line' id='line_1_24' title="bbox 303 4771 2160 4864; baseline -0.001 -21"><span class='ocrx_word' id='word_1_244' title='bbox 303 4780 437 4846; x_wconf 88' lang='lat' dir='ltr'>hannes</span> <span class='ocrx_word' id='word_1_245' title='bbox 452 4779 640 4846; x_wconf 78' lang='lat' dir='ltr'>barbariem</span> <span class='ocrx_word' id='word_1_246' title='bbox 657 4797 771 4848; x_wconf 89' lang='lat' dir='ltr'>meum</span> <span class='ocrx_word' id='word_1_247' title='bbox 789 4779 883 4847; x_wconf 87' lang='lat' dir='ltr'>filius</span> <span class='ocrx_word' id='word_1_248' title='bbox 900 4777 1149 4864; x_wconf 86' lang='lat' dir='ltr'>regemprandi</span> <span class='ocrx_word' id='word_1_249' title='bbox 1164 4780 1199 4848; x_wconf 94' lang='lat' dir='ltr'>et</span> <span class='ocrx_word' id='word_1_250' title='bbox 1215 4795 1252 4846; x_wconf 89' lang='lat' dir='ltr'>se</span> <span class='ocrx_word' id='word_1_251' title='bbox 1266 4779 1381 4863; x_wconf 91' lang='lat' dir='ltr'>ipsum</span> <span class='ocrx_word' id='word_1_252' title='bbox 1397 4777 1621 4846; x_wconf 86' lang='lat' dir='ltr'>mediatorem</span> <span class='ocrx_word' id='word_1_253' title='bbox 1645 4773 1733 4844; x_wconf 93' lang='lat' dir='ltr'>mihi</span> <span class='ocrx_word' id='word_1_254' title='bbox 1756 4773 1889 4860; x_wconf 84' lang='lat' dir='ltr'>posuis3</span> <span class='ocrx_word' id='word_1_255' title='bbox 1907 4775 1942 4842; x_wconf 92' lang='lat' dir='ltr'>et</span> <span class='ocrx_word' id='word_1_256' title='bbox 1956 4791 2018 4859; x_wconf 92' lang='lat' dir='ltr'>per</span> <span class='ocrx_word' id='word_1_257' title='bbox 2040 4771 2160 4843; x_wconf 87' lang='lat' dir='ltr'>eadem</span> 
     </span>
     <span class='ocr_line' id='line_1_25' title="bbox 305 4926 2161 5016; baseline -0.002 -20"><span class='ocrx_word' id='word_1_258' title='bbox 305 4928 421 4998; x_wconf 85' lang='lat' dir='ltr'>wadia</span> <span class='ocrx_word' id='word_1_259' title='bbox 444 4931 612 5016; x_wconf 88' lang='lat' dir='ltr'>obligabit</span> <span class='ocrx_word' id='word_1_260' title='bbox 624 4949 662 5000; x_wconf 90' lang='lat' dir='ltr'>se</span> <span class='ocrx_word' id='word_1_261' title='bbox 677 4943 711 4999; x_wconf 87' lang='lat' dir='ltr'>et</span> <span class='ocrx_word' id='word_1_262' title='bbox 727 4931 799 5000; x_wconf 89' lang='lat' dir='ltr'>suis</span> <span class='ocrx_word' id='word_1_263' title='bbox 814 4931 1000 5001; x_wconf 90' lang='lat' dir='ltr'>heredibus</span> <span class='ocrx_word' id='word_1_264' title='bbox 1016 4932 1079 5000; x_wconf 87' lang='lat' dir='ltr'>tali</span> <span class='ocrx_word' id='word_1_265' title='bbox 1095 4931 1228 5011; x_wconf 90' lang='lat' dir='ltr'>ordine,</span> <span class='ocrx_word' id='word_1_266' title='bbox 1246 4933 1284 4997; x_wconf 92' lang='lat' dir='ltr'>ut</span> <span class='ocrx_word' id='word_1_267' title='bbox 1301 4929 1424 4996; x_wconf 91' lang='lat' dir='ltr'>amodo</span> <span class='ocrx_word' id='word_1_268' title='bbox 1447 4932 1482 4997; x_wconf 92' lang='lat' dir='ltr'>et</span> <span class='ocrx_word' id='word_1_269' title='bbox 1497 4929 1611 4997; x_wconf 91' lang='lat' dir='ltr'>cuntis</span> <span class='ocrx_word' id='word_1_270' title='bbox 1625 4927 1746 4997; x_wconf 89' lang='lat' dir='ltr'>diebus</span> <span class='ocrx_word' id='word_1_271' title='bbox 1772 4927 1842 4995; x_wconf 87' lang='lat' dir='ltr'>vite</span> <span class='ocrx_word' id='word_1_272' title='bbox 1866 4945 1941 4994; x_wconf 89' lang='lat' dir='ltr'>mee</span> <span class='ocrx_word' id='word_1_273' title='bbox 1964 4926 2161 4995; x_wconf 84' lang='lat' dir='ltr'>annualiter</span> 
     </span>
     <span class='ocr_line' id='line_1_26' title="bbox 305 5076 2161 5168; baseline -0.003 -21"><span class='ocrx_word' id='word_1_274' title='bbox 305 5081 378 5150; x_wconf 89' lang='lat' dir='ltr'>suis</span> <span class='ocrx_word' id='word_1_275' title='bbox 392 5083 604 5168; x_wconf 90' lang='lat' dir='ltr'>temporibus</span> <span class='ocrx_word' id='word_1_276' title='bbox 620 5085 774 5153; x_wconf 88' lang='lat' dir='ltr'>laborare</span> <span class='ocrx_word' id='word_1_277' title='bbox 788 5088 887 5152; x_wconf 87' lang='lat' dir='ltr'>terra</span> <span class='ocrx_word' id='word_1_278' title='bbox 902 5103 978 5152; x_wconf 91' lang='lat' dir='ltr'>cum</span> <span class='ocrx_word' id='word_1_279' title='bbox 997 5086 1139 5152; x_wconf 89' lang='lat' dir='ltr'>arbustu</span> <span class='ocrx_word' id='word_1_280' title='bbox 1154 5083 1264 5152; x_wconf 89' lang='lat' dir='ltr'>vitatu</span> <span class='ocrx_word' id='word_1_281' title='bbox 1279 5081 1321 5149; x_wconf 91' lang='lat' dir='ltr'>de</span> <span class='ocrx_word' id='word_1_282' title='bbox 1337 5083 1452 5150; x_wconf 91' lang='lat' dir='ltr'>locum</span> <span class='ocrx_word' id='word_1_283' title='bbox 1470 5100 1556 5168; x_wconf 90' lang='lat' dir='ltr'>apus</span> <span class='ocrx_word' id='word_1_284' title='bbox 1572 5084 1700 5161; x_wconf 91' lang='lat' dir='ltr'>monte,</span> <span class='ocrx_word' id='word_1_285' title='bbox 1726 5080 1785 5148; x_wconf 93' lang='lat' dir='ltr'>ubi</span> <span class='ocrx_word' id='word_1_286' title='bbox 1809 5077 1963 5146; x_wconf 90' lang='lat' dir='ltr'>ubiliano</span> <span class='ocrx_word' id='word_1_287' title='bbox 1978 5076 2105 5144; x_wconf 92' lang='lat' dir='ltr'>dicitur</span> <span class='ocrx_word' id='word_1_288' title='bbox 2122 5077 2161 5142; x_wconf 88' lang='lat' dir='ltr'>fi-</span> 
     </span>
     <span class='ocr_line' id='line_1_27' title="bbox 304 5228 2159 5324; baseline -0.002 -25"><span class='ocrx_word' id='word_1_289' title='bbox 304 5233 405 5302; x_wconf 91' lang='lat' dir='ltr'>nibus</span> <span class='ocrx_word' id='word_1_290' title='bbox 421 5234 598 5303; x_wconf 89' lang='lat' dir='ltr'>sarnensis</span> <span class='ocrx_word' id='word_1_291' title='bbox 620 5235 709 5320; x_wconf 90' lang='lat' dir='ltr'>quod</span> <span class='ocrx_word' id='word_1_292' title='bbox 733 5254 826 5302; x_wconf 90' lang='lat' dir='ltr'>nunc</span> <span class='ocrx_word' id='word_1_293' title='bbox 849 5237 994 5304; x_wconf 91' lang='lat' dir='ltr'>domnus</span> <span class='ocrx_word' id='word_1_294' title='bbox 1010 5235 1208 5304; x_wconf 90' lang='lat' dir='ltr'>nicodemus</span> <span class='ocrx_word' id='word_1_295' title='bbox 1224 5236 1432 5305; x_wconf 89' lang='lat' dir='ltr'>venerabilis</span> <span class='ocrx_word' id='word_1_296' title='bbox 1455 5236 1560 5302; x_wconf 90' lang='lat' dir='ltr'>abbas</span> <span class='ocrx_word' id='word_1_297' title='bbox 1584 5233 1787 5302; x_wconf 88' lang='lat' dir='ltr'>monasterii</span> <span class='ocrx_word' id='word_1_298' title='bbox 1803 5231 1916 5298; x_wconf 87' lang='lat' dir='ltr'>sancti</span> <span class='ocrx_word' id='word_1_299' title='bbox 1939 5228 2102 5324; x_wconf 79' lang='lat' dir='ltr'>laurentii</span> <span class='ocrx_word' id='word_1_300' title='bbox 2125 5231 2159 5298; x_wconf 91' lang='lat' dir='ltr'>et</span> 
     </span>
     <span class='ocr_line' id='line_1_28' title="bbox 301 5381 2159 5477; baseline -0.005 -19"><span class='ocrx_word' id='word_1_301' title='bbox 301 5404 368 5472; x_wconf 87' lang='lat' dir='ltr'>ego</span> <span class='ocrx_word' id='word_1_302' title='bbox 384 5387 484 5454; x_wconf 91' lang='lat' dir='ltr'>modo</span> <span class='ocrx_word' id='word_1_303' title='bbox 500 5389 531 5454; x_wconf 90' lang='lat' dir='ltr'>ei</span> <span class='ocrx_word' id='word_1_304' title='bbox 544 5406 607 5473; x_wconf 87' lang='lat' dir='ltr'>per</span> <span class='ocrx_word' id='word_1_305' title='bbox 619 5391 901 5458; x_wconf 86' lang='lat' dir='ltr'>cumvenihentia</span> <span class='ocrx_word' id='word_1_306' title='bbox 916 5392 1187 5470; x_wconf 88' lang='lat' dir='ltr'>sublaxabimus,</span> <span class='ocrx_word' id='word_1_307' title='bbox 1202 5390 1249 5458; x_wconf 91' lang='lat' dir='ltr'>da</span> <span class='ocrx_word' id='word_1_308' title='bbox 1260 5391 1391 5458; x_wconf 88' lang='lat' dir='ltr'>termiti</span> <span class='ocrx_word' id='word_1_309' title='bbox 1408 5390 1466 5477; x_wconf 91' lang='lat' dir='ltr'>qui</span> <span class='ocrx_word' id='word_1_310' title='bbox 1481 5389 1529 5455; x_wconf 89' lang='lat' dir='ltr'>ibi</span> <span class='ocrx_word' id='word_1_311' title='bbox 1541 5390 1682 5456; x_wconf 87' lang='lat' dir='ltr'>fiximus</span> <span class='ocrx_word' id='word_1_312' title='bbox 1694 5387 1731 5454; x_wconf 92' lang='lat' dir='ltr'>in</span> <span class='ocrx_word' id='word_1_313' title='bbox 1743 5387 1871 5464; x_wconf 90' lang='lat' dir='ltr'>subtus,</span> <span class='ocrx_word' id='word_1_314' title='bbox 1886 5383 1974 5452; x_wconf 89' lang='lat' dir='ltr'>sient</span> <span class='ocrx_word' id='word_1_315' title='bbox 1985 5381 2059 5451; x_wconf 89' lang='lat' dir='ltr'>eius</span> <span class='ocrx_word' id='word_1_316' title='bbox 2074 5383 2159 5450; x_wconf 90' lang='lat' dir='ltr'>scri-</span> 
     </span>
     <span class='ocr_line' id='line_1_29' title="bbox 302 5507 2159 5631; baseline -0.004 -21"><span class='ocrx_word' id='word_1_317' title='bbox 302 5543 376 5627; x_wconf 90' lang='lat' dir='ltr'>ptio</span> <span class='ocrx_word' id='word_1_318' title='bbox 391 5507 554 5611; x_wconf 87' lang='lat' dir='ltr'>continet.</span> <span class='ocrx_word' id='word_1_319' title='bbox 570 5543 648 5612; x_wconf 89' lang='lat' dir='ltr'>ldeo</span> <span class='ocrx_word' id='word_1_320' title='bbox 659 5543 703 5613; x_wconf 93' lang='lat' dir='ltr'>de</span> <span class='ocrx_word' id='word_1_321' title='bbox 718 5563 823 5631; x_wconf 91' lang='lat' dir='ltr'>super</span> <span class='ocrx_word' id='word_1_322' title='bbox 835 5547 870 5614; x_wconf 90' lang='lat' dir='ltr'>et</span> <span class='ocrx_word' id='word_1_323' title='bbox 881 5545 924 5614; x_wconf 90' lang='lat' dir='ltr'>de</span> <span class='ocrx_word' id='word_1_324' title='bbox 936 5548 1053 5614; x_wconf 88' lang='lat' dir='ltr'>subtus</span> <span class='ocrx_word' id='word_1_325' title='bbox 1069 5545 1144 5631; x_wconf 90' lang='lat' dir='ltr'>ipso</span> <span class='ocrx_word' id='word_1_326' title='bbox 1160 5547 1303 5613; x_wconf 87' lang='lat' dir='ltr'>arbustu</span> <span class='ocrx_word' id='word_1_327' title='bbox 1316 5546 1477 5613; x_wconf 90' lang='lat' dir='ltr'>laborare</span> <span class='ocrx_word' id='word_1_328' title='bbox 1489 5545 1524 5611; x_wconf 90' lang='lat' dir='ltr'>et</span> <span class='ocrx_word' id='word_1_329' title='bbox 1533 5543 1663 5608; x_wconf 83' lang='lat' dir='ltr'>cultare</span> <span class='ocrx_word' id='word_1_330' title='bbox 1678 5541 1765 5608; x_wconf 89' lang='lat' dir='ltr'>sicut</span> <span class='ocrx_word' id='word_1_331' title='bbox 1780 5537 1960 5616; x_wconf 90' lang='lat' dir='ltr'>meruerit,</span> <span class='ocrx_word' id='word_1_332' title='bbox 1976 5540 2011 5606; x_wconf 91' lang='lat' dir='ltr'>et</span> <span class='ocrx_word' id='word_1_333' title='bbox 2021 5553 2159 5604; x_wconf 90' lang='lat' dir='ltr'>omnem</span> 
     </span>
     <span class='ocr_line' id='line_1_30' title="bbox 301 5682 2184 5784; baseline -0.002 -23"><span class='ocrx_word' id='word_1_334' title='bbox 301 5713 431 5762; x_wconf 77' lang='lat' dir='ltr'>alinum</span> <span class='ocrx_word' id='word_1_335' title='bbox 451 5697 558 5764; x_wconf 78' lang='lat' dir='ltr'>iacias</span> <span class='ocrx_word' id='word_1_336' title='bbox 580 5715 636 5763; x_wconf 92' lang='lat' dir='ltr'>me</span> <span class='ocrx_word' id='word_1_337' title='bbox 659 5696 741 5764; x_wconf 93' lang='lat' dir='ltr'>inde</span> <span class='ocrx_word' id='word_1_338' title='bbox 764 5697 864 5774; x_wconf 91' lang='lat' dir='ltr'>scire,</span> <span class='ocrx_word' id='word_1_339' title='bbox 882 5700 917 5764; x_wconf 90' lang='lat' dir='ltr'>et</span> <span class='ocrx_word' id='word_1_340' title='bbox 933 5697 1004 5765; x_wconf 90' lang='lat' dir='ltr'>suis</span> <span class='ocrx_word' id='word_1_341' title='bbox 1021 5700 1231 5784; x_wconf 84' lang='lat' dir='ltr'>temporibus</span> <span class='ocrx_word' id='word_1_342' title='bbox 1255 5715 1314 5765; x_wconf 92' lang='lat' dir='ltr'>eos</span> <span class='ocrx_word' id='word_1_343' title='bbox 1336 5696 1560 5774; x_wconf 87' lang='lat' dir='ltr'>vindemiare,</span> <span class='ocrx_word' id='word_1_344' title='bbox 1577 5697 1613 5761; x_wconf 90' lang='lat' dir='ltr'>et</span> <span class='ocrx_word' id='word_1_345' title='bbox 1628 5695 1702 5779; x_wconf 89' lang='lat' dir='ltr'>ipso</span> <span class='ocrx_word' id='word_1_346' title='bbox 1724 5693 1844 5768; x_wconf 86' lang='lat' dir='ltr'>vinum</span> <span class='ocrx_word' id='word_1_347' title='bbox 1868 5689 1994 5760; x_wconf 88' lang='lat' dir='ltr'>ibidem</span> <span class='ocrx_word' id='word_1_348' title='bbox 2017 5687 2062 5758; x_wconf 86' lang='lat' dir='ltr'>ad</span> <span class='ocrx_word' id='word_1_349' title='bbox 2088 5682 2184 5775; x_wconf 86' lang='lat' dir='ltr'>pal-&#39;</span> 
     </span>
    </p>
   </div>
   <div class='ocr_carea' id='block_1_8' title="bbox 298 5843 2155 5934">
    <p class='ocr_par' dir='ltr' id='par_1_13' title="bbox 298 5843 2155 5934">
     <span class='ocr_line' id='line_1_31' title="bbox 298 5843 2155 5934; baseline -0.002 -22"><span class='ocrx_word' id='word_1_350' title='bbox 298 5849 453 5915; x_wconf 87' lang='lat' dir='ltr'>mentum</span> <span class='ocrx_word' id='word_1_351' title='bbox 469 5851 504 5916; x_wconf 89' lang='lat' dir='ltr'>et</span> <span class='ocrx_word' id='word_1_352' title='bbox 520 5849 597 5917; x_wconf 92' lang='lat' dir='ltr'>nuci</span> <span class='ocrx_word' id='word_1_353' title='bbox 614 5853 648 5918; x_wconf 91' lang='lat' dir='ltr'>ct</span> <span class='ocrx_word' id='word_1_354' title='bbox 664 5853 821 5920; x_wconf 89' lang='lat' dir='ltr'>abellane</span> <span class='ocrx_word' id='word_1_355' title='bbox 838 5853 964 5920; x_wconf 88' lang='lat' dir='ltr'>exinde</span> <span class='ocrx_word' id='word_1_356' title='bbox 980 5871 1116 5920; x_wconf 90' lang='lat' dir='ltr'>ornnem</span> <span class='ocrx_word' id='word_1_357' title='bbox 1141 5871 1268 5920; x_wconf 87' lang='lat' dir='ltr'>annum</span> <span class='ocrx_word' id='word_1_358' title='bbox 1293 5850 1378 5919; x_wconf 89' lang='lat' dir='ltr'>dare</span> <span class='ocrx_word' id='word_1_359' title='bbox 1399 5851 1484 5917; x_wconf 88' lang='lat' dir='ltr'>mihi</span> <span class='ocrx_word' id='word_1_360' title='bbox 1501 5848 1731 5918; x_wconf 88' lang='lat' dir='ltr'>medietatem.</span> <span class='ocrx_word' id='word_1_361' title='bbox 1757 5847 1846 5934; x_wconf 89' lang='lat' dir='ltr'>quod</span> <span class='ocrx_word' id='word_1_362' title='bbox 1871 5848 1912 5924; x_wconf 89' lang='lat' dir='ltr'>si,</span> <span class='ocrx_word' id='word_1_363' title='bbox 1938 5849 1974 5912; x_wconf 89' lang='lat' dir='ltr'>nt</span> <span class='ocrx_word' id='word_1_364' title='bbox 1997 5843 2155 5930; x_wconf 90' lang='lat' dir='ltr'>superius</span> 
     </span>
    </p>
   </div>
   <div class='ocr_carea' id='block_1_9' title="bbox 0 0 2648 7095">
    <p class='ocr_par' dir='ltr' id='par_1_14' title="bbox 0 0 2648 7095">
     <span class='ocr_line' id='line_1_32' title="bbox 0 0 2648 7095; baseline 0 0"><span class='ocrx_word' id='word_1_365' title='bbox 0 0 2648 7095; x_wconf 95' lang='lat' dir='ltr'> </span> 
     </span>
    </p>
   </div>
  </div>
 </body>
</html>
