5216 7092
1188 527 1350 635 33331
1393 561 1627 634 divorsis

1219 1013 1599 1095 ocenxxrv.
1624 981 1628 990 '

1267 1262 1324 1338 A.
1361 1261 1412 1338 D.
1451 1258 1555 1338 985.

531 1521 622 1659 â€ In
644 1575 784 1643 nomine
806 1573 938 1642 domini
961 1572 1110 1644 seeundo
1132 1590 1223 1640 3333
1246 1571 1466 1658 principatus
1494 1569 1611 1637 domni
1644 1569 1756 1638 nostri
1791 1569 1933 1638 iohanni
1967 1571 2002 1638 et
2034 1568 2152 1637 domui
2186 1565 2334 1653 guidoni

472 1726 547 1794 eius
570 1726 642 1794 filio
670 1727 816 1812 gloriosi
844 1727 1085 1813 principibus,
1111 1743 1228 1794 mense
1253 1725 1402 1793 martius
1427 1723 1666 1794 tertiadecima
1688 1723 1891 1792 indictione.
1916 1723 2083 1808 ideoque
2111 1740 2180 1808 ego
2212 1723 2334 1808 petrus

474 1873 566 1942 tilius
589 1875 760 1961 quondam
785 1876 1318 1962 13333331113133313313311333
1343 1877 1447 1943 rebus
1471 1875 1566 1942 intus
1589 1891 1653 1941 333
1678 1873 1929 1942 salernitanam
1961 1872 2138 1962 civitatem
2172 1874 2208 1940 et
2239 1873 2333 1942 toras

474 2026 560 2094 locis
584 2025 791 2094 ubidicitur
815 2027 982 2096 liciniano
1004 2029 1040 2094 et
1060 2027 1136 2112 sepi
1160 2029 1195 2094 et
1217 2027 1346 2106 trivio,
1372 2027 1407 2092 et
1430 2041 1625 2111 congruum
1648 2027 1701 2092 est
1736 2024 1821 2091 mihi
1853 2023 1981 2093 exindo
2014 2023 2226 2093 venumdare
2258 2023 2331 2091 ursi

475 2197 606 2264 genero
630 2198 726 2249 meus
749 2183 785 2248 et
807 2183 881 2249 tilio
903 2183 1064 2268 iaquiuti.
1090 2182 1222 2252 interea
1244 2199 1311 2267 ego
1333 2181 1491 2266 superius
1514 2181 1710 2248 nominatus
1732 2181 1876 2265 petrus,
1901 2177 1991 2246 sicut
2017 2176 2105 2244 mihi
2139 2193 2330 2261 congruum

474 2333 527 2400 est
549 2349 627 2400 mea
649 2349 742 2400 vona
763 2333 952 2400 volumtate
974 2350 1038 2418 per
1061 2350 1107 2400 an
1130 2334 1301 2399 cartulam
1325 2330 1547 2399 venumdedit
1567 2331 1631 2398 tivi
1653 2330 1833 2397 nominato
1864 2328 1936 2396 ursi
1965 2329 2104 2396 tertiam
2138 2329 2333 2414 portionem

475 2484 519 2554 de
543 2484 700 2553 omnibus
722 2487 824 2553 rebus
847 2483 1050 2553 substantiis
1073 2483 1160 2551 meis
1183 2483 1319 2561 stavile,
1346 2486 1514 2568 quantum
1537 2483 1621 2550 mihi
1647 2482 1713 2551 suit
1735 2482 1770 2548 et
1791 2483 1843 2551 est
1863 2480 2076 2566 pertinentes
2091 2497 2112 2546 a
2127 2499 2210 2566 pars
2225 2481 2335 2564 ipsius

473 2638 626 2721 genitori
654 2654 733 2704 meo
755 2639 810 2704 vel
833 2636 1070 2722 undecumque
1093 2609 1187 2703 intus
1210 2635 1366 2720 predicta
1387 2636 1526 2703 civitate
1548 2637 1583 2704 et
1605 2653 1669 2721 per
1685 2635 1772 2720 ipsis
1787 2635 1883 2713 locis,
1901 2634 1939 2701 in
1955 2651 1996 2702 33
2010 2632 2145 2712 331133,
2163 2635 2202 2700 31
2218 2633 2332 2700 33313

473 2787 673 2874 supradicta
695 2789 799 2856 rebus
822 2807 899 2856 mea
921 2788 996 2858 siad
1020 2788 1132 2856 divisa
1155 2789 1192 2855 in
1214 2790 1371 2873 quartam
1395 2789 1601 2874 portionem,
1620 2788 1659 2853 ut
1673 2787 1797 2855 mulier
1813 2787 1953 2856 nomine
1967 2787 2129 2855 miranda
2150 2787 2226 2854 11113
2241 2805 2330 2864 mea,

475 2939 619 3023 quaest
645 2955 752 3006 uxore
775 2939 837 3004 tua
857 2957 923 3023 que
946 2939 1031 3016 ursi,
1058 2938 1184 3004 tollant
1206 2938 1238 3004 et
1262 2936 1494 3036 abeantinde
1517 2939 1677 3022 quartam
1701 2937 1908 3022 portionem,
1934 2936 2082 3021 qualiter
2106 2955 2129 3002 a
2157 2935 2336 3021 genetrice

480 3107 555 3169 sua,
581 3107 647 3174 que
670 3088 736 3156 fuit
760 3105 850 3156 uxor
871 3106 961 3168 mea,
987 3091 1020 3156 ei
1043 3087 1233 3157 iudicatum
1256 3087 1334 3166 suit,
1360 3087 1450 3155 sicut
1472 3088 1641 3174 scriptum
1668 3088 1728 3155 ille
1750 3090 1803 3155 est
1826 3086 2073 3165 continentem,
2088 3037 2192 3171 'quem
2207 3083 2337 3152 exinde

475 3241 653 3308 firmatum
676 3240 774 3327 abetj
799 3243 835 3308 31
857 3239 901 3308 13
924 3240 1000 3325 ipse
1022 3240 1089 3308 alie
1111 3241 1184 3308 tres
1206 3237 1381 3316 sortionis,
1400 3257 1502 3324 quem
1524 3237 1606 3306 1313
1629 3238 1848 3316 remanserit,
1866 3238 1967 3306 tollat
1987 3237 2113 3306 exinde
2135 3243 2258 3322 quarta
2273 3253 2338 3303 sua

476 3391 602 3458 mulier
626 3390 768 3458 nomine
792 3391 958 3458 maranta
981 3407 1090 3458 uxore
1112 3407 1210 3477 mea3
1234 3388 1333 3458 3113
1356 3389 1432 3474 ipso
1454 3389 1542 3456 aliut
1570 3391 1620 3457 sic
1653 3390 1776 3457 inclita
1809 3390 1947 3457 tertiam
1981 3391 2080 3474 parte
2113 3391 2175 3457 tivi
2208 3387 2338 3457 exinde

476 3540 683 3610 venumdedi
707 3540 751 3608 ad
774 3539 944 3608 securiter
967 3540 1171 3607 3111331133
1201 3539 1322 3606 amodo
1355 3542 1390 3606 et
1422 3557 1560 3624 semper
1593 3542 1631 3606 tu
1664 3539 1799 3625 tuisque
1831 3538 2016 3609 heredibus
2048 3541 2125 3607 illut
2150 3540 2334 3618 abendam,

475 3689 736 3770 dominandum,
755 3690 1011 3776 possidendum,
1030 3691 1147 3759 omnia
1162 3691 1290 3758 exinde
1314 3689 1508 3758 laciendum
1529 3709 1596 3777 que
1619 3691 1808 3760 volueritis.
1827 3694 1863 3760 et
1885 3708 1950 3778 pro
1974 3691 2249 3760 confirmandam
2264 3695 2334 3759 etc:

478 3841 618 3911 Statuto
639 3844 857 3910 concentione
866 3861 935 3928 per
950 3860 1074 3912 aureos
1095 3845 1218 3912 solidos
1231 3848 1431 3912 1333333333
1442 3845 1568 3929 3131311
1583 3847 1668 3913 octo:
1687 3839 1886 3927 1313333313
1898 3844 2091 3910 mediatore
2105 3845 2244 3911 Maiore
2265 3843 2338 3932 filio

478 3997 651 4080 quondam
668 3997 961 4071 (13133331111131
982 4016 1063 4065 vero
1079 4001 1192 4081 pecta
1212 4016 1280 4065 333
1301 4002 1423 4078 seruet,
1449 4001 1582 4065 tenetur
1604 4000 1732 4067 soluere
1754 3999 1896 4080 duplum
1912 4000 2080 4080 pretium.
2109 4001 2245 4065 tantum
2266 4017 2339 4066 333

481 4149 640 4236 queratis
662 4150 784 4220 diebus
806 4152 875 4220 vite
898 4172 972 4222 mee
994 4156 1116 4223 tollere
1137 4154 1180 4221 13
1204 4173 1284 4222 3333
1307 4155 1433 4222 fabrita
1455 4157 1629 4232 solarata,
1655 4155 1714 4220 ubi
1737 4171 1803 4239 ego
1826 4151 1925 4219 modo
1947 4152 2136 4221 residentes
2158 4171 2257 4230 sum,
2284 4159 2338 4222 set

479 4304 614 4374 abeatis
636 4305 752 4372 vestre
775 4305 955 4389 potestatis
979 4307 1076 4374 terra
1098 4323 1176 4372 cum
1200 4323 1277 4395 casa
1302 4303 1467 4389 lingnitia
1491 4306 1617 4390 ibique,
1632 4325 1698 4392 que
1721 4307 1886 4373 coniunta
1901 4309 1951 4375 est
1965 4323 1987 4372 a
2002 4323 2086 4390 pars
2100 4304 2244 4376 orientis
2258 4323 2338 4372 cum

484 4457 613 4540 platea,
632 4458 666 4523 et
688 4473 711 4523 3
735 4473 819 4540 pars
840 4457 1133 4542 septemtrionalis
1155 4455 1199 4524 ad
1222 4457 1293 4524 3113
1314 4458 1445 4541 platea,
1470 4459 1505 4524 et
1527 4459 1606 4542 post
1627 4476 1740 4525 meum
1763 4460 1892 4526 obitum
1915 4459 1965 4524 sic
1994 4459 2227 4543 permanead,
2250 4476 2337 4544 quo-

479 4604 581 4672 modo
603 4605 765 4691 superius
787 4605 962 4686 diesimue,
989 4608 1098 4676 lavori
1121 4609 1180 4693 qui
1204 4608 1240 4674 in
1263 4608 1338 4693 ipsa
1360 4609 1454 4676 13333
1475 4607 1682 4676 seminatum
1703 4609 1782 4676 abet
1804 4626 1844 4675 oc
1866 4626 2006 4686 annum,
2032 4615 2151 4677 nostre
2173 4612 2339 4678 abeamus

477 4755 558 4822 illut
580 4755 762 4840 potestatis
785 4757 862 4842 ipsa
884 4761 1021 4843 quarta,
1046 4775 1147 4843 quem
1169 4758 1248 4842 ipsa
1270 4755 1434 4823 miranda
1456 4758 1578 4826 1311333
1600 4757 1699 4827 debet
1720 4757 1763 4825 de
1784 4758 1862 4843 ipsa
1883 4760 1983 4824 rebus
2005 4757 2047 4826 de
2070 4758 2191 4836 toras,
2216 4758 2339 4826 amodo

478 4911 513 4976 31
535 4925 643 4993 usque
667 4907 752 4975 duos
775 4925 886 4976 annos
909 4909 1074 4987 trudium,
1101 4907 1160 4993 qui
1184 4907 1265 4976 inde
1289 4909 1427 4987 exierit,
1446 4907 1642 4976 dividamus
1664 4910 1742 4976 illut
1762 4909 1854 4976 13133
1869 4924 1949 4974 nos:
1967 4909 2044 4992 ipsa
2058 4908 2218 4976 miranda
2234 4910 2338 4976 tollat

474 5059 557 5127 inde
580 5058 814 5140 medietatem,
839 5063 875 5129 et
896 5077 960 5129 nos
984 5059 1226 5147 medietatem
1252 5062 1288 5129 31
1309 5059 1356 5128 13
1377 5061 1446 5146 ipsi
1471 5060 1663 5130 duosanui
1686 5062 1724 5127 13
1754 5062 1856 5128 33133
1889 5059 2010 5127 1331113
2043 5061 2120 5144 ipsa
2140 5063 2263 5146 quarta
2291 5061 2337 5130 de

474 5213 551 5298 ipsa
573 5214 677 5283 rebus
699 5215 823 5284 stavila
843 5215 880 5282 et
901 5214 1029 5282 movile
1051 5214 1094 5282 ad
1116 5216 1320 5300 potestatem
1344 5213 1457 5283 eidem
1483 5215 1556 5283 filie
1581 5232 1655 5283 mee
1677 5217 1712 5283 et
1733 5214 1776 5282 de
1798 5163 1888 5283 eiusâ¸
1907 5213 2052 5283 heredes
2086 5215 2242 5283 rabertar
2272 5231 2338 5299 per

475 5363 675 5448 supradicta
689 5363 818 5448 guadia
833 5367 868 5432 et
883 5363 1041 5449 obligata
1055 5381 1166 5451 pena3
1183 5367 1217 5432 et
1239 5365 1269 5432 si
1291 5325 1370 5451 ipsa
1391 5367 1513 5434 nostra
1534 5365 1746 5434 vindictione
1768 5366 1864 5434 illam
1887 5365 2013 5432 datura
2034 5365 2216 5441 abueritis,
2234 5365 2271 5430 ut
2294 5363 2339 5433 de

475 5518 592 5585 vestra
606 5518 809 5603 potestatem
825 5519 906 5586 exet
919 5517 1135 5596 distractum,
1153 5535 1224 5586 333
1240 5518 1371 5587 abeatis
1386 5521 1591 5604 potestatem
1607 5520 1808 5605 cuicumque
1824 5518 1901 5586 illut
1921 5511 2005 5586 1313
2028 5521 2143 5602 preter
2166 5518 2252 5585 milri
2276 5520 2340 5584 aut

475 5668 619 5737 iohanni
635 5671 796 5756 germani
812 5671 880 5739 mei
896 5673 931 5740 31
952 5671 996 5740 31
1020 5671 1148 5740 3331313
1172 5671 1342 5751 eredibus,
1368 5671 1519 5740 dandum
1543 5673 1625 5742 inde
1646 5673 1744 5741 vobis
1767 5671 1936 5759 quadtuor
1959 5671 2087 5740 solidos
2110 5669 2225 5738 minus
2246 5669 2341 5737 iusto

475 5818 627 5888 ballente
641 5820 805 5908 pretium,
824 5824 860 5890 ct
876 5822 1013 5892 faciatis
1029 5841 1093 5892 nos
1109 5823 1191 5891 inde
1206 5823 1296 5891 seire
1310 5841 1374 5908 per
1389 5823 1493 5892 tertio
1509 5823 1733 5892 constitutum
1749 5841 1853 5910 usque
1876 5819 1950 5890 dies
1972 5821 2123 5906 triginta
2145 5838 2230 5904 sex3
2249 5821 2286 5886 et
2309 5819 2341 5886 si
