5210 7098
844 591 1285 667 ETYMOLOGIhlthl
1319 595 1411 666 ΗΒ.

1123 876 1126 1027 r
1521 844 1569 929 C.
1617 845 1665 930 (1.

1122 1050 1231 1156 ¹nihus
1242 1091 1323 1154 nota
1335 1091 1397 1158 est.
1412 1089 1623 1160 Haerodiani
1640 1091 1726 1158 haec
1742 1093 1894 1164 haeresis
1916 1097 2049 1180 tempo·

1121 1223 1225 1298 'ribus
1249 1229 1439 1298 Salvatoris
1454 1231 1660 1298 resurrexit.
1679 1230 1738 1298 Hii
1754 1231 1917 1317 ergodem
1935 1230 2049 1317 (here

1119 1370 1220 1595 Jdan)
1233 1373 1506 1456 magnificabant
1513 1373 1664 1444 dicentes
1677 1375 1788 1460 ipsum
1803 1377 2043 1446 esscOristum.

230 1632 426 1700 Samaritae
441 1631 524 1699 dicti
541 1628 630 1716 quod
644 1631 758 1716 legem
774 1632 881 1701 solam
895 1627 1102 1710 custodiunt,
1171 1639 1468 1723 Hemerohaptiste
1491 1640 1548 1724 qui
1565 1640 1691 1708 cotidie
1714 1645 1749 1709 et
1772 1659 1918 1728 corpora
1933 1661 1997 1712 sua
2012 1649 2048 1710 et

181 1789 266 1838 narn
284 1771 476 1853 Prophetas
494 1785 563 1835 non
578 1766 762 1852 recipiunt.
1126 1779 1264 1845 domum
1280 1782 1315 1846 et
1329 1780 1601 1864 suppellectilem
1617 1784 1748 1850 labant.
1764 1785 1893 1867 Symon
1908 1783 2046 1869 quidem

1026 1893 1030 1906 ’
1126 1938 1251 2006 magus
1274 1921 1333 2005 qui
1357 1921 1498 1988 induxit
1519 1923 1674 1990 heresem
1702 1925 1828 1990 nobam
1852 1894 1982 2002 dicens,
2009 1943 2047 1994 se

228 2039 563 2126 Hefflefflballffistaes
585 2057 625 2106 0⁰
642 2037 731 2124 qu⁰d
745 2035 898 2123 qUOtidie
921 2055 979 2106 ves
980 2038 1104 2105 timen'
1125 2084 1200 2134 esse
1229 2065 1394 2134 virtutem
1410 2068 1592 2134 coelestem
1610 2068 1646 2132 et
1661 2065 1838 2133 universas
1861 2083 1926 2149 que
1949 2066 2042 2132 sunt.

181 2179 218 2244 id
234 2181 433 2263 0t00rp01'l
451 2179 579 2245 lavent·
1116 2207 1221 2273 creat
1222 2224 1304 2274 uras
1319 2222 1389 2272 non
1402 2223 1476 2275 esse
1488 2225 1510 2272 a
1521 2205 1584 2272 deo
1597 2206 1689 2273 lacta
1701 2207 1753 2273 set
1765 2206 1808 2273 ad
1821 2207 1913 2274 virtu
1915 2209 1949 2273 te
1965 2224 2048 2292 qua·

1125 2348 1205 2414 dam
1230 2361 1392 2431 superna.
1419 2343 1565 2427 Ideoque
1581 2362 1618 2411 se
1641 2343 1856 2413 descendisse
1872 2343 1991 2429 inquid
2007 2346 2046 2410 ιιι

1116 2471 1223 2555 obem
1249 2483 1430 2572 (Orbeml)
1453 2487 1527 2552 sah
1530 2487 1606 2552 are
1628 2484 1813 2568 perditum.
1832 2485 1961 2552 cristus
1984 2503 2046 2552 au-

1116 2639 1194 2715 tem
1221 2637 1307 2715 aput
1294 2629 1449 2698 tludeos
1472 2644 1543 2694 non
1566 2645 1640 2694 esse
1662 2643 1811 2710 passum.
1836 2626 1893 2692 hic
1921 2628 1971 2694 est
1997 2627 2044 2693 si-

1116 2245 1119 2343 l

1116 2412 1157 2509 l

1116 2544 1139 2697 l

1124 2792 1271 2843 moncu1
1284 2774 1404 2857 petrus
1425 2771 1463 2836 in
1486 2787 1525 2835 ac
1528 2770 1618 2836 tibus
1641 2767 1875 2852 apostolorum
1899 2766 2045 2833 maledi—

1125 2916 1188 2980 xit.
1163 2909 1391 2980 tminander
1414 2928 1432 2977 e
1435 2907 1664 2976 tsaturninus
1686 2905 1779 2971 idem
1802 2903 2001 2972 dixerunt.

1127 3048 1313 3139 ....¹).

569 3264 738 3380 aa

363 3453 407 3518 Ile
429 3453 625 3518 haeresibus
648 3453 920 3519 christianorum.
1106 3451 1118 3663 Η

226 3718 374 3797 Quidam
391 3719 494 3787 etiam
517 3719 682 3790 haeretici
707 3719 749 3785 de
772 3719 929 3787 Ecclesia
952 3735 1103 3785 recesse-

184 3857 281 3932 runt,
307 3856 408 3921 etex
431 3855 574 3920 nomine
596 3855 775 3920 auctorum
803 3870 943 3920 suorum
971 3766 1111 3920 nuncu·l

183 3995 327 4079 paritur:
347 3990 487 4077 qnidam
511 3995 593 4058 vero
609 4006 653 4056 ex
669 3991 812 4068 caussis
831 4009 916 4076 quas
932 3991 1104 4077 eligentes

183 4132 424 4202 instituerunt.

228 4397 425 4466 Simoniani
441 4398 524 4466 dicti
541 4417 563 4467 a
577 4400 715 4470 Simone
731 4400 885 4485 magicae
902 4399 1106 4484 disciplinae

183 4539 312 4622 perito,
329 4539 385 4606 cui
397 4541 520 4607 Petrus
536 4540 574 4608 in
586 4541 730 4609 Actibus
741 4543 985 4626 Apostolorum
999 4543 1107 4610 male-

183 4677 286 4758 dixit,
306 4696 371 4764 pro
385 4697 426 4746 eo
441 4679 532 4765 quod
550 4684 593 4748 ab
616 4681 789 4766 Apostolis
813 4683 964 4768 Spiritus
988 4684 1122 4761 Sancti,

184 4821 339 4907 gratiam
353 4822 500 4905 pecunia
511 4821 811 4920 emereuoluisset:
827 4824 864 4890 hi
877 4823 997 4894 dicunt
1008 4843 1107 4892 crea-

184 4962 298 5026 turam
314 4975 383 5026 non
402 4977 424 5027 a
438 4963 519 5038 Dec,
538 4959 631 5028 seda
648 4919 775 5029 virtute
790 4959 938 5046 quadam
956 4979 1107 5048 superna

184 5103 303 5167 creata
307 5151 419 5167 .....

244 5477 267 5546 ⁴)
282 5477 360 5548 Dopo
376 5477 395 5532 il
410 5492 474 5550 cap.
488 5475 659 5534 dcll'eresie
673 5476 808 5534 cristiano
823 5477 908 5534 viena
924 5491 938 5535 (ι
954 5479 987 5534 dc
1004 5477 1173 5550 philosophis
1195 5475 1323 5535 Gentium
1340 5491 1353 5534 ιι
1378 5476 1432 5533 cha
1453 5475 1581 5534 secondo
1605 5477 1621 5532 ι’
1633 5477 1665 5533 Ε.
1678 5477 1716 5532 ll.
1732 5475 1854 5533 sarohbe
1878 5476 1898 5532 il
1919 5474 1989 5549 Cap.
2007 5475 2029 5532 V
2032 5477 2042 5532 l

185 5599 233 5659 dcl
250 5600 335 5658 hihro
349 5598 423 5672 Vlll;
439 5601 459 5658 il
474 5600 578 5659 Codice
592 5601 663 5674 pert
677 5619 714 5658 ne
731 5603 758 5658 ia
774 5618 812 5659 un
828 5602 913 5660 Libro
927 5619 982 5662 con
997 5603 1199 5662 intitolaniona
1215 5603 1243 5662 ln
1265 5605 1369 5662 lettere
1390 5602 1550 5660 maiuscole
1571 5617 1642 5660 nere
1664 5603 1761 5660 binata
1772 5635 1805 5649 -
1817 5599 2043 5658 lil'lllolodln-

186 5725 259 5780 lltlll
276 5725 377 5781 LIBER
397 5727 461 5780 li-
474 5727 508 5782 dc
528 5725 695 5798 Philosophia
719 5727 857 5786 dentium.
886 5728 994 5796 Quarto
1014 5729 1038 5786 x
1059 5729 1134 5787 libro
1154 5728 1300 5787 comincia
1321 5729 1349 5786 al
1370 5728 1483 5786 decimo
1514 5728 1657 5785 uersicolo
1682 5726 1728 5784 del
1754 5726 1845 5800 foglio
1866 5724 1903 5782 96
1923 5732 1995 5782 rectu
2025 5743 2041 5778 e

186 5843 287 5904 hnisce
309 5849 467 5924 coldungo
488 5865 552 5924 cap.
568 5852 601 5907 dc
622 5853 787 5922 quidusdam
806 5855 946 5909 concoctis
966 5853 1109 5908 hominurn
1130 5852 1157 5909 al
1178 5851 1324 5909 versicolo
1347 5851 1378 5908 31
1404 5850 1451 5908 del
1473 5851 1563 5924 loglio
1586 5849 1639 5906 129
1659 5854 1746 5909 recto.
