5252 7102
559 614 622 676 eso
763 579 765 582 ’
1234 597 1398 672 coosx
1439 580 1673 673 onvnn'sis

512 861 581 930 ego
597 843 753 913 marinus
768 842 966 913 atrianense
982 819 1081 912 'filius
1103 843 1239 912 cuidam
1255 844 1383 914 marini
1406 843 1513 912 iudici
1530 844 1725 926 claresacio,
1743 845 1907 932 quoniam
1936 847 2151 932 pertinentes
2174 848 2228 914 est
2250 846 2338 914 mibi
2353 865 2378 914 a

513 999 672 1084 partibus
687 999 798 1083 ipsius
813 1000 968 1085 genitori
984 1017 1061 1068 meo
1076 1002 1207 1069 habere
1222 1001 1325 1070 rebus
1341 1001 1507 1068 inlocum
1524 1001 1657 1069 cetaria
1676 997 1804 1068 finibus
1827 999 2051 1079 salernitane,
2069 998 2161 1084 quod
2176 1015 2244 1084 ego
2265 999 2377 1066 nomi-

514 1151 619 1218 natus
634 1151 795 1220 marinus
811 1154 891 1222 ante
909 1169 946 1219 os
962 1151 1038 1220 dies
1056 1151 1161 1221 divisi
1176 1171 1255 1221 cum
1278 1170 1360 1220 urso
1382 1155 1418 1220 et
1440 1169 1562 1220 manso
1585 1153 1621 1220 et
1635 1154 1689 1222 leo
1704 1153 1865 1238 germani
1880 1151 1961 1239 mei3
1985 1151 2073 1220 unde
2087 1167 2153 1236 ego
2170 1150 2272 1218 modo
2294 1152 2377 1219 ante

516 1303 714 1389 supscripto
729 1305 867 1373 notario
882 1307 918 1374 et
931 1307 1038 1376 testes
1053 1306 1161 1376 ostedi
1179 1327 1287 1375 unum
1304 1308 1443 1375 brebem
1459 1306 1654 1385 divisionis,
1672 1307 1820 1393 qualiter
1837 1325 1914 1374 cum
1931 1305 1999 1392 ipsi
2023 1303 2186 1391 germani
2208 1303 2277 1374 mei
2299 1305 2377 1390 ipsa

516 1456 620 1522 rebus
635 1457 759 1523 nostra
774 1455 920 1524 divisam
938 1459 1116 1536 babemus,
1131 1460 1166 1524 et
1182 1457 1402 1526 tradiderunt
1416 1456 1543 1524 exinde
1558 1458 1645 1524 mihi
1662 1455 1697 1525 in
1710 1459 1803 1526 sorte
1818 1457 1895 1544 ipsa
1908 1457 2061 1526 sortione
2076 1457 2236 1542 suptana,
2252 1455 2314 1541 qui
2325 1457 2379 1524 est

518 1609 614 1678 terra
630 1627 708 1676 oum
727 1609 827 1680 binea
843 1613 878 1679 et
894 1612 1041 1679 bacuum
1057 1628 1125 1679 uno
1148 1611 1300 1680 leniente
1321 1628 1384 1696 per
1407 1610 1500 1690 finiS,
1519 1611 1609 1678 sicut
1633 1610 1779 1679 inferius
1801 1609 2031 1696 declaramus;
2050 1611 2086 1676 et
2108 1624 2302 1694 congruum
2326 1609 2381 1676 est

520 1759 607 1827 mihi
624 1761 796 1828 nominati
813 1761 940 1830 marini
964 1763 1085 1830 inolita
1109 1763 1188 1848 ipsa
1209 1780 1290 1830 mea
1311 1761 1464 1831 sortione
1488 1760 1616 1830 exinde
1639 1761 1880 1829 vicariationis
1906 1760 2028 1828 ordine
2054 1760 2146 1828 iusta
2169 1758 2381 1827 consuetudo

518 1913 639 1981 nostre
653 1905 879 1980 romanorum
896 1915 976 1982 illut
990 1914 1132 1982 tradere
1155 1916 1190 1982 et
1211 1913 1420 1982 confirmare
1443 1913 1561 1980 domni
1583 1913 1676 1980 leoni
1689 1911 1877 1982 venerabili
1894 1911 2011 1990 abbati
2036 1909 2248 1978 monasterio
2269 1909 2382 1977 sancti

525 2065 710 2146 benedicti,
728 2065 788 2151 qui
803 2068 1036 2134 constructum
1055 2068 1161 2135 estin
1177 2069 1291 2135 locum
1307 2067 1365 2152 qui
1381 2070 1527 2134 vocatur
1544 2066 1662 2134 cauke:
1681 2065 1848 2150 simulque
1861 2066 1896 2133 et
1911 2064 2148 2133 bicariationis
2165 2063 2287 2132 ordine
2308 2065 2383 2131 tra-

519 2218 610 2287 didit
626 2219 735 2304 ipsius
750 2219 868 2288 domni
886 2223 1000 2288 abbati
1016 2240 1080 2307 pro
1096 2241 1181 2308 pars
1202 2231 1237 2292 et
1260 2223 1335 2290 vice
1358 2221 1513 2288 iamdicti
1536 2219 1737 2288 monasterii
1759 2218 1802 2288 de
1824 2221 1991 2304 quantum
2015 2221 2210 2305 quantoque
2233 2217 2322 2284 mibi
2344 2219 2381 2285 et

521 2372 633 2458 ipsius
648 2373 738 2442 leoni
758 2392 948 2458 germanus
965 2391 1063 2442 meus
1079 2375 1297 2458 pertinentes
1312 2375 1364 2442 est
1380 2375 1508 2440 habere
1523 2372 1593 2440 ista
1608 2390 1690 2457 pars
1705 2373 1782 2458 ipso
1796 2371 1900 2439 fiubio
1914 2371 1958 2439 de
1974 2370 2101 2438 citaria
2123 2371 2161 2436 in
2184 2371 2263 2454 ipsa
2284 2369 2383 2435 costa

521 2523 564 2594 de
580 2527 657 2612 ipso
673 2529 791 2594 monte
806 2527 866 2612 qui
881 2531 931 2597 est
946 2527 984 2594 in
1000 2545 1083 2612 pars
1099 2527 1260 2606 orientis,
1278 2526 1369 2612 quod
1387 2543 1567 2595 commune
1582 2525 1767 2594 babuimus
1783 2545 1863 2594 cum
1878 2525 1953 2612 ipso
1968 2523 2191 2602 monasterio
2209 2541 2290 2590 cum
2312 2539 2383 2590 me-

524 2675 658 2746 dietate
672 2694 847 2744 cammara
862 2677 926 2746 illa
940 2678 1000 2763 qui
1015 2679 1117 2747 nobis
1133 2679 1170 2746 in
1187 2678 1342 2747 sortione
1366 2679 1506 2746 obbenit
1529 2678 1588 2764 qui
1612 2679 1665 2746 est
1687 2678 1781 2745 infra
1804 2679 1882 2762 ipsa
1904 2679 2019 2744 rebus.
2040 2679 2075 2743 et
2098 2675 2176 2744 ideo
2200 2693 2268 2760 ego
2295 2675 2383 2743 iam-

523 2828 638 2897 dictus
655 2832 822 2910 marinus,
842 2832 932 2899 sicut
946 2832 1034 2899 mihi
1051 2849 1244 2918 congruum
1262 2837 1326 2912 est,
1344 2835 1437 2900 bona
1452 2850 1529 2899 mea
1544 2833 1720 2900 voluntate
1735 2833 1817 2901 ante
1832 2831 2022 2918 supscripti
2040 2829 2175 2898 idoneis
2198 2829 2303 2898 testes
2319 2845 2384 2912 per

521 2999 590 3049 ano
613 2971 784 3051 ca'rtulam
808 2985 1087 3053 commutationis
1110 2985 1244 3064 ordine,
1263 2985 1411 3053 tradidit
1432 2987 1537 3071 atque
1559 2984 1601 3052 ad
1626 3004 1762 3070 semper
1788 2983 1985 3053 habendum
2013 2981 2292 3066 confirmavimus
2318 2978 2385 3046 tibi

522 3133 677 3203 iamdicti
693 3135 810 3204 domni
827 3137 946 3204 abbati
963 3155 1027 3222 pro
1043 3156 1127 3223 pars
1142 3139 1177 3206 et
1192 3139 1269 3206 vice
1284 3138 1478 3224 supradicti
1494 3139 1696 3208 monasterii
1711 3139 1785 3205 tota
1799 3132 1835 3207 et
1850 3137 1973 3205 inclita
1988 3137 2066 3222 ipsa
2088 3137 2207 3201 nostra
2229 3133 2385 3202 sortione

524 3283 568 3353 de
583 3285 742 3370 predicta
757 3287 861 3354 rebus
876 3287 936 3372 qui
952 3291 1016 3368 est,
1035 3288 1125 3358 siout
1141 3288 1308 3368 diximus
1327 3291 1424 3357 terra
1438 3308 1515 3356 cum
1533 3289 1635 3356 binea
1650 3291 1686 3357 et
1699 3291 1846 3356 bacuum
1863 3304 1934 3355 uno
1954 3288 2107 3357 teniente
2130 3303 2193 3370 per
2216 3287 2281 3353 hec
2302 3281 2387 3351 finis

525 3439 560 3504 et
577 3437 774 3505 mensoria:
794 3437 837 3506 de
853 3438 941 3524 pede
957 3439 1026 3508 fine
1042 3441 1119 3526 ipso
1136 3441 1252 3509 fiubio:
1272 3441 1315 3508 de
1331 3442 1402 3510 alia
1418 3443 1516 3527 parte
1530 3442 1600 3509 fine
1615 3441 1760 3509 iohanni
1776 3440 1841 3508 filii
1857 3440 1962 3519 leoni,
1980 3439 2070 3508 siout
2092 3437 2234 3506 termini
2256 3437 2292 3504 et
2313 3455 2387 3505 me-

525 3586 586 3656 dia
602 3589 697 3674 sepis
712 3589 889 3669 discernit,
907 3593 942 3658 et
956 3593 1157 3661 rebolvente
1173 3611 1237 3679 per
1253 3594 1397 3662 limitem
1414 3594 1590 3662 etiterum
1606 3594 1806 3662 revolbente
1821 3596 1856 3662 et
1870 3593 2015 3662 saliente
2031 3609 2138 3676 usque
2161 3591 2198 3656 in
2213 3605 2325 3656 serra:
2343 3585 2389 3656 de

526 3739 599 3808 alia
613 3741 715 3826 parte
732 3741 801 3808 fine
815 3741 893 3824 ipsa
908 3759 1018 3810 serra:
1037 3742 1079 3812 de
1095 3744 1168 3812 alia
1182 3761 1265 3811 vero
1282 3746 1384 3830 parte
1399 3745 1470 3812 fine
1485 3745 1563 3829 ipsa
1579 3743 1734 3810 sortione
1748 3742 1839 3828 quod
1855 3743 1965 3827 ipsius
1982 3741 2054 3809 ursi
2066 3758 2255 3826 germanus
2265 3741 2388 3808 noster

529 3891 660 3970 evenit,
680 3892 768 3960 sicut
783 3894 916 3962 termiti
933 3897 1006 3963 ficti
1022 3899 1115 3979 sunt,
1134 3901 1170 3965 et
1184 3898 1383 3966 revolbente
1397 3915 1461 3983 per
1477 3897 1547 3964 fine
1562 3897 1672 3982 ipsius
1688 3895 1760 3964 ursi
1774 3898 1809 3965 et
1823 3895 2054 4006 coniungentc
2070 3893 2112 3960 ad
2129 3893 2199 3960 fine
2214 3892 2306 3978 gotti
2320 3889 2387 3958 filii

527 4044 623 4113 leoni
639 4047 674 4114 et
687 4064 749 4132 per
764 4047 835 4114 fine
850 4048 960 4134 ipsius
975 4050 1067 4134 gutti
1082 4048 1314 4118 descendente
1329 4067 1435 4135 usque
1451 4049 1495 4115 ad
1511 4048 1667 4136 predicto
1683 4049 1822 4127 fiumen,
1842 4049 1877 4116 et
1892 4049 1944 4115 est
1959 4064 2023 4132 per
2038 4047 2213 4113 mensuria
2236 4041 2386 4111 latitudo

527 4197 689 4282 predicta
704 4202 805 4270 rebus
821 4200 857 4268 in
874 4201 961 4287 pede
975 4205 1069 4289 passi
1092 4205 1245 4290 triginta
1268 4206 1400 4290 septem
1424 4207 1459 4272 et
1482 4173 1632 4274 medium
1656 4221 1807 4289 passum,
1824 4205 1859 4271 et
1881 4201 1918 4268 in
1940 4201 2054 4269 medio
2076 4201 2128 4266 est
2151 4195 2295 4266 latitudo
2316 4214 2384 4282 per

526 4351 616 4438 pcde
632 4352 676 4421 de
693 4353 768 4440 ipso
785 4357 990 4425 monticellu
1005 4360 1048 4424 ab
1063 4357 1141 4443 ipsa
1155 4359 1225 4426 fine
1242 4359 1353 4444 ipsius
1369 4359 1515 4427 iohanni
1532 4376 1636 4444 usque
1650 4356 1693 4424 ad
1709 4356 1779 4424 fine
1793 4355 1902 4442 ipsius
1918 4355 2010 4440 gutli
2025 4353 2188 4440 germani
2201 4352 2254 4420 sui
2266 4369 2389 4437 passos

530 4501 789 4590 quinquaginta
804 4511 949 4594 septem,
966 4511 1001 4578 et
1016 4508 1060 4576 de
1076 4509 1257 4596 longitudo
1275 4514 1327 4580 est
1350 4511 1427 4597 ipsa
1449 4511 1553 4580 rebus
1574 4513 1617 4580 ab
1640 4511 1717 4598 ipsa
1740 4512 1810 4578 fine
1832 4509 1944 4595 ipsius
1971 4507 2044 4576 ursi
2071 4507 2232 4592 germani
2256 4502 2326 4570 mei
2350 4503 2388 4571 in

524 4659 628 4742 supto
644 4677 752 4744 usque
769 4662 813 4728 ad
829 4663 906 4749 ipso
921 4662 1025 4732 fiubio
1040 4684 1160 4751 pessos
1179 4668 1378 4751 sexaginta,
1396 4667 1508 4734 totum
1525 4664 1569 4734 ad
1585 4665 1675 4734 iusto
1691 4683 1846 4751 pessum3
1864 4681 1925 4731 seu
1941 4665 1976 4730 et
1991 4643 2196 4730 confirmavi
2209 4660 2307 4729 vobis
2320 4677 2388 4744 pro

527 4828 614 4897 pars
630 4813 740 4898 ipsius
754 4820 944 4886 monasteri
960 4819 1083 4888 inclita
1099 4819 1319 4891 medietatem
1343 4820 1421 4906 ipsa
1444 4838 1620 4888 cammara
1635 4838 1714 4888 cum
1731 4819 1853 4888 inolita
1867 4807 2053 4884 medietate
2075 4815 2117 4884 de
2139 4816 2211 4880 tota
2232 4812 2311 4898 ipsa
2333 4829 2390 4880 re-

529 4962 603 5043 bus,
623 4963 714 5050 quod
731 4966 817 5034 mibi
833 4970 868 5036 et
883 4968 993 5055 ipsius
1007 4970 1099 5039 leoni
1117 4989 1309 5058 germanus
1324 4989 1421 5040 meus
1438 4971 1576 5040 evenire
1591 4971 1694 5039 debet
1708 4971 1746 5038 in
1761 4969 1839 5055 ipsa
1854 4967 1925 5036 alia
1940 4967 2034 5034 costa
2049 4964 2092 5031 dc
2104 4964 2238 5031 cetaria
2248 4961 2308 5048 qui
2320 4964 2387 5040 est,

528 5113 619 5183 sicut
635 5115 802 5200 diximus
820 5120 856 5188 in
881 5139 963 5208 pars
986 5121 1129 5194 orientis
1151 5125 1242 5210 quod
1260 5143 1442 5193 commune
1464 5127 1632 5216 heremus
1654 5142 1732 5192 cum
1758 5139 1840 5208 pars
1862 5121 1971 5207 ipsius
1994 5115 2194 5198 monasteii,
2212 5115 2303 5203 quod
2324 5133 2389 5203 per

459 5368 460 5371 Ἴ
529 5271 610 5357 ipsa
624 5271 795 5344 divisione
818 5263 1049 5346 communiter
1071 5279 1324 5348 reservabimus
1349 5281 1393 5349 ad
1416 5279 1637 5350 dividendum
1654 5297 1733 5346 cum
1749 5277 1835 5364 ipsis
1858 5275 2040 5361 germanis
2063 5273 2191 5340 nostris
2213 5287 2321 5356 usque
2343 5267 2390 5337 ad

528 5423 599 5492 fine
614 5427 759 5496 iohanni
775 5429 818 5497 de
835 5433 960 5502 comite
974 5450 1156 5503 maurone.
1176 5434 1266 5504 unde
1281 5435 1325 5504 de
1340 5437 1412 5504 tots
1427 5439 1464 5504 et
1477 5435 1602 5504 inclita
1615 5432 1820 5520 supradicta
1835 5433 1939 5500 rebus
1961 5447 2025 5515 per
2040 5425 2239 5512 supradicte
2253 5423 2334 5492 finis
2355 5425 2392 5492 et

532 5583 708 5650 mensurio
732 5585 767 5650 et
789 5583 832 5652 de
854 5585 1040 5658 medietate
1061 5588 1139 5674 ipsa
1161 5606 1340 5656 cammare
1362 5588 1463 5656 etde
1485 5588 1644 5656 inclitum
1671 5586 1771 5666 illut,
1799 5583 1843 5652 de
1865 5583 2031 5669 quantum
2056 5579 2276 5666 quantoque,
2300 5575 2394 5644 sicut

529 5730 694 5814 diximus,
713 5735 801 5802 mibi
824 5738 860 5805 et
882 5738 993 5826 ipsius
1012 5741 1110 5809 leoni
1133 5760 1323 5828 germanus
1346 5759 1444 5810 meus
1466 5739 1681 5826 pertinentes
1704 5739 1757 5807 est
1786 5737 1914 5805 babere
1936 5735 1975 5801 in
1999 5735 2077 5818 ipsa
2091 5733 2186 5799 costa
2200 5729 2245 5798 de
2259 5725 2398 5797 cetaria

521 5884 560 5953 in
577 5904 659 5972 pars
675 5888 833 5970 orientis,
852 5893 983 5960 nullam
998 5893 1097 5962 nobis
1113 5897 1168 5964 vel
1184 5896 1352 5963 uxoribus
1368 5895 1485 5963 nostre
1501 5894 1562 5961 eut
1577 5889 1733 5977 cuiquam
1750 5886 1946 5957 bominibus
1960 5888 2015 5955 vel
2032 5885 2069 5951 in
2084 5884 2209 5970 quavis
2226 5881 2393 5967 partibus
