5286 7098
1017 635 1389 707 DlPLOlllATlCUS

1074 1098 1297 1179 CCLIII.

1049 1350 1105 1427 A.
1141 1350 1192 1426 D.
1232 1345 1336 1426 967.

323 1591 411 1728 †ln
427 1641 560 1716 nomini
577 1639 709 1708 domini
725 1659 817 1738 anno
835 1642 1008 1710 tricesimo
1024 1643 1146 1728 quinto
1161 1641 1380 1726 principatus
1396 1641 1513 1710 domni
1531 1644 1640 1710 nostri
1657 1642 1773 1728 gisolfi
1785 1644 1929 1730 gloriosi
1942 1646 2124 1733 principis,

262 1777 382 1886 mense
397 1798 536 1862 octuber
552 1751 735 1863 undecima
751 1793 950 1864 indictione.
970 1796 1251 1862 memoratorium
1266 1795 1360 1862 tactu
1377 1814 1399 1864 a
1422 1813 1477 1862 me
1501 1799 1618 1880 petrus
1643 1795 1811 1881 presbiter
1834 1800 1868 1866 et
1891 1798 1996 1865 abbas
2018 1801 2125 1867 eccle-

261 1949 314 2016 sie
329 1948 443 2016 sancti
460 1947 619 2027 maximi,
638 1965 706 2015 una
729 1967 864 2016 mecum
887 1955 981 2017 esset
1002 1947 1196 2017 romoaldus
1218 1949 1374 2015 notarius
1398 1932 1642 2017 advocatorem
1665 1953 1834 2030 nostrum,
1864 1971 1904 2021 eo
1927 1953 2016 2038 quod
2042 1955 2147 2021 ante.

261 2101 438 2186 presentia
454 2102 598 2186 gaidoni
613 2101 720 2181 iudici
735 2101 845 2170 etalii
860 2105 964 2170 testes
981 2102 1157 2170 coniuncti
1175 2121 1293 2170 sumus
1309 2122 1386 2171 cum
1403 2107 1521 2188 petrus
1536 2107 1708 2189 presbiter
1724 2107 1758 2172 et
1770 2106 1937 2174 adelchisi
1962 2111 2121 2192 germani

261 2253 327 2321 filii
343 2253 530 2322 costantini
547 2253 591 2322 ad
608 2252 803 2321 faciendum
825 2255 917 2320 inter
933 2271 996 2320 nos
1012 2253 1116 2321 finem
1133 2254 1176 2320 de
1192 2253 1431 2333 intentionem,
1449 2273 1552 2340 quam
1569 2269 1647 2321 cum
1663 2256 1761 2324 illum
1776 2254 1960 2325 habuimus
1975 2258 2018 2325 de
2040 2259 2123 2327 duo-

261 2411 325 2476 bus
340 2408 433 2494 petie
449 2408 492 2476 de
507 2410 610 2476 terris
625 2427 704 2475 cum
718 2410 868 2478 arbustis
883 2409 926 2476 de
941 2411 1055 2477 locum
1072 2409 1211 2476 nucerie
1228 2409 1285 2475 ubi
1300 2367 1433 2476 nobara
1447 2408 1586 2489 dicitur,
1605 2409 1695 2478 unde
1717 2412 1797 2480 ante
1819 2429 1857 2478 os
1880 2411 1957 2479 dies
1978 2431 2056 2480 cum
2080 2413 2120 2480 il-

261 2563 333 2628 lum
350 2561 578 2638 causavimus,
589 2562 772 2644 querentes
788 2561 868 2627 illut
884 2559 1000 2626 facere
1014 2559 1231 2643 pertinentes
1246 2559 1390 2628 eundem
1403 2562 1551 2628 ¹ecclesie
1568 2561 1679 2628 sancti
1692 2563 1836 2630 maximi
1842 2585 1851 2651 ;
1869 2566 1922 2631 set
1936 2567 2121 2653 antequam

261 2732 323 2798 per
339 2715 396 2780 lex
411 2714 492 2780 illut
506 2712 702 2791 fineremus,
721 2711 943 2796 pervenimus
959 2710 1040 2800 inde
1057 2710 1101 2778 ad
1118 2711 1383 2791 combeuientia,
1404 2715 1440 2779 ut
1457 2732 1540 2798 pars
1564 2713 1719 2798 predicte
1743 2719 1860 2784 nostre
1884 2717 2025 2786 ecclesie
2048 2738 2120 2787 ma·
2210 2805 2216 2830 ι

262 2865 468 2936 nilestarent
482 2884 602 2934 eorum
616 2865 660 2933 de
675 2867 753 2951 ipsa
768 2869 864 2934 terra
879 2883 958 2932 cum
974 2867 1123 2932 arbustis
1139 2885 1203 2950 per
1219 2885 1258 2933 as
1274 2867 1373 2934 finis:
1399 2867 1445 2934 da
1468 2887 1551 2953 pars
1575 2869 1762 2939 occidentis
1784 2872 1854 2938 fine
1878 2872 1958 2938 bia:
1984 2873 2027 2942 de
2049 2875 2122 2942 alia

261 3022 359 3106 parte
374 3021 444 3088 fine
458 3017 601 3087 ecclesie
617 3019 729 3086 sancti
746 3018 914 3088 venedicti
924 3041 934 3105 ;
953 3021 987 3086 et
1002 3021 1202 3086 revolbente
1217 3037 1280 3103 per
1297 3018 1419 3087 eadem
1434 3021 1504 3088 fine
1520 3025 1555 3089 et
1578 3021 1813 3108 coniungeute
1836 3024 1880 3091 ad
1903 3026 1973 3093 fine
1996 3027 2039 3094 de
2055 3028 2119 3096 filii
2181 3082 2183 3086 .

260 3176 348 3259 petri
372 3174 547 3252 monachi,
566 3175 625 3259 qui
640 3173 706 3240 suit
722 3191 848 3253 comes,
867 3177 903 3240 et
918 3172 960 3240 de
977 3172 1121 3240 heredes
1137 3173 1290 3251 landoni,
1317 3175 1351 3240 et
1375 3171 1464 3240 sicut
1485 3174 1632 3242 revolbit
1654 3194 1719 3259 per
1741 3177 1862 3244 eadem
1885 3179 1954 3246 fine
1977 3186 2012 3246 et
2040 3199 2119 3248 con-

258 3331 427 3414 iungente
450 3329 493 3396 ad
519 3329 600 3408 due,
619 3328 708 3414 quod
726 3347 818 3395 nunc
834 3329 962 3397 retinet
976 3345 1070 3396 sasso
1086 3329 1179 3396 filius
1196 3331 1388 3414 orsengari‚
1409 3309 1499 3397 unde
1523 3347 1585 3397 nos
1612 3333 1646 3397 et
1669 3332 1737 3398 illis
1763 3332 1800 3398 in
1824 3334 2041 3404 causationes
2063 3355 2118 3403 su-

258 3503 343 3561 mus,
361 3485 395 3550 et
411 3483 580 3567 pergente
597 3499 660 3567 per
676 3482 754 3566 ipsa
770 3481 840 3549 fine
857 3481 1033 3548 etiterum
1052 3483 1252 3550 revolbente
1268 3500 1331 3566 per
1348 3480 1424 3567 ipsa
1438 3483 1507 3550 fine
1523 3484 1557 3550 et
1573 3473 1806 3568 coniungeute
1833 3485 1871 3552 in
1895 3486 1964 3565 bia,
1983 3488 2042 3570 qui
2065 3487 2118 3555 in-

256 3639 353 3704 trant
367 3635 403 3704 in
419 3637 497 3721 ipsa
512 3637 624 3714 rebus,
643 3637 678 3703 et
693 3621 757 3721 per
774 3636 851 3720 ipsa
865 3635 924 3702 bia
940 3634 1172 3719 coniungente
1189 3636 1227 3701 in
1244 3636 1323 3721 ipsa
1338 3635 1539 3720 supradicta
1555 3637 1624 3715 bia,
1640 3637 1728 3723 quod
1746 3641 1799 3704 est
1813 3607 1931 3723 priore
1954 3641 2037 3707 hue.
2053 3659 2117 3725 per

257 3789 330 3874 ipse
345 3789 427 3856 finis
443 3788 737 3856 manifestavimus
753 3789 904 3866 illorum,
922 3791 962 3854 ut
978 3787 1131 3872 ipsorum
1150 3787 1308 3871 germani
1333 3789 1440 3867 esset‚'
1453 3791 1488 3855 et
1509 3806 1591 3874 pars
1614 3789 1724 3873 ipsius
1748 3791 1891 3858 ecclesie
1913 3793 2045 3860 nullam
2067 3794 2115 3860 ibi

256 3941 398 4020 habere,
416 3943 451 4009 et
466 3960 576 4025 neque
591 3959 655 4026 per
671 3943 787 4020 testes
804 3958 915 4026 neque
932 3959 995 4025 per
1010 3940 1197 4018 monimen,
1217 3957 1281 4006 nec
1297 3958 1359 4025 per
1375 3940 1480 4006 nullis
1496 3940 1690 4009 rationibus
1706 3941 1871 4008 cumillis
1894 3943 2020 4011 exindo
2036 3963 2115 4011 cau-

256 4112 333 4162 sare
348 4096 408 4162 aut
425 4092 634 4161 contendere
649 4111 718 4160 non
736 4094 943 4176 peteremus,
963 4093 997 4160 et
1014 4092 1080 4176 ipsi
1097 4091 1258 4176 germani
1273 4093 1583 4160 manifestaverunt
1598 4092 1708 4170 nohis,
1729 4095 1766 4158 ut
1778 4095 1890 4161 omnis
1914 4113 1968 4164 res
1984 4099 2115 4180 quanta

255 4265 336 4332 pars
352 4245 462 4332 ipsius
477 4245 619 4314 ecclesie
635 4245 737 4312 modo
753 4244 964 4312 dominaturi
982 4262 1100 4312 sumus
1117 4263 1180 4328 per
1196 4245 1302 4310 totum
1321 4245 1397 4328 ipso
1412 4245 1522 4310 locum
1541 4245 1681 4322 achara,
1701 4247 1739 4310 ut
1754 4247 1863 4313 totum
1888 4245 2043 4330 predicte
2059 4265 2114 4314 ec-

256 4399 360 4466 clesie
375 4401 466 4466 esset
480 4399 694 4484 pertinentes
710 4400 745 4464 et
758 4398 855 4464 nullo
870 4395 1007 4462 modum
1024 4394 1150 4462 exinde
1164 4388 1308 4462 causare
1325 4399 1386 4462 aut
1410 4393 1618 4462 contendere
1639 4412 1708 4462 non
1732 4397 1900 4480 poterent
1915 4415 2025 4481 neque
2049 4416 2113 4482 per

254 4550 369 4629 testes,
386 4566 496 4632 neque
512 4566 575 4634 per
590 4547 778 4625 monimen,
798 4567 861 4614 nec
878 4566 941 4632 per
957 4549 1051 4614 nulla
1067 4545 1213 4613 ratione.
1234 4548 1312 4632 ipsa
1327 4547 1399 4614 alia
1415 4546 1515 4631 pecia
1537 4565 1693 4631 suprana
1716 4546 1910 4615 dividamus
1934 4548 2025 4616 inter
2049 4566 2112 4618 nos

253 4717 318 4784 per
333 4697 484 4769 medium
501 4701 671 4786 equaliter
687 4718 750 4786 per
766 4718 805 4766 as
820 4701 923 4769 fines:
943 4717 965 4765 a
981 4717 1065 4784 pars
1080 4698 1269 4766 occidentis
1284 4700 1352 4766 fine
1368 4700 1536 4784 episcopii
1560 4697 1785 4776 salernitano,
1805 4700 1895 4767 sicut
1918 4719 1999 4786 sepe
2021 4704 2056 4768 et
2070 4703 2113 4770 li-

252 4851 336 4919 mite
351 4851 537 4920 discernit:
563 4871 685 4938 apars
707 4852 965 4938 septemtrionis
988 4852 1057 4918 fine
1080 4849 1234 4937 predicte
1256 4851 1400 4918 ecclesio
1422 4841 1534 4918 sancti
1559 4851 1715 4930 maximi,
1741 4853 1830 4920 sicut
1853 4855 2016 4923 termines
2040 4855 2111 4922 ficti

253 5005 354 5070 sunt:
374 5003 416 5072 de
430 5021 501 5070 una
516 5005 616 5089 parte
628 5005 700 5094 *fine
715 5004 757 5074 de
771 5004 915 5074 heredes
931 5003 1130 5091 truppoaldi
1147 5002 1302 5082 castaldi,
1321 5001 1380 5088 qui
1396 5003 1573 5070 maraldus
1588 5005 1752 5071 vocabat:
1778 5003 1820 5072 de
1842 5005 1912 5071 alia
1935 5023 2018 5089 pars
2041 5007 2111 5074 line

251 5155 296 5225 de
311 5157 456 5227 heredes
472 5159 583 5244 ipsius
597 5159 809 5245 truppoaldi,
828 5159 863 5226 et
879 5159 948 5226 fine
965 5157 1007 5225 de
1024 5157 1167 5226 heredes
1182 5156 1361 5234 ledemari,
1387 5159 1423 5223 et
1445 5157 1513 5225 line
1536 5156 1579 5222 de
1603 5155 1748 5224 heredes
1771 5156 1938 5224 adelchisi
1961 5159 2111 5242 capuani

252 5313 288 5378 et
304 5312 539 5397 coniungente
555 5312 597 5380 ad
614 5313 690 5399 ipsa
704 5314 773 5381 fine
788 5312 934 5398 predicti
950 5313 1130 5398 episcopii.
1150 5331 1212 5398 per
1231 5312 1296 5379 iste
1311 5311 1391 5378 fluis
1407 5312 1499 5378 omni
1518 5315 1671 5396 tempore
1687 5329 1771 5395 pars
1794 5311 1902 5395 ipsius
1925 5314 2042 5380 nostre
2057 5330 2112 5380 ec-

252 5464 354 5535 clesie
368 5468 519 5535 habeant
534 5482 593 5534 eos
608 5465 841 5547 medietatem,
859 5471 893 5535 et
908 5465 977 5551 ipsi
994 5465 1155 5550 germani
1171 5466 1207 5533 et
1222 5464 1360 5531 illorum
1378 5463 1524 5531 heredes
1547 5463 1777 5541 medietatem,
1796 5463 1847 5548 ita
1869 5465 1907 5528 ut
1930 5482 2013 5548 pars
2036 5465 2114 5532 illo·

251 5635 330 5688 rum
346 5618 507 5687 dividant
520 5620 601 5688 illut
616 5622 651 5688 et
668 5637 751 5705 pars
767 5620 878 5706 ipsius
894 5621 1011 5687 nostre
1026 5619 1169 5688 ecclesie
1185 5619 1282 5704 prius
1306 5618 1387 5685 inde
1411 5617 1516 5684 tollad
1542 5615 1618 5702 ipsa
1642 5634 1704 5684 sua
1725 5614 1957 5696 medietatem,
1975 5621 2010 5683 61
2035 5618 2112 5701 ipsa

253 5773 323 5840 alia
338 5771 646 5842 medietatem'illis
660 5775 800 5843 habere.
820 5777 883 5843 hec
899 5773 1099 5860 supradicta
1114 5771 1363 5841 comvenientia
1380 5772 1550 5839 internos
1566 5770 1710 5838 lecimus
1735 5773 1769 5837 et
1784 5788 1847 5856 per
1866 5789 1956 5838 vona
1978 5789 2111 5837 comve-
2148 5751 2152 5759 ’

253 5925 386 5993 nientia
402 5927 532 6014 guadia
546 5929 646 5996 nobis
670 5897 738 6014 ipsi
762 5928 922 6013 germani
947 5930 1063 6013 petrus
1086 5927 1258 6012 presbiter
1281 5928 1316 5994 et
1338 5923 1502 5994 adelchisi
1527 5922 1696 5991 dederunt
1718 5925 1752 5990 et
1775 5921 1986 5993 mediatores
2009 5923 2109 6012 nobis
