5252 7102
974 599 1343 674 DIPLOMATICUS
1970 617 2033 680 319

218 847 368 916 ratione.
395 847 645 926 berumtumen,
672 847 761 916 sicut
784 846 947 925 diximus,
973 849 1079 932 quale
1096 851 1252 932 ternpore
1275 845 1352 932 ipso
1374 846 1621 916 abellanietum
1636 848 1753 916 tenere
1768 865 1838 916 non
1855 849 2028 916 boluerint
2045 849 2082 916 in

217 999 460 1086 suprascripto
485 999 618 1080 ordine,
643 1003 726 1067 tunc
749 999 905 1068 inclitum
933 999 1011 1068 illut
1041 1003 1197 1068 robertes
1219 998 1261 1068 ad
1285 1001 1452 1086 potestate
1481 999 1634 1085 predicte
1663 994 1819 1070 ecclesie.
1846 1001 1934 1087 quod
1960 1003 1988 1068 si
2011 1004 2078 1071 etc.

280 1151 439 1236 Sequitur
461 1154 620 1220 conuecta
639 1151 815 1234 formula:
838 1153 1066 1236 compensatio
1089 1150 1234 1234 definita
1253 1153 1323 1236 fuit
1341 1170 1411 1236 per
1433 1153 1683 1238 quinquaqinta
1705 1169 1828 1221 aurcos
1850 1143 1973 1221 solidos
2004 1170 2083 1223 cora

216 1305 458 1374 stantiuiauos.
486 1309 521 1372 et
542 1308 637 1373 huno
660 1307 798 1374 brebem
823 1307 948 1392 scripsi
971 1324 1039 1391 ego
1061 1305 1214 1374 ademari
1238 1305 1397 1374 notarius
1419 1305 1478 1392 qui
1502 1305 1657 1373 interlui.

278 1430 308 1544 †
324 1475 390 1543 ego
405 1458 541 1526 dauieri

278 1583 389 1699 †ego
404 1616 523 1698 petrus
539 1613 696 1683 notarius
711 1633 766 1683 mc
782 1615 983 1700 subscripsi.

844 2244 848 2254 ,
983 2161 1298 2242 CCCCXLI.

1001 2407 1056 2482 A.
1093 2407 1145 2484 D.
1185 2404 1283 2483 991.

276 2667 365 2800 †lu
388 2714 528 2783 nomine
550 2712 683 2780 domini
706 2715 826 2780 notabo
850 2732 941 2782 anno
965 2715 1185 2801 principatus
1208 2715 1325 2784 domni
1349 2717 1458 2785 nostri
1482 2718 1625 2786 iohanni
1651 2723 1686 2786 et
1708 2719 1812 2787 tertio
1842 2737 1932 2786 anno
1955 2720 2072 2786 domni

212 2866 402 2952 guaimarii
427 2867 501 2935 eius
525 2866 598 2932 tllio
612 2867 758 2953 gloriosi
775 2868 1003 2953 principibus,
1023 2888 1140 2939 mense
1157 2873 1304 2956 agustus
1319 2879 1446 2956 quarta
1462 2869 1661 2938 indictione.
1678 2872 1960 2939 memoratorium
1979 2872 2071 2938 tectu

208 3021 321 3087 anos
344 3020 524 3104 garosalus
546 3019 640 3088 filius
662 3018 834 3104 quondam
859 3020 941 3088 leoti
964 3025 998 3089 et
1021 3021 1123 3090 disiio
1146 3023 1248 3090 filius·
1262 3021 1489 3108 inghelgardi
1513 3021 1708 3107 presbiteri,
1728 3022 1871 3108 eoquod
1896 3029 1975 3090 ante
1997 3025 2077 3090 sub-

213 3174 424 3241 scribtorum
447 3174 586 3242 testium
608 3173 812 3245 tradidimus
834 3177 870 3243 et
892 3174 1049 3243 dedimus
1073 3177 1214 3243 iohanni
1238 3177 1332 3244 filius
1354 3177 1504 3260 campuli
1529 3176 1571 3244 de
1588 3176 1692 3243 aliola
1715 3177 1839 3244 tinibus
1861 3177 2078 3245 amallitano-

211 3345 290 3394 rum
315 3327 404 3394 silva
427 3330 548 3393 nostra
573 3346 638 3411 que
660 3329 889 3395 communiter
912 3330 1053 3396 abemus
1077 3347 1154 3394 cum
1178 3327 1307 3396 nostris
1328 3327 1540 3396 consortibus
1557 3329 1594 3394 in
1610 3329 1722 3395 locum
1736 3331 1853 3396 cetura
1867 3333 1902 3394 et
1924 3318 2074 3408 salertiu,

211 3479 273 3563 qui
298 3481 379 3546 sunt
402 3479 570 3562 quertieta
584 3482 619 3546 et
642 3479 722 3546 aliis
746 3480 939 3560 arvoribus,
966 3481 1025 3566 qui
1047 3484 1128 3550 sunt
1149 3499 1213 3566 por
1236 3498 1274 3548 as
1296 3481 1389 3547 finis:
1416 3499 1437 3546 a
1460 3498 1543 3566 pars
1566 3479 1710 3550 orientis
1731 3481 1801 3546 tine
1818 3481 1911 3547 terra
1933 3479 2077 3548 ecclesie

207 3633 325 3699 sancti
343 3633 446 3699 cisari
462 3634 497 3700 et
513 3651 598 3719 capu
618 3652 721 3720 aqua,
747 3634 836 3700 sicut
860 3635 929 3702 fine
954 3637 1076 3702 nostra.
1099 3633 1277 3702 discernit:
1305 3652 1324 3700 a
1348 3653 1432 3720 pars
1457 3609 1693 3701 meridie‘fine
1716 3632 1803 3718 pede
1827 3633 1941 3700 monte
1963 3631 2006 3699 de
2029 3634 2077 3700 sa-

206 3786 318 3864 lernu,
344 3786 433 3853 sicut
455 3787 547 3854 balle
569 3786 748 3867 discernit,
776 3791 810 3857 et
833 3789 1061 3857 descendente
1084 3787 1121 3855 in
1145 3788 1249 3854 flubio
1273 3788 1316 3855 de
1340 3792 1458 3858 cetara
1486 3791 1520 3854 et
1542 3787 1784 3871 prebaricanto
1812 3787 1888 3871 ipso
1915 3785 2020 3852 flubio
2043 3789 2079 3853 et

208 3937 445 4022 coniungente
464 3938 500 4004 in
518 3939 652 4006 ballone
675 3939 816 4016 maiore,
843 3941 878 4006 et
900 3958 963 4022 per
987 3940 1063 4024 ipso
1086 3941 1223 4006 ballone
1247 3939 1391 4007 saliente
1415 3939 1451 4003 in
1474 3939 1551 4003 torn
1576 3937 1619 4003 de
1642 3938 1779 4006 imbrici
1803 3941 1837 4004 et
1861 3939 1992 4005 rectum
2017 3957 2076 4004 ex-

212 4089 306 4159 iente
330 4092 367 4157 in
390 4091 496 4158 dubio
519 4091 562 4158 de
587 4110 792 4159 carronara:
811 4093 854 4159 de
877 4112 1030 4177 superna
1052 4112 1135 4179 pars
1151 4095 1220 4160 tine
1236 4112 1344 4162 serre.
1360 4092 1452 4162 intra
1468 4092 1542 4176 ipse
1557 4092 1637 4159 finis
1652 4091 1808 4160 dedimus
1826 4091 1934 4175 ipsius
1950 4091 2074 4157 iohan-

218 4243 267 4323 ni,
294 4249 334 4310 ut
356 4245 437 4312 inde
463 4247 567 4313 liceat
594 4264 671 4313 eum
697 4248 878 4332 lignamen
903 4247 1080 4315 abscidere
1104 4247 1147 4314 ad
1172 4249 1287 4314 forcas
1310 4248 1448 4326 lacere,
1475 4245 1567 4312 unde
1591 4263 1656 4330 pro
1679 4246 1757 4330 ipsa
1779 4245 1957 4329 lignamen
1980 4243 2077 4310 dedit

215 4397 320 4464 nobis
336 4396 416 4466 inde
431 4397 499 4463 duo
515 4398 592 4464 auri
615 4399 694 4465 tari.
722 4398 814 4465 unde
828 4417 891 4482 per
914 4417 1005 4466 vona
1028 4395 1281 4466 combenientia
1299 4395 1431 4482 guadia
1442 4396 1517 4480 ipse
1534 4394 1703 4464 iohannes
1717 4396 1818 4464 nobis
1833 4395 1926 4464 dedit
1949 4399 1984 4463 et
2006 4415 2077 4464 me·

218 4547 392 4615 diatorem
414 4551 514 4617 nobis
539 4549 639 4635 posui
666 4552 824 4622 marinus
846 4552 939 4620 filius
962 4553 1052 4636 petri
1076 4549 1119 4618 de
1142 4548 1261 4617 eodem
1285 4551 1396 4617 locum
1421 4549 1551 4627 aliola,
1576 4548 1639 4616 tali
1670 4548 1805 4626 ordine,
1831 4551 1870 4616 ut
1892 4548 2016 4616 amodo
2040 4555 2075 4616 et

216 4718 327 4786 usque
351 4720 455 4770 unum
479 4723 609 4770 annum
633 4707 839 4790 completum
867 4706 968 4773 liceat
990 4724 1069 4773 eum
1094 4703 1221 4771 iridem
1246 4703 1392 4770 introire
1414 4720 1521 4787 usque
1544 4702 1659 4787 ipsum
1683 4702 1907 4771 constitutum
1931 4701 1974 4770 ad
1999 4702 2074 4787 ipse

217 4856 340 4924 forche
362 4856 444 4923 inde
467 4856 677 4926 faciendum:
702 4858 744 4926 ad
770 4861 974 4945 completum
1000 4860 1114 4946 ipsum
1139 4877 1269 4925 annum
1295 4859 1450 4924 recolere
1473 4874 1510 4924 se
1534 4855 1577 4923 de
1601 4855 1678 4942 ipsa
1700 4859 1808 4926 selua.
1835 4856 1924 4942 quod
1950 4858 1978 4924 si
2001 4858 2080 4924 tali-

215 5015 273 5077 ter
289 5029 348 5079 eos
362 5012 463 5080 nobis
486 5030 556 5080 non
577 5012 833 5100 adimpleberit,
851 5033 1058 5100 componere
1074 5013 1173 5082 nobis
1197 5033 1233 5082 se
1256 5011 1408 5097 obligavi
1425 5010 1543 5080 decem
1565 5009 1693 5079 solidos
1716 5012 1927 5080 costantinos
1949 5013 1983 5079 et
2005 5029 2071 5095 que

213 5163 423 5248 prelegitur,
449 5181 507 5231 eos
524 5162 624 5231 nobis
640 5162 844 5250 adimplere.
860 5168 894 5234 et
917 5167 1008 5232 hunc
1025 5165 1163 5232 brebem
1188 5163 1311 5232 scribsi
1327 5178 1393 5248 ego
1410 5161 1571 5230 ildericus
1593 5161 1823 5231 subdiaconus
1846 5163 1881 5228 et
1904 5158 2074 5226 notarius.

274 5284 304 5396 †
319 5331 387 5399 ego
401 5317 453 5383 leo
469 5317 639 5401 presbiter

273 5437 384 5552 †ego
402 5469 623 5538 constantino
638 5471 812 5556 presbiter

276 5593 306 5704 †
321 5639 389 5706 ego
405 5623 550 5692 ioannes
565 5625 747 5710 presbiter.
