5252 7102
988 589 1355 664 blrlohhulcbs

967 979 1374 1126 CCCCXXXV.

1024 1275 1080 1350 A.
1117 1275 1168 1352 D.
1206 1273 1303 1353 991.

302 1515 337 1652 ἰ’
352 1570 391 1633 ln
407 1567 546 1634 nomine
562 1566 693 1634 domini
708 1569 829 1634 octabu
842 1584 935 1634 anno
947 1569 1166 1653 principatus
1180 1567 1299 1634 domni
1312 1570 1422 1636 nostri
1436 1570 1580 1638 iohanni
1593 1573 1628 1637 et
1641 1571 1743 1638 tertio
1760 1591 1852 1641 anuo
1868 1574 1984 1641 domni
2003 1576 2103 1660 guai-
2143 1617 2146 1625 ·

241 1719 347 1788 marii
364 1721 437 1787 lilio
453 1721 530 1789 eius
547 1722 692 1806 gloriosi
717 1719 943 1808 principibus,
961 1741 1080 1790 mense
1095 1702 1237 1792 martius
1262 1727 1389 1809 quarta
1412 1725 1614 1794 indictione.
1633 1727 1913 1796 memoratorium
1938 1731 2102 1797 fortuma

244 1891 300 1940 me
315 1873 420 1958 gaido
436 1875 529 1941 lilius
545 1874 719 1959 quondam
737 1875 842 1948 leoni,
859 1893 900 1942 eo
916 1875 1004 1960 quod
1022 1878 1104 1942 aute
1124 1875 1290 1942 bonorum
1307 1877 1508 1943 hominibus
1525 1876 1582 1962 qui
1596 1879 1836 1964 subterscripti
1852 1886 1944 1958 sunt,
1958 1880 2053 1948 dedit
2068 1885 2103 1949 et

246 2026 376 2094 tradidi
396 2029 482 2094 mibi
499 2027 646 2095 domnus
665 2047 851 2096 cennamus
869 2027 1042 2113 presbiter
1057 2031 1092 2095 et
1110 2029 1217 2095 abbas
1234 2030 1403 2098 hecclesie
1419 2030 1531 2097 sancti
1547 2031 1705 2110 maximi,
1724 2035 1758 2099 et
1773 2052 1845 2100 una
1860 2053 1938 2102 cum
1955 2054 2034 2102 eum
2051 2054 2103 2102 es·

244 2181 322 2247 sent
344 2179 503 2246 landoari
519 2197 633 2248 comes
656 2183 716 2266 qui
732 2184 782 2250 est
797 2200 904 2247 unum
919 2181 962 2248 de
976 2181 1140 2264 domipiis
1164 2180 1273 2266 ipsius
1296 2181 1476 2258 hecclesie',
1496 2181 1540 2248 ad
1558 2184 1784 2251 lavorandum
1800 2188 1834 2254 et
1849 2186 2048 2265 tenendum,
2070 2193 2104 2254 et

247 2332 496 2401 dominandum
514 2338 548 2401 et
563 2335 785 2421 frugiandum
804 2354 873 2402 una
892 2335 993 2420 pecia
1008 2336 1050 2404 de
1066 2341 1165 2402 terra
1185 2354 1258 2402 cum
1277 2337 1429 2402 arbustis
1442 2337 1572 2416 vitatis,
1587 2357 1687 2423 quem
1701 2341 1776 2424 ipsa
1790 2340 1957 2407 iamdicta
1974 2343 2104 2408 heccle-

249 2487 304 2553 sia
319 2478 434 2552 sancti'
446 2489 589 2554 maximi
612 2490 719 2555 habet
735 2489 770 2554 in
788 2491 900 2556 locum
924 2491 1070 2555 nuceria
1093 2490 1289 2572 propinquo
1314 2489 1486 2555 hecclesia
1507 2491 1618 2557 sancti
1643 2492 1734 2574 petri
1749 2495 1783 2560 et
1797 2493 1908 2560 sancti
1932 2493 2102 2565 benedicti

245 2659 311 2724 per
326 2641 391 2706 hec
406 2640 496 2708 finis:
517 2659 538 2706 a
555 2659 639 2724 pars
656 2640 844 2707 occidentis
860 2641 930 2707 fine
947 2641 989 2707 de
1004 2640 1148 2708 heredes
1163 2640 1420 2725 herchemperti
1431 2643 1472 2707 et
1488 2641 1597 2724 petri:
1615 2659 1635 2706 a
1651 2660 1732 2726 pars
1756 2643 1901 2712 meridie
1922 2645 1990 2712 line
2007 2648 2102 2712 terra

245 2789 410 2858 domnica
426 2794 460 2858 et
475 2792 545 2859 tine
561 2793 655 2860 terra
670 2793 780 2858 sancti
799 2793 963 2860 laurentii
980 2773 1014 2859 et
1030 2794 1100 2860 tine
1118 2799 1210 2859 terra
1225 2793 1398 2870 domnica,
1417 2793 1586 2877 quomodo
1602 2795 1675 2877 ipse
1691 2797 1822 2862 rebolte
1838 2795 2049 2875 discernunt,
2069 2805 2103 2866 et

219 3015 222 3020 ,
247 2944 318 3012 fine
334 2945 377 3012 de
394 2945 592 3013 hominihus
609 2945 815 3013 atrianensi:
834 2965 856 3014 a
871 2965 954 3032 pars
970 2947 1114 3014 orientis
1130 2947 1198 3014 line
1212 2945 1269 3013 bia
1282 2946 1433 3030 publica:
1452 2964 1473 3012 a
1488 2963 1571 3030 pars
1589 2947 1846 3032 septemtrionis
1861 2949 1931 3015 fine
1947 2949 1990 3016 de
2005 2952 2108 3020 here-

244 3098 305 3166 des
322 3100 493 3167 benedicti
510 3104 543 3166 et
559 3101 628 3168 fine
643 3100 685 3168 de
700 3100 846 3167 heredes
862 3099 1101 3184 ermengardi,
1121 3087 1295 3184 quomodo'
1307 3099 1520 3184 aliquantum
1539 3061 1707 3178 rebolbit,
1721 3104 1755 3168 et
1777 3102 1917 3167 exiente
1940 3120 2047 3186 usque
2061 3102 2104 3168 ad

242 3253 315 3318 line
341 3253 384 3319 de
410 3252 553 3320 heredes
575 3252 721 3336 predicti
740 3254 972 3336 erchemperti
999 3257 1035 3319 et
1062 3252 1150 3335 petri
1177 3253 1235 3338 qui
1251 3255 1304 3320 est
1332 3251 1449 3336 priore
1462 3221 1545 3318 line.
1566 3253 1656 3319 unde
1672 3271 1736 3337 pro
1759 3253 1877 3320 taliter
1893 3272 1956 3339 per
1979 3256 2104 3319 bonam

242 3407 489 3473 convenientia
506 3409 539 3473 et
554 3424 616 3473 sua
631 3411 721 3472 bona
736 3409 946 3491 volumptato
962 3405 1091 3491 guadia
1107 3407 1194 3471 mihi
1212 3405 1285 3490 ipse
1300 3405 1447 3473 domnus
1463 3424 1646 3474 cennamus
1662 3407 1831 3490 presbiter
1848 3409 1883 3472 et
1900 3409 2005 3474 abbas
2024 3425 2102 3472 cum

242 3561 322 3645 ipso
339 3578 401 3628 suo
418 3560 625 3627 advocatore
641 3558 812 3625 dederunt
826 3560 862 3624 et
876 3557 1101 3626 mediatorem
1120 3559 1206 3626 mihi
1224 3556 1416 3644 posuerunt
1431 3558 1600 3624 iohannes
1616 3558 1710 3626 filius
1733 3558 1909 3626 madellrit
1931 3559 1991 3626 tali
2016 3557 2108 3624 ordi-

242 3731 298 3790 ne,
315 3716 354 3778 ut
367 3712 489 3778 amodo
503 3714 537 3780 et
553 3731 658 3797 usque
675 3727 735 3779 sex
761 3710 881 3796 srugia
896 3714 1091 3791 recollecta,
1106 3712 1196 3796 quod
1210 3717 1291 3780 sunt
1303 3731 1364 3778 sex
1377 3711 1563 3790 vindemie,
1582 3712 1658 3796 ipse
1670 3712 1817 3781 domnus
1830 3714 1934 3780 abbas
1950 3715 1984 3779 et
1996 3713 2107 3796 poste·

242 3867 357 3934 riores
369 3883 449 3932 suos
465 3867 499 3933 et
511 3883 594 3948 pars
606 3865 768 3932 iamdicto
785 3867 953 3933 hecclesie
970 3866 1163 3934 defensaret
1179 3865 1265 3931 mihi
1281 3867 1339 3949 qui
1356 3884 1461 3948 supra
1485 3865 1637 3948 guidoni,
1656 3867 1709 3932 vel
1736 3866 1777 3932 ad
1807 3867 1892 3933 meis
1923 3869 2106 3937 heredibus

243 4020 320 4084 tota
335 4022 370 4085 ct
388 4019 508 4086 inclita
519 4018 594 4102 ipsa
608 4019 811 4103 supradicta
826 4019 925 4104 pecia
941 4019 983 4086 de
1000 4022 1097 4085 terra
1113 4037 1190 4084 cum
1208 4018 1358 4085 arbustis
1380 4017 1497 4086 vitatis
1523 4036 1585 4102 per
1608 4018 1805 4102 supradicte
1827 4020 1907 4086 finis
1930 4038 2007 4086 cum
2032 4023 2108 4087 vice
2195 4043 2202 4055 ·

245 4171 288 4240 de
305 4175 364 4239 via
379 4133 441 4240 sua
457 4172 503 4240 da
527 4172 640 4238 omnis
663 4173 833 4251 homines,
852 4171 972 4238 et'non
989 4189 1062 4238 eam
1081 4171 1182 4238 nobis
1197 4173 1317 4239 tollere
1333 4174 1393 4236 aut
1408 4173 1569 4237 contrane
1585 4189 1711 4254 queras
1726 4175 1804 4239 ante
1820 4174 1933 4256 ipsum
1947 4173 2106 4257 supradi-

243 4329 338 4394 ctum
353 4327 589 4393 constitutum.
608 4335 642 4395 et
659 4346 722 4394 nos
736 4331 851 4393 autem
866 4329 920 4394 vel
937 4327 1066 4393 nostris
1078 4325 1262 4393 heredibus
1279 4325 1453 4394 licentiam
1471 4329 1502 4392 et
1520 4328 1722 4409 potestatem
1735 4327 1896 4392 abeamus
1908 4324 1943 4390 in
1958 4324 2035 4411 ipsa
2050 4345 2106 4394 ea·

244 4481 322 4551 dem
341 4485 442 4588 rebus
455 4482 551 4548 fobee
562 4481 596 4548 et
608 4481 720 4547 omnis
737 4485 875 4548 nostras
891 4481 1076 4547 utilitatem
1087 4467 1220 4557 tacere,
1240 4483 1275 4546 et
1289 4497 1346 4546 eos
1361 4479 1402 4546 de
1419 4496 1524 4562 super
1536 4478 1625 4546 etde
1641 4482 1758 4546 subter
1782 4481 1940 4546 lavorare
1951 4482 1986 4546 et
1997 4481 2105 4546 culta·

243 4652 280 4700 re
294 4633 367 4702 suis
381 4634 605 4718 temporibus,
620 4635 656 4700 et
667 4632 725 4701 ubi
741 4635 907 4711 morderi,
924 4635 1067 4700 arbores
1078 4635 1112 4698 et
1123 4632 1211 4699 vites
1227 4633 1388 4715 plantare
1404 4633 1439 4698 et
1451 4631 1700 4716 propaginare,
1716 4633 1755 4696 ut
1767 4631 1854 4697 bene
1866 4630 1996 4714 paread
2010 4633 2105 4698 lavo-

245 4789 360 4854 ratum
378 4791 411 4856 et
427 4789 606 4866 cultatum,
622 4791 656 4854 et
673 4790 754 4872 apto
771 4791 928 4870 tempore
945 4804 1009 4852 suo
1024 4803 1083 4852 eos
1108 4784 1368 4862 vindemiemus,
1387 4787 1421 4851 et
1444 4801 1507 4868 per
1532 4785 1607 4869 ipse
1630 4783 1804 4852 vindemie
1826 4785 1996 4878 iaciamus
2018 4786 2107 4854 scire

246 4958 330 5023 pars
347 4939 457 5024 ipsius
474 4929 643 5006 hecclesie
657 4939 799 5022 eiusque
815 4937 1007 5006 rectoribus
1023 4938 1077 5004 vel
1093 4936 1214 5002 missos
1230 4952 1348 5001 eorum
1364 4940 1398 5002 et
1420 4935 1463 5001 ad
1488 4937 1701 5019 pulmentum
1726 4935 1801 5018 ipso
1825 4933 1943 5025 irinum
1969 4952 2105 5002 omnem

244 5109 371 5158 annum
400 5111 463 5178 per
486 5091 638 5160 medium
664 5090 861 5158 dividamus
885 5107 961 5154 cum
988 5088 1101 5173 ipsum
1124 5087 1282 5154 dommus
1306 5087 1411 5154 abbas
1433 5088 1567 5154 etcum
1591 5087 1714 5153 missos
1731 5103 1863 5180 eorum,
1882 5090 1916 5151 et
1939 5085 2017 5170 ipsa
2032 5104 2106 5152 sor-

247 5245 376 5312 tionem
394 5264 513 5311 eorum
530 5244 572 5311 de
588 5245 664 5328 ipso
681 5243 799 5309 vinum
817 5259 881 5308 nos
897 5241 975 5308 illos
988 5260 1107 5309 eorum
1119 5241 1295 5326 portemus
1310 5241 1345 5305 et
1361 5255 1570 5323 reponamus
1593 5238 1629 5303 in
1648 5253 1803 5321 organeo
1824 5254 1944 5302 eorum
1967 5235 2011 5303 ad
2027 5235 2105 5320 ipsa

246 5401 341 5466 turre
356 5398 399 5466 de
414 5399 481 5482 ipsi
499 5398 562 5465 tilii
586 5397 732 5466 ruscinii
749 5401 784 5464 et
799 5396 1043 5481 erchemperti.
1062 5395 1196 5481 quodsi
1220 5400 1287 5464 eto.
1309 5391 1381 5460 Pro
1403 5393 1536 5461 multu:
1566 5393 1684 5460 decem
1709 5392 1810 5459 aurei
1826 5391 1927 5458 solidi
1949 5392 2106 5459 coustan-

245 5549 384 5616 tinient.

304 5672 333 5784 †
349 5718 417 5786 ego
433 5701 535 5786 guiso
549 5701 708 5770 notarius
724 5703 864 5771 interlui
883 5705 918 5770 et
934 5705 1027 5770 hunc
1044 5703 1182 5772 brebem
1198 5701 1329 5786 scripsi·

303 5825 416 5940 †ego
432 5858 491 5940 qui
509 5874 618 5944 supra
634 5855 793 5922 landoari
899 5913 902 5917 .

457 5981 565 6028 rann
