5252 7102
1323 548 1485 620 CODEX
1529 547 1762 620 otvuusls

1343 1005 1720 1086 CCCCXXIX.

1390 1251 1446 1328 A.
1483 1251 1533 1328 D.
1571 1247 1675 1328 990.

658 1561 933 1630 Saecularibus:

660 1663 808 1801 †Ann0
836 1715 983 1799 septimo
1009 1713 1225 1799 principatus
1254 1711 1390 1779 loannis
1420 1713 1455 1777 ot
1479 1710 1628 1778 secundo
1655 1712 1872 1797 principatus
1897 1710 2086 1780 Guaimarii
2115 1713 2178 1780 filii
2209 1713 2303 1786 eius.
2335 1731 2423 1784 memo

596 1871 752 1953 Augusto
778 1867 882 1934 tertia
904 1866 1105 1934 indictione.

523 2057 527 2064 ·
654 2024 701 2086 De
729 2018 848 2086 eadem
875 2017 1047 2086 locatione
1074 2015 1252 2102 predictae
1287 2019 1403 2084 terrae
1423 2013 1468 2084 ·'et
1494 2017 1679 2086 abellanoti
1716 2020 1750 2083 et
1784 2017 1959 2084 clusuriae
1989 2016 2081 2102 apud
2106 2017 2222 2083 locum
2251 2017 2376 2100 Agellae
2398 2019 2423 2081 in

594 2173 721 2240 tinibus
746 2172 915 2243 Nuceriae
939 2172 1016 2255 agit
1039 2174 1125 2239 haec
1148 2173 1269 2239 charta
1292 2169 1411 2240 iisdem
1437 2188 1528 2238 anuo
1551 2175 1586 2238 et
1609 2189 1727 2238 mense
1750 2173 1785 2238 et
1806 2169 1993 2238 indictione
2017 2170 2230 2254 conscripta,
2249 2169 2361 2255 quibus
2379 2187 2425 2234 an·

594 2326 778 2409 tecedens;
805 2327 840 2394 et
863 2328 916 2397 est
939 2325 1126 2394 declaratio
1149 2324 1324 2394 Benedicti
1353 2325 1419 2392 filii
1450 2324 1587 2393 Ioannis
1623 2329 1657 2394 et
1681 2325 1850 2404 Vonizzi,
1876 2343 1943 2410 qua
1977 2324 2097 2392 eodem
2133 2327 2238 2408 pacto
2271 2323 2427 2407 iisdemque

595 2481 798 2547 muneribus
821 2496 885 2564 per
909 2477 1075 2545 tredecim
1097 2493 1209 2544 annos
1231 2479 1365 2544 terram
1389 2479 1423 2546 et
1445 2477 1634 2544 clusoriam
1657 2479 1692 2544 el
1714 2478 1946 2545 abellanetum
1970 2477 2006 2542 in
2022 2425 2228 2544 locationem
2246 2473 2428 2560 accipiunto

556 2581 560 2588 Ι
595 2635 772 2701 Gennamo
798 2634 1005 2716 presbytero
1032 2633 1067 2700 et
1093 2633 1217 2698 abbate
1243 2635 1278 2700 et
1306 2637 1442 2702 rectore
1469 2633 1634 2701 ecclesiae
1660 2633 1773 2700 sancti
1799 2631 1953 2699 Maximi.
1979 2630 2072 2700 Idem
2106 2629 2266 2696 notarius
2293 2627 2428 2696 lidericus

595 2786 686 2852 banc
710 2787 869 2852 chartam
895 2785 1063 2852 exaravit.
1084 2785 1218 2854 Adsunt
1240 2786 1363 2854 firmae
1386 2786 1535 2854 testium.

655 2909 767 3022 †ego
791 2937 849 3020 qui
874 2954 982 3021 supra
1005 2936 1166 3034 landoari

653 3059 768 3172 †ego
790 3105 978 3154 cennamus
1002 3089 1175 3172 presbiter
1199 3093 1233 3156 et
1257 3089 1347 3156 abba

652 3213 765 3327 ³(ch
789 3242 905 3326 grimo
928 3243 1100 3327 presbiter
1124 3245 1159 3309 et
1181 3242 1414 3326 primicerius.

1218 3860 1221 3866 Ι
1338 3745 1691 3825 ccccxxx.

1378 3991 1432 4067 A.
1471 3991 1522 4067 D.
1560 3987 1663 4068 990.

648 4261 684 4392 †
700 4310 737 4374 ln
753 4300 894 4370 nomine
909 4301 1041 4369 domini
1056 4291 1202 4387 septimo
1217 4320 1308 4369 anno
1324 4301 1543 4388 principatus
1559 4301 1676 4370 domni
1693 4302 1806 4371 nostri
1822 4303 1963 4370 iohanni
1979 4303 2014 4370 et
2031 4301 2180 4370 secundo
2203 4319 2301 4369 anno
2324 4298 2440 4387 princi·

594 4465 694 4546 patus
709 4459 827 4526 domni
845 4457 1018 4543 guaimari
1035 4457 1109 4524 eius
1125 4455 1196 4524 illio
1213 4454 1357 4542 gloriosi
1374 4457 1604 4542 principibus
1625 4475 1743 4525 mense
1758 4458 1954 4542 september
1969 4458 2093 4542 quarta
2109 4455 2313 4524 indictione.
2332 4469 2445 4523 memo-

595 4609 764 4676 ratorium
781 4611 877 4676 factu
892 4627 911 4675 a
927 4627 983 4675 me
999 4611 1117 4693 petrus
1132 4609 1226 4677 iilius
1241 4611 1428 4689 mauronti,
1443 4626 1484 4676 eo
1500 4608 1590 4694 quod
1606 4611 1685 4676 ante
1700 4609 1885 4695 subscripti
1902 4611 2007 4678 testes
2023 4627 2086 4694 per
2101 4606 2190 4675 bona
2205 4605 2445 4676 combenienlia

594 4759 725 4846 guadia
740 4759 828 4827 mibi
843 4759 940 4827 dedit
954 4761 1020 4827 feri
1037 4761 1129 4828 filius
1146 4762 1291 4828 iohanni
1319 4764 1354 4828 et
1380 4761 1607 4828 mediatorem
1633 4761 1720 4827 mihi
1747 4761 1863 4846 posuit
1888 4760 2065 4846 iaquintus
2091 4761 2185 4829 filius
2211 4763 2319 4848 petri,
2337 4763 2371 4829 et
2391 4777 2445 4844 per

593 4913 714 4983 eadem
732 4911 861 4998 guadia
877 4913 1048 4998 obligabit
1063 4931 1100 4981 se
1117 4932 1244 5001 suoque
1259 4916 1350 4983 filios
1365 4919 1400 4982 et
1415 4914 1558 4983 heredes
1574 4916 1637 4984 tali
1654 4915 1785 4993 ordine,
1806 4919 1844 4983 ut
1858 4915 1980 4983 amodo
1996 4918 2031 4984 et
2047 4935 2153 5003 usque
2170 4921 2247 4984 octo
2262 4917 2348 4984 anni
2362 4881 2443 4981 com-

590 5069 675 5154 pleti
691 5085 760 5135 non
777 5067 899 5134 tollere
914 5065 958 5134 de
984 5053 1104 5135 nostra
1129 5069 1297 5152 potestate
1320 5071 1417 5136 terra
1442 5088 1517 5147 sua,
1540 5070 1632 5155 'quod
1658 5071 1764 5138 habet
1787 5069 1823 5137 in
1852 5073 1966 5138 locum
1993 5070 2203 5156 campiliano
2229 5067 2444 5137 salernitanis

591 5221 719 5287 finibus
735 5237 796 5304 per
812 5220 878 5286 hec
893 5217 974 5285 finis
990 5221 1026 5285 et
1042 5218 1251 5286 mensariis:
1271 5237 1293 5284 a
1308 5237 1392 5303 pars
1407 5219 1552 5289 meridie
1567 5221 1638 5288 fine
1653 5220 1758 5287 flubio
1776 5223 1969 5305 pecentino,
1987 5224 2069 5290 sunt
2083 5221 2166 5289 inde
2189 5221 2285 5308 passi
2313 5227 2443 5289 centum

593 5371 743 5456 biginti:
761 5369 808 5437 da
823 5368 911 5455 pede
926 5370 995 5439 dne
1010 5388 1086 5451 sua,
1105 5371 1194 5439 sicut
1209 5370 1320 5438 limite
1335 5370 1513 5452 discernit,
1532 5377 1613 5440 sunt
1629 5373 1709 5441 inde
1726 5372 1820 5460 passi
1846 5373 1964 5442 decem
1993 5377 2027 5442 et
2055 5377 2155 5442 octo:
2173 5375 2215 5443 de
2240 5395 2346 5462 super
2369 5391 2444 5458 pars

589 5523 660 5592 due
685 5525 755 5604 via,
774 5528 856 5592 sunt
879 5523 959 5594 inde
981 5525 1074 5610 passi
1099 5529 1237 5594 centum
1260 5527 1411 5614 triginta
1426 5546 1473 5595 :a
1497 5547 1579 5612 pars
1603 5529 1746 5598 orientis
1768 5528 1838 5596 fine
1861 5547 1934 5608 sua,
1952 5531 2033 5598 sunt
2067 5527 2148 5596 inde
2182 5529 2276 5614 passi
2313 5530 2444 5596 centum

589 5683 768 5767 quattuor,
786 5682 895 5749 totum
920 5680 963 5746 ad
989 5679 1086 5749 iuxto
1109 5699 1244 5768 passum
1271 5683 1405 5750 homini
1428 5689 1679 5752 mensuratum.
1699 5684 1792 5751 infra
1814 5683 1889 5770 ipse
1909 5683 1990 5751 finis
2012 5684 2047 5751 et
2069 5683 2254 5752 mensuriis
2277 5683 2382 5751 liceat
2396 5697 2447 5747 me

592 5838 627 5902 et
650 5833 733 5903 meis
755 5833 940 5902 heredibus
964 5850 1023 5901 eos
1047 5835 1209 5904 laborare
1232 5841 1268 5904 et
1290 5835 1466 5922 pastinare
1489 5835 1590 5903 vinea
1613 5839 1647 5905 et
1669 5836 1881 5914 cannietum,
1906 5853 1966 5904 seu
1989 5835 2168 5905 salicetum
2200 5837 2234 5903 et
2256 5832 2441 5919 pomiferis,
