5252 7102
532 527 594 589 266
1197 504 1360 577 deunx
1399 503 1632 577 CAVENSIS

400 759 404 768 ’
484 760 621 847 pulcari
638 759 785 827 iudicem
803 760 838 825 el
853 757 1043 825 nobiliores
1059 753 1253 833 hominurn,
1273 751 1330 839 qui
1347 753 1404 820 hic
1421 754 1540 822 subter
1555 750 1742 836 conscripti
1759 753 1852 830 sunt,
1872 753 1967 820 clare
1982 725 2074 822 enlm
2090 753 2247 831 facimus,
2265 753 2352 836 quia

490 916 659 982 habemus
674 911 719 979 ad
736 909 964 977 communiter
981 927 1049 975 una
1064 907 1165 993 pecia
1181 907 1223 974 de
1240 905 1344 974 vinea
1358 926 1402 974 ex
1418 904 1611 992 predictum
1628 904 1823 990 genitorem
1840 905 1995 971 nostrum
2014 905 2050 972 in
2064 906 2156 973 escle
2171 907 2245 972 esta
2266 923 2353 990 pars

488 1065 593 1132 flubio
620 1063 828 1149 perticatam
855 1079 925 1128 nun
952 1063 1056 1147 longe
1083 1062 1151 1128 hab
1183 1078 1223 1126 ac
1250 1059 1389 1146 cibitate
1412 1058 1566 1134 moenie,
1596 1075 1697 1143 quem
1721 1056 1897 1143 predictus
1920 1057 2060 1141 genitor
2093 1060 2211 1124 noster
2234 1058 2349 1142 ipsam

477 1219 625 1286 'vineam
650 1219 803 1302 emptam
828 1217 922 1284 illam
947 1216 1071 1283 habuit
1093 1233 1115 1282 a
1138 1217 1236 1300 gizzo
1259 1213 1331 1281 filio
1354 1211 1530 1290 iohannis,
1550 1211 1639 1280 unde
1662 1213 1748 1297 aput
1770 1229 1832 1280 nos
1854 1211 1992 1277 firmam
2015 1211 2206 1279 retinemus
2233 1214 2351 1278 cartu-

486 1374 555 1439 lam
580 1367 767 1454 emptionis
791 1371 835 1436 ab
858 1368 920 1436 illo
943 1368 1140 1444 firmatam,
1167 1383 1270 1450 quern
1294 1363 1477 1432 hisdietam
1501 1363 1637 1432 vineam
1660 1379 1854 1448 congruum
1876 1361 1977 1431 nobis
2006 1365 2058 1430 est
2088 1362 2229 1433 bindere
2251 1363 2350 1431 vobis

487 1526 561 1594 veri
587 1525 751 1610 germani
774 1523 915 1591 numine
938 1522 1026 1588 mari
1050 1524 1085 1588 el
1107 1519 1210 1587 adoni
1234 1523 1269 1586 et
1291 1518 1435 1603 poterisi
1458 1518 1522 1584 lilii
1546 1515 1715 1602 quoddam
1739 1515 1946 1602 garempoti,
1964 1519 2055 1583 hona
2076 1515 2203 1585 etenim
2228 1517 2350 1582 nostra

452 1771 456 1780 Ι
488 1680 737 1764 bolumptalem
762 1677 982 1764 incipientem
1007 1678 1122 1762 primo
1145 1694 1208 1761 per
1232 1677 1318 1744 haec
1342 1674 1448 1742 fines:
1475 1673 1518 1741 de
1541 1673 1656 1757 prima
1681 1691 1765 1758 pars
1787 1674 1878 1756 quod
1904 1691 1925 1739 a
1948 1670 2061 1739 medio
2083 1671 2196 1740 limite
2223 1671 2348 1739 etune

486 1832 566 1916 ipsa
591 1831 728 1898 vineam
754 1829 905 1915 bulgari,
931 1829 1012 1897 inde
1036 1832 1118 1896 sunt
1141 1847 1202 1913 per
1226 1825 1372 1894 latitudo
1396 1825 1492 1920 passi
1514 1825 1640 1908 viginti
1666 1826 1702 1891 ct
1724 1827 1811 1890 tres:
1838 1823 2029 1891 asecunda
2044 1843 2124 1910 pars
2146 1821 2236 1910 quod
2252 1825 2304 1892 est
2324 1841 2349 1890 a

485 1983 599 2053 medio
622 1983 732 2050 limite
754 1985 789 2049 et
811 1983 879 2049 fine
902 1963 1012 2067 ipsam
1038 1981 1176 2048 vineam
1200 1978 1367 2062 symeoni
1381 1974 1447 2044 filii
1470 1976 1544 2043 mili
1577 1973 1754 2054 monachi,
1772 1974 1853 2043 inde
1884 1976 1965 2042 sunt
1995 1993 2058 2060 per
2092 1974 2347 2060 longitudinem

487 2139 582 2224 passi
608 2137 846 2223 quadraginta
869 2138 1058 2221 quattuor:
1085 2133 1127 2200 de
1150 2132 1256 2200 tertia
1279 2150 1361 2216 pars
1385 2131 1475 2217 quod
1501 2133 1553 2199 est
1576 2149 1598 2198 a
1621 2129 1778 2216 predicto
1800 2129 1905 2198 flubio
1934 2131 2127 2216 perticata,
2153 2129 2235 2197 inde
2265 2135 2349 2196 sunt

488 2286 581 2374 passi
604 2307 667 2372 per
690 2287 837 2355 latitudo
861 2287 987 2372 viginti
1010 2285 1092 2352 duo:
1110 2286 1139 2350 A
1155 2289 1280 2384 quarta
1302 2287 1417 2352 autem
1442 2303 1526 2368 pars
1548 2283 1637 2368 quod
1662 2285 1715 2352 est
1738 2282 1886 2350 amedio
1902 2283 2012 2350 limite
2027 2283 2141 2350 ausuri
2158 2283 2220 2350 filii
2237 2283 2346 2368 pauli,

489 2441 570 2509 inde
593 2445 674 2509 sunt
696 2460 758 2526 per
782 2441 1033 2526 longitudinem
1057 2459 1166 2525 usque
1197 2441 1244 2506 im
1269 2441 1405 2524 prioras
1428 2441 1514 2508 lines
1537 2440 1629 2525 passi
1652 2438 1888 2524 quadraginta
1910 2438 1990 2506 duo.
2011 2441 2106 2506 Inter
2121 2439 2187 2504 iste
2202 2456 2350 2522 namque

487 2597 571 2665 finis
587 2600 620 2663 et
636 2615 808 2674 mensure,
827 2615 892 2682 que
915 2595 1121 2681 prelegitur,
1139 2595 1312 2663 exdictam
1337 2598 1473 2667 vineam
1488 2613 1552 2662 nec
1567 2593 1666 2664 nobis
1681 2612 1788 2679 neque
1811 2594 1854 2661 ad
1879 2592 2007 2662 nostris
2026 2592 2220 2672 heredibus,
2235 2611 2351 2678 neque

487 2751 652 2834 quartam
676 2753 811 2834 partein
837 2750 958 2816 uxoris
981 2753 1109 2827 nostre,
1136 2767 1246 2832 neque
1264 2747 1308 2815 ad
1325 2749 1463 2816 nullum
1489 2745 1689 2832 quempiam
1711 2747 1883 2814 hominem
1908 2746 2016 2814 nichil
2040 2746 2167 2815 exinde
2194 2747 2353 2815 reserba-

489 2899 601 2968 vimus
625 2919 689 2967 nec
713 2901 858 2969 dicimus
882 2904 1081 2978 remaneret
1104 2901 1257 2986 aliquam
1283 2902 1489 2985 portionem,
1509 2901 1565 2972 Set
1589 2918 1760 2967 unacum
1784 2877 1906 2966 mediis
1930 2897 2099 2965 limitibus
2122 2901 2157 2965 et
2186 2917 2264 2965 cum
2288 2899 2351 2966 via

488 3056 522 3121 et
545 3053 663 3120 andita
686 3072 750 3120 sua
773 3072 850 3119 cum
875 3053 1035 3138 legitima
1057 3053 1206 3120 transita
1229 3056 1264 3120 et
1286 3052 1384 3119 exita
1407 3069 1483 3130 sua,
1510 3069 1666 3118 necnon
1690 3053 1725 3118 et
1753 3069 1830 3116 curn
1858 3049 1970 3119 medio
1997 3053 2173 3134 palmento
2200 3071 2283 3128 suo,
2312 3055 2349 3118 et

486 3226 564 3275 cum
590 3197 736 3274 inferius
759 3209 793 3274 et
815 3207 1042 3291 superiusque
1057 3207 1140 3284 suis,
1159 3224 1238 3271 curn
1263 3205 1335 3273 suis
1358 3205 1519 3272 omnibus
1543 3203 1765 3290 pertinentiis
1787 3205 1963 3288 integram
1987 3205 2100 3290 ipsam
2128 3207 2263 3274 vineam
2291 3225 2352 3273 ve-

485 3360 720 3429 nundedimus
744 3361 840 3428 vobis
864 3363 923 3445 qui
947 3361 1139 3445 supradicti
1171 3359 1318 3444 emptori
1341 3361 1452 3428 nostri
1477 3359 1733 3444 possidendum.
1760 3357 1802 3428 de
1824 3377 1891 3446 quo
1912 3377 1978 3444 pro
2004 3361 2350 3428 constabiliscendam

488 3515 578 3581 hanc
601 3507 755 3581 nostram
780 3513 1009 3581 benditionem
1035 3515 1228 3598 recepimus
1252 3533 1273 3581 a
1297 3531 1357 3580 vos
1381 3516 1436 3599 qui
1463 3513 1654 3599 supradicti
1678 3514 1801 3580 emtori
1824 3515 1934 3582 nostri
1958 3515 2094 3580 finitum
2111 3515 2260 3599 pretium
2283 3533 2348 3581 sex

488 3667 617 3736 solidos
641 3668 939 3737 constantinianos
963 3688 1006 3736 ex
1031 3687 1154 3736 aurum
1179 3671 1258 3736 honi
1283 3647 1346 3756 per
1365 3673 1485 3754 caput:
1504 3671 1640 3736 finitum
1663 3669 1816 3756 dicimus
1833 3677 1918 3756 aput
1941 3689 2003 3739 nos
2026 3675 2156 3741 habere
2171 3676 2347 3758 receptum

488 3823 641 3908 pretium
659 3825 710 3888 lla
726 3821 887 3894 videlicet
902 3821 1086 3902 rationem,
1105 3822 1148 3890 ud
1165 3823 1288 3890 amodo
1305 3826 1340 3890 et
1355 3842 1489 3908 semper
1505 3825 1574 3890 tam
1595 3842 1654 3891 ros
1671 3825 1728 3910 qui
1753 3824 1944 3910 supradicti
1967 3827 2091 3893 emtori
2108 3827 2220 3894 nostri
2242 3844 2346 3912 quam

488 3974 523 4038 et
542 3973 665 4040 vestris
681 3974 866 4042 heredibus
883 3975 1085 4060 supradicta
1100 3978 1221 4043 nostra
1237 3975 1470 4042 benditiunern
1490 3975 1524 4042 in
1548 3977 1736 4062 integrum,
1757 3951 1846 4044 sicut
1868 3998 1975 4064 supra
1998 3981 2140 4064 legitur,
2161 3982 2289 4049 habere
2312 3983 2347 4048 et

484 4126 661 4212 possidere
677 4128 820 4194 valeatis
837 4131 872 4194 et
888 4128 1026 4196 faciatis
1042 4128 1181 4202 exinde,
1198 4129 1497 4213 quemammodum
1515 4131 1612 4197 vohis
1629 4133 1682 4197 vel
1707 4130 1752 4196 ad
1769 4130 1893 4198 vestris
1909 4131 2094 4200 heredibus
2112 4133 2292 4218 placueril;
2311 4135 2348 4200 et

487 4281 557 4345 hoc
574 4280 849 4364 repromittimus
865 4299 928 4348 nos
943 4284 978 4346 et
994 4281 1123 4348 nostris
1135 4280 1322 4348 heredibus
1344 4282 1564 4367 hobligamus
1589 4283 1685 4376 vobis
1707 4285 1742 4350 et
1764 4281 1808 4350 ad
1833 4285 1957 4352 restris
1980 4285 2174 4362 herodibus,
2195 4239 2233 4352 ut
2257 4287 2348 4352 hauc

486 4432 612 4496 nostra
627 4429 860 4496 benditionem
877 4448 940 4498 nos
956 4431 1052 4498 robis
1069 4433 1114 4497 ab
1130 4432 1291 4498 omnibus
1314 4431 1510 4500 hominibus
1532 4435 1567 4498 el
1589 4451 1611 4498 a
1633 4437 1790 4518 quartam
1815 4437 1946 4518 partem
1971 4435 2092 4501 uxoris
2115 4437 2231 4502 nostre
2254 4437 2349 4502 anti-

487 4585 590 4648 stare
607 4583 643 4647 et
657 4581 841 4648 defendere
856 4583 1104 4666 promittimus.
1122 4581 1211 4668 quod
1229 4583 1259 4650 si
1275 4583 1487 4650 noluerimus
1501 4588 1566 4652 etc:
1588 4581 1748 4668 Sequitur
1765 4551 1924 4653 consucta
1942 4585 2108 4666 fambulo.
2126 4583 2165 4652 Si
2178 4589 2350 4668 emptores

478 4735 591 4813 pacto
608 4738 834 4812 conservent,
850 4738 1007 4802 tenentur
1017 4737 1145 4804 solbere
1159 4738 1301 4818 duplum
1311 4739 1476 4819 pretium.
1493 4759 1593 4836 quem
1610 4748 1644 4806 te
1659 4741 1789 4807 alarico
1805 4741 1951 4810 clericus
1967 4745 2069 4826 atque
2086 4743 2243 4809 notarius
2256 4743 2350 4809 hanc

485 4885 659 4951 cartulam
677 4887 796 4952 nostre
812 4884 1022 4955 bendilionis
1045 4890 1196 4957 scribere
1211 4891 1413 4974 rogavimus
1436 4894 1470 4958 et
1494 4891 1660 4958 interluit.
1681 4893 1804 4959 Actum
1828 4892 2019 4960 incivitate
2042 4895 2171 4962 lucerie
2188 4893 2352 4982 indictio-

482 5053 528 5102 ne
544 5035 700 5104 feliciter.

540 5161 570 5273 †
593 5206 660 5273 ego
683 5187 743 5273 qui
766 5205 874 5272 supra
897 5190 1030 5273 pulcari
1053 5189 1157 5258 iudex

500 5309 501 5312 Ἴ
539 5314 658 5427 †ego
683 5347 824 5412 ioannes

540 5470 570 5584 †
593 5516 658 5582 ego
682 5481 850 5568 iohannes

539 5625 658 5742 †‚ego
683 5654 774 5720 lalcu
800 5639 846 5719 ita
869 5655 961 5722 nobi.
