5286 7098
1215 545 1380 621 CODEX
1417 543 1651 619 GAVENSIS

1214 999 1653 1084 CCLXXXVIII.

1290 1250 1345 1326 A.
1382 1247 1433 1326 D.
1470 1245 1575 1325 976.

565 1511 660 1646 †ln
686 1562 827 1629 nomine
849 1561 979 1628 domini
1003 1559 1271 1646 quadragesimo
1293 1558 1397 1626 tertio
1424 1575 1515 1625 anno
1544 1557 1761 1642 principatus
1789 1555 1907 1624 domni
1933 1558 2043 1630 nostri
2066 1558 2184 1643 gisolfi
2210 1559 2363 1642 glorioso

499 1713 676 1799 princeps,
702 1716 737 1782 et
758 1712 909 1782 secundo
931 1732 1022 1781 anno
1046 1713 1266 1798 principatus
1289 1710 1414 1778 domne
1437 1728 1574 1794 gemme
1596 1708 1698 1776 uxori
1713 1709 1788 1778 eius
1809 1711 1845 1776 et
1858 1710 1973 1776 domni
1996 1710 2140 1796 66116111
2155 1713 2272 1796 661616
2286 1711 2359 1780 nno

499 1882 632 1947 eorum,
658 1886 776 1936 mense
798 1867 987 1945 ianuarias,
1014 1867 1139 1951 quarta
1166 1864 1363 1932 indictione.
1390 1862 1674 1930 memoratorium
1696 1863 1834 1929 166166
1861 1865 2051 1949 1116661116
2077 1865 2170 1934 filius
2185 1867 2369 1952 truppoal-.

501 2018 549 2098 di,
564 2036 604 2088 eo
619 2017 709 2104 quod
722 2018 760 2086 in
775 2018 1008 2086 sacratissimo
1024 2018 1234 2084 salernitano
1245 2017 1378 2100 palatio
1395 2017 1477 2083 ante
1491 2015 1668 2100 presentia
1689 2013 1829 2101 gaidoni
1844 2014 1950 2082 indici
1975 2017 2009 2084 et
2032 2017 2112 2083 aliis
2129 2017 2286 2084 bidoneis
2301 2020 2362 2084 ho·

501 2171 664 2250 minibus,
682 2173 742 2256 qui
758 2171 872 2239 subter
888 2169 1010 2254 scripti
1026 2170 1115 2249 sunt,
1134 2169 1339 2236 coniunctus
1356 2186 1433 2234 cum
1458 2168 1550 2234 maio
1578 2166 1672 2236 filius
1698 2165 1871 2252 quondam
1886 2169 2000 2236 autari
2026 2171 2225 2249 monachus,
2243 2173 2302 2255 qui
2326 2175 2362 2238 61

500 2321 713 2406 grimoaldus
729 2321 885 2399 vocabat,
912 2320 956 2386 ad
981 2320 1177 2387 faciendum
1201 2320 1293 2387 inter
1318 2337 1380 2386 nos
1403 2320 1509 2386 116611
1531 2317 1574 2386 16
1597 2319 1768 2384 infantula
1782 2319 1858 2386 fllia
1881 2337 1956 2388 mea
1976 2320 2118 2388 nomine
2141 2319 2301 2387 miranda
2326 2325 2360 2389 et

502 2473 546 2540 de
561 2491 667 2540 causa
682 2457 748 2558 que
774 2473 840 2539 suit
861 2470 998 2538 cuidam
1012 2470 1168 2538 marelde
1194 2472 1306 2538 sorori
1331 2489 1404 2549 sue,
1424 2487 1490 2554 qne
1512 2470 1577 2537 luit
1598 2488 1688 2536 uxor
1711 2488 1799 2548 mea,
1817 2469 1909 2537 unde
1929 2472 2010 2539 ante
2035 2487 2073 2538 os
2092 2471 2166 2539 dies
2189 2487 2255 2555 ego
2280 2490 2357 2537 cum

503 2624 580 2708 ipso
596 2625 689 2690 maio
705 2623 860 2690 causabit
876 2625 911 2689 et
925 2621 1038 2690 wadia
1053 2609 1140 2690 mibi
1156 2621 1282 2690 exinde
1307 2621 1426 2688 datam
1442 2621 1574 2699 habuit,
1592 2623 1631 2687 ut
1656 2621 1731 2706 1666
1756 2621 1848 2687 16616
1871 2622 2017 2705 plicaret
2042 2640 2079 2688 se
2101 2641 2180 2689 cum
2196 2623 2273 2707 ipsa
2288 2623 2361 2690 11116

501 2794 580 2842 1666
595 2778 722 2843 etcum
738 2792 921 2858 causaque
937 2774 1002 2839 fuit
1016 2773 1126 2857 ipsius
1141 2772 1245 2838 uxori
1262 2791 1335 2840 mee
1352 2774 1388 2839 et
1403 2772 1481 2839 illut
1496 2772 1582 2838 mihi
1599 2771 1733 2839 retdere
1755 2773 1789 2840 et
1811 2771 1990 2839 remittere
2005 2791 2083 2840 cuno
2107 2774 2185 2856 ipsa
2196 2774 2268 2840 11116
2283 2793 2360 2841 mea

502 2926 547 2993 ad
563 2944 677 2993 meam
700 2929 915 3012 potestatem.
935 2945 1026 2992 nuno
1054 2929 1170 2994 autem
1197 2883 1389 3012 propterea?
1408 2889 1525 2994 sumus
1546 2926 1731 3005 coniuncti,
1757 2929 1792 2994 et
1813 2944 1881 3011 ego
1902 2925 2026 2996 ostedit
2049 2927 2163 3012 ibique
2186 2928 2223 2995 in
2241 2927 2360 2995 eadem

502 3078 681 3164 presentia
695 3076 764 3152 dua
779 3077 997 3163 scriptiones,
1012 3080 1046 3144 et
1061 3077 1136 3162 ipse
1152 3077 1245 3144 maio
1260 3076 1391 3144 ibidem
1406 3075 1550 3142 adduxit
1566 3077 1644 3161 ipsa
1658 3077 1731 3143 filia
1747 3095 1825 3145 mea
1845 3079 1879 3146 et
1900 3076 1943 3146 de
1965 3095 2072 3146 causa
2092 3097 2157 3165 que
2173 3079 2238 3146 fuit
2253 3080 2361 3164 ipsius

502 3233 604 3298 uxori
620 3249 707 3311 mee,
725 3230 814 3298 idest
831 3249 937 3298 unum
954 3230 1198 3298 camisulatum
1215 3230 1368 3298 feminile
1385 3225 1411 3318 ⁴)
1427 3232 1463 3297 et
1477 3247 1583 3296 unum
1598 3229 1760 3297 saciolum
1777 3229 1804 3316 2)
1827 3223 1869 3298 61
1883 3248 1990 3300 unum
2014 3233 2172 3300 bittulurn
2185 3227 2224 3319 ³),
2243 3236 2362 3300 61166

502 3385 638 3454 11661616
653 3379 694 3472 ⁴),
713 3387 748 3453 61
762 3385 916 3470 negabit,
935 3387 973 3450 ut
989 3383 1126 3468 616616
1142 3402 1245 3452 causa
1261 3403 1327 3468 que
1342 3384 1406 3450 suit
1430 3384 1538 3468 ipsius
1554 3384 1657 3450 uxori
1673 3402 1748 3450 mee
1763 3400 1918 3451 sororem
1941 3402 2050 3464 suam,
2068 3404 2131 3453 nec
2153 3388 2279 3454 habere
2295 3403 2360 3454 666

504 3536 676 3616 habuisse,
695 3538 747 3606 661
762 3539 847 3622 aput
873 3556 910 3605 se
937 3539 972 3604 et
987 3542 1084 3604 ambo
1111 3537 1185 3621 ipse
1212 3538 1412 3623 scriptionis
1435 3539 1562 3605 relecte
1577 3539 1668 3604 sunt.
1687 3555 1793 3604 unum
1809 3537 1977 3623 scriptum
1992 3538 2188 3607 testamenti
2204 3541 2360 3606 contine-

503 3690 572 3768 bat,
592 3688 773 3774 quomodo,
793 3689 930 3774 quando
945 3692 1019 3776 ipsa
1034 3708 1124 3759 uxor
1142 3709 1219 3760 mea
1241 3691 1373 3759 iacebat
1398 3692 1436 3758 in
1462 3691 1663 3758 infirmitate
1679 3691 1771 3758 unde
1787 3691 1948 3760 defuncta
1963 3693 2040 3772 suit,
2059 3711 2122 3778 per
2145 3693 2361 3761 absolutione

503 3841 614 3926 ipsius
637 3841 789 3927 genitori
804 3859 893 3919 meo,
913 3844 948 3910 61
963 3860 1033 3910 una
1047 3861 1180 3911 mecum
1196 3841 1369 3928 disposuit
1386 3846 1420 3910 61
1435 3841 1598 3910 iudicabit
1614 3842 1655 3912 de
1670 3860 1772 3911 causa
1787 3860 1859 3924 sua,
1878 3845 1968 3912 sicut
1982 3846 2019 3911 in
2034 3845 2110 3930 ipso
2126 3845 2293 3930 scriptum
2308 3847 2361 3912 te-

503 3991 667 4062 stamenti
678 3993 832 4060 notatum
848 3995 912 4080 est;
929 3994 964 4061 et
979 3995 1055 4079 ipse
1067 3997 1136 4062 alio
1147 3996 1314 4080 scriptum
1330 3995 1537 4074 continebat,
1549 3995 1697 4081 qualiter
1708 3996 1783 4080 ipse
1794 3995 1909 4064 autari
1921 3996 2062 4081 genitor
2077 3998 2151 4064 eius
2163 3996 2362 4064 6161116616-

502 4145 554 4212 bit
570 4145 656 4212 mihi
672 4147 798 4213 habere
813 4144 856 4214 de
870 4163 977 4214 causa
992 4166 1057 4232 que
1073 4147 1139 4214 fuit
1155 4148 1264 4233 ipsius
1281 4149 1383 4216 uxori
1400 4167 1486 4219 mee.
1504 4167 1584 4216 cum
1598 4167 1665 4235 quo
1682 4150 1757 4235 ipse
1771 4151 1977 4235 scriptiones
1992 4151 2118 4217 relecte
2133 4151 2223 4228 sunt,
2242 4149 2360 4216 statim

503 4298 539 4365 in
557 4297 676 4366 eadem
694 4298 873 4383 presentia
889 4299 968 4365 orta
983 4301 1036 4366 est
1051 4299 1143 4366 inter
1165 4318 1230 4368 nos
1254 4301 1382 4370 exinde
1407 4320 1497 4368 vona
1520 4300 1807 4380 cumvenibentia,
1825 4303 1863 4368 ut
1883 4304 2010 4386 absque
2032 4301 2252 4369 sacramenta
2266 4301 2359 4368 inter

502 4463 566 4514 666
582 4446 709 4514 exinde
725 4447 929 4528 diffinirent,
948 4451 1031 4516 tunc
1046 4449 1120 4534 ipse
1137 4451 1230 4517 maio
1244 4467 1266 4517 a
1280 4451 1454 4535 presentis
1469 4450 1604 4519 remisit
1617 4449 1661 4517 61
1679 4467 1792 4530 meam
1815 4452 2021 4536 potestatem
2044 4452 2121 4537 ipsa
2135 4451 2209 4520 fllia
2223 4469 2300 4519 mea
2323 4457 2360 4518 ct

504 4601 619 4686 ipsum
635 4602 767 4669 6611166
781 4603 816 4669 61
830 4603 993 4671 luciolum
1009 4605 1045 4670 et
1060 4603 1184 4672 vittulo
1200 4606 1234 4674 et
1250 4604 1393 4683 11661616,
1412 4607 1446 4673 61
1460 4622 1528 4690 ego
1542 4604 1684 4672 donabit
1699 4604 1731 4671 61
1747 4622 1809 4688 661
1833 4605 2028 4690 6666661116
2051 4605 2223 4690 launegilt
2238 4621 2359 4672 omnes

504 4749 677 4818 calumnie
692 4749 735 4817 de
750 4750 826 4836 ipse
842 4753 1099 4822 causationibus
1115 4756 1150 4822 61
1165 4757 1223 4824 1116
1239 4757 1474 4824 manifestabit
1487 4736 1587 4835 mibi,
1602 4757 1641 4822 ut
1656 4755 1699 4823 de
1715 4755 1828 4823 omnis
1844 4771 1946 4823 causa
1961 4773 2024 4840 que
2038 4755 2104 4821 suit
2119 4755 2230 4840 ipsius
2252 4755 2360 4821 uxori

505 4921 591 4984 mee,
610 4903 773 4988 quantum
790 4903 866 4989 ipso
881 4905 1070 4974 iudicatum
1086 4909 1250 4990 continet,
1270 4912 1367 4978 nullo
1391 4910 1491 4978 modo
1514 4928 1648 4978 mecum
1671 4908 1799 4978 exinde
1821 4911 2043 4978 6666616611
2065 4907 2272 4978 contendere
2294 4925 2358 4993 per

501 5059 749 5145 qualecumque
763 5057 929 5136 rationes,
947 5059 982 5125 61
996 5057 1112 5126 wadia
1127 5059 1214 5127 mihi
1240 5060 1335 5129 dedit
1360 5063 1396 5128 61
1412 5061 1636 5130 mediatorem
1659 5061 1745 5128 mibi
1768 5062 1884 5146 posuit
1907 5060 2065 5146 iaquintu
2087 5061 2180 5129 lilius
2203 5060 2304 5146 petri,
2321 5063 2359 5126 et

504 5225 567 5292 per
582 5207 702 5277 661661
717 5206 832 5276 wadia
847 5207 1014 5294 obligabit
1028 5226 1066 5277 se
1082 5207 1206 5277 amodo
1222 5215 1257 5278 et
1272 5229 1408 5298 semper
1431 5212 1609 5282 defensare
1624 5229 1686 5280 nos
1701 5211 1747 5278 da
1763 5211 1922 5280 omnibus
1936 5210 2216 5282 illishominibus
2230 5213 2300 5296 qni,
2313 5209 2361 5278 de

507 5387 935 5395 --.-——.--—--——-——-—-——-

560 5491 584 5567 ¹)
600 5494 800 5554 dumisulatcm
811 5499 945 5568 semirutis,
961 5498 1041 5554 valet
1055 5497 1186 5568 camora,
1203 5513 1256 5555 seu
1270 5499 1421 5557 subucula.

560 5599 583 5674 ²)
598 5603 750 5671 1166161616,
765 5617 818 5675 616
832 5605 951 5674 11661616,
967 5603 1043 5661 11661
1056 5604 1182 5662 linteum
1196 5621 1256 5680 quo
1269 5607 1360 5665 166166
1374 5610 1590 5684 extergebatur.

560 5707 793 5780 8)1311161166161
810 5710 947 5780 tiliolum,
963 5709 1097 5780 linteum,
1114 5726 1171 5785 quo
1186 5714 1260 5772 vitta
1272 5714 1465 5773 redimebant.

558 5815 583 5888 ὁ)
597 5816 782 5888 16666616
797 5817 900 5890 Flecte,
916 5823 1121 5874 ornamentum
1135 5821 1289 5879 muliebre.
1306 5820 1366 5880 Hae
1381 5838 1467 5880 voces
1481 5821 1682 5880 desiderantur
1696 5822 1726 5877 in
1740 5821 1782 5878 Du
1798 5821 1905 5895 Gange.
