5252 7102
1007 601 1383 714 oreuouurrcus
1859 543 1861 548 ¹
2006 622 2067 682 ees

257 848 360 914 nobis
379 844 505 914 exinde
520 861 699 912 remanere
715 844 913 945 sortionem,
933 845 985 911 set
999 844 1172 911 transacto
1188 844 1329 913 nomine
1344 847 1379 911 et
1394 844 1540 924 fundit0,
1555 847 1722 930 quantum
1740 844 1831 912 infra
1846 847 1938 931 ipsas
1954 848 2039 918 fines
2055 851 2115 916 ha·

254 995 403 1074 buimus,
413 993 510 1062 vobis
521 993 678 1062 dedimus
693 992 862 1060 securiter
878 1009 918 1058 ac
932 990 1078 1064 firmiter
1096 1008 1156 1059 vos
1174 994 1209 1060 et
1224 993 1330 1061 vestri
1346 992 1488 1062 heredes
1503 991 1710 1072 habendum,
1727 993 1987 1076 dominandum,
2002 999 2112 1082 possi-

258 1147 408 1216 dendum
433 1150 468 1216 et
490 1147 608 1215 omnia
622 1146 749 1215 exinde
764 1145 972 1222 faciendum,
989 1163 1077 1229 quae
1094 1146 1189 1214 vobis
1204 1145 1381 1230 placuerit.
1399 1145 1440 1214 de
1454 1164 1524 1231 qua
1537 1149 1635 1216 vobis
1651 1147 1842 1230 firmamus,
1862 1153 1901 1218 ut
1924 1169 2112 1236 numquam

259 1301 423 1367 abeamus
437 1299 616 1366 licentiam
632 1318 696 1367 nos
712 1303 772 1366 aut
787 1298 932 1368 heredes
947 1300 1070 1378 nostri,
1092 1316 1148 1367 vos
1164 1303 1225 1369 aut
1239 1302 1373 1368 vestros
1387 1299 1533 1368 heredes
1548 1299 1590 1369 de
1606 1301 1761 1386 predicta
1782 1304 1903 1369 nostra
1925 1302 2113 1371 donatione
2157 1273 2159 1276 ⁵

261 1470 404 1537 querere
420 1452 480 1518 aut
494 1453 663 1529 contrare,
682 1453 743 1518 aut
759 1451 899 1537 aliquod
914 1451 1040 1520 exinde
1054 1455 1449 1538 per'qualemcumquem
1474 1452 1686 1520 occasionem
1710 1453 1870 1522 minuare
1893 1473 1956 1539 per
1978 1455 2110 1523 nullum
2202 1426 2207 1432 ⁵

254 1603 406 1671 modum.
426 1603 507 1672 etsi
523 1605 651 1689 aliquis
666 1607 768 1670 homo
784 1603 865 1673 inde
884 1605 1103 1673 causationes
1119 1603 1293 1673 vobiscum
1305 1605 1459 1674 emiserit
1474 1606 1509 1671 et
1526 1604 1655 1689 aliquid
1670 1607 1768 1673 vobis
1784 1605 1911 1674 exinde
1921 1608 2043 1674 tollere
2054 1625 2112 1672 uc

253 1757 361 1825 luerit
372 1774 435 1842 per
450 1758 769 1842 qualemcumquem
786 1756 968 1836 rationem,
979 1758 1185 1841 potestatem
1200 1757 1356 1827 habeatis
1368 1775 1428 1826 ros
1440 1757 1612 1843 vestrique
1622 1758 1687 1824 filii
1700 1760 1735 1824 et
1747 1758 1888 1828 heredes
1899 1760 1975 1826 vice
1990 1762 2109 1827 nostra

249 1908 337 1977 inde
353 1925 496 1977 causare
510 1909 544 1978 et
559 1908 663 1975 finem
681 1909 791 1976 facere
806 1925 884 1976 cum
901 1907 1149 1976 muniminibus
1165 1908 1263 1992 ipsis,
1282 1927 1369 1993 quae
1384 1909 1479 1975 vobis
1494 1909 1626 1976 similia
1648 1927 1711 1994 per
1733 1911 2023 1994 exemplationem
2045 1929 2108 1996 per

254 2079 381 2128 manus
395 2060 539 2149 curialis
555 2060 653 2127 istius
669 2058 818 2127 civitatis
834 2059 977 2126 lecimus
992 2059 1035 2127 de
1050 2060 1299 2130 muniminibus
1315 2077 1402 2144 quae
1416 2077 1479 2128 nos
1496 2062 1662 2140 tenemus,
1676 2079 1760 2146 quae
1771 2060 1813 2128 de
1828 2062 1992 2146 predictis
2007 2065 2109 2130 rebus

253 2217 348 2293 sunt,
367 2215 402 2282 et
416 2232 479 2298 per
494 2227 557 2280 ros
572 2214 666 2298 ipsos
681 2214 833 2282 debeatis
848 2215 944 2282 vobis
958 2215 1085 2282 exinde
1100 2233 1175 2282 esse
1192 2216 1350 2308 auctores
1365 2217 1400 2282 et
1415 2212 1622 2284 defensores.
1634 2201 1664 2282 si
1677 2215 1790 2282 autem
1802 2231 1880 2280 cum
1895 2214 1979 2298 ipsis
1991 2233 2107 2282 exem·

257 2364 364 2447 platis
379 2363 627 2432 muniminibus
642 2364 746 2436 finem
762 2364 877 2432 facere
892 2380 962 2430 non
978 2364 1173 2448 potueritis,
1192 2341 1278 2431 dare
1292 2363 1389 2430 vobis
1413 2361 1598 2431 debeamus
1619 2365 1697 2446 ipsa
1719 2361 1912 2430 munimina
1933 2381 2020 2447 quae
2043 2381 2106 2431 nos

255 2516 422 2592 tenemus,
439 2515 482 2581 de
498 2514 622 2600 quibus
637 2515 731 2582 vobis
747 2515 963 2601 exemplaria
980 2517 1135 2595 fecimus,
1153 2518 1272 2584 tenere
1287 2514 1438 2583 debeatis
1461 2533 1504 2582 ea
1530 2517 1616 2600 aput
1630 2533 1691 2582 ros
1713 2514 1915 2600 usquedum
1938 2514 1982 2583 de
2003 2517 2106 2584 rebus

254 2665 341 2749 ipsis
356 2665 459 2732 finem
476 2665 620 2753 faciatis3
636 2669 762 2746 etcum
778 2667 906 2733 exinde
919 2665 1079 2733 diffinitio
1094 2667 1188 2734 sacta
1202 2665 1316 2744 suerit,
1335 2667 1413 2750 ipsa
1428 2669 1546 2733 nostra
1567 2665 1761 2734 munimina
1782 2665 1982 2758 quae-vobis
2005 2664 2106 2734 dede·

256 2815 377 2895 rimus,
397 2817 482 2901 aput
503 2835 567 2884 nos
583 2817 759 2900 remittere
776 2817 928 2886 debeatis
944 2836 1008 2904 pro
1024 2819 1104 2886 aliis
1118 2819 1247 2887 nostris
1263 2823 1364 2887 rebus
1380 2836 1465 2903 quae
1479 2817 1607 2884 ibidem
1631 2819 1712 2886 sunt
1734 2817 1961 2897 continentes,
1980 2819 2107 2902 etipsa

174 3025 177 3030 .
254 2967 492 3052 suprascripta
507 2969 616 3036 sortio
631 2973 750 3038 nostra
765 2988 867 3056 quam
883 2971 977 3038 infra
992 2975 1086 3058 ipsas
1103 2971 1277 3056 predictas
1292 2971 1377 3038 fines
1401 2970 1593 3046 habuimus,
1614 2970 1661 3037 sit
1683 2972 1719 3036 in
1743 2973 1911 3055 potestate
1933 2971 2047 3038 vestra
2067 2973 2103 3037 et

253 3117 299 3187 de
313 3121 438 3187 vestris
454 3121 538 3189 filiis
551 3123 587 3189 et
601 3121 785 3190 heredibus
800 3121 978 3206 frugiandi
994 3125 1029 3190 et
1046 3121 1258 3202 dominandi,
1273 3126 1308 3190 et
1324 3124 1442 3190 omnia
1457 3122 1537 3190 inde
1551 3121 1700 3190 faciendi
1713 3138 1800 3207 quae
1812 3122 1999 3198 volueritis,
2015 3122 2104 3188 sicut

248 3271 411 3355 superius
433 3271 599 3358 diximus;
616 3273 695 3342 etsi
710 3273 891 3358 aliquanto
907 3279 1062 3359 tempore
1077 3293 1141 3342 nos
1157 3277 1217 3340 aut
1232 3274 1342 3342 nostri
1357 3275 1423 3378 filii
1437 3277 1472 3342 et
1486 3273 1630 3342 heredes
1645 3293 1704 3341 vos
1727 3277 1786 3340 aut
1802 3237 1934 3342 vestros
1955 3272 2045 3340 filios
2068 3277 2103 3340 et

253 3422 402 3490 heredes
417 3422 459 3490 de
475 3425 712 3510 suprascripta
726 3428 847 3494 nostra
859 3427 1044 3495 donatione
1056 3446 1204 3523 querere
1214 3431 1275 3495 aut
1286 3429 1445 3499 contrare
1456 3429 1512 3496 vel
1523 3429 1699 3498 remobere
1710 3445 1772 3512 per
1783 3427 2101 3512 qualemcumquem
2160 3415 2166 3425 “

254 3575 434 3660 ingenium
450 3577 774 3662 presumpserimus,
792 3562 1050 3663 quinquaginta
1065 3581 1261 3663 bytianteos
1275 3579 1371 3647 vobis
1388 3579 1577 3664 vestrisque
1598 3577 1679 3644 filiis
1700 3579 1738 3645 et
1760 3575 1941 3646 heredibus
1964 3593 2102 3661 compo·

250 3743 337 3794 nare
352 3727 560 3813 obligamus,
579 3733 613 3796 et
628 3725 805 3818 quesitio¹)
818 3737 938 3799 nostra
952 3731 997 3806 sit
1012 3733 1128 3811 tacita,
1140 3737 1175 3800 et
1190 3735 1349 3800 chartula
1365 3733 1432 3800 ista
1449 3733 1551 3798 firma
1564 3733 1768 3817 permaneat
1779 3735 1817 3798 in
1831 3697 2050 3817 perpetuum3
2067 3737 2103 3802 et

250 3879 319 3944 hoc
333 3897 574 3960 memoramus,
590 3883 629 3949 ut
643 3899 705 3966 per
720 3885 815 3967 ipsas
832 3885 1088 3968 suprascriptas
1103 3886 1218 3952 terras
1233 3903 1320 3970 quas
1332 3886 1429 3952 vobis
1444 3882 1657 3963 donavimus,
1667 3884 1856 3953 babeamus
1871 3903 1934 3952 nos
1946 3891 1980 3954 et
1991 3887 2100 3954 nostri

191 4011 194 4018 ’
245 4029 395 4098 herodes
410 4031 503 4098 viam
520 4033 557 4100 at
572 4032 666 4118 ipsas
681 4033 768 4102 alias
782 4037 920 4103 nostras
936 4035 1154 4105 hereditates

308 4152 337 4267 †
359 4199 425 4267 ego
439 4183 494 4250 leo
509 4182 552 4250 de
566 4185 683 4269 sergio
698 4183 742 4252 de
757 4203 837 4253 urso
852 4185 896 4254 de
910 4185 1036 4253 domno
1053 4189 1212 4273 campulo
1228 4186 1324 4257 testis
1340 4206 1416 4255 sum

307 4307 336 4420 †
358 4353 425 4420 ego
441 4334 606 4406 iohannes
621 4339 723 4407 iudex
739 4339 838 4408 testis
853 4360 930 4408 sum

306 4455 336 4570 †
358 4501 426 4570 ego
440 4485 578 4572 sergius
591 4485 635 4555 de
649 4487 775 4555 domno
791 4491 873 4574 lupo
888 4491 929 4558 de
944 4492 1062 4574 sergio
1077 4491 1201 4559 comite
1216 4490 1311 4560 testis
1325 4511 1401 4560 sum

307 4609 336 4722 †
359 4655 427 4722 ego
442 4638 592 4708 iohanne
606 4639 678 4708 fllio
692 4641 810 4727 sergio
824 4642 868 4710 de
882 4645 1100 4711 constantino
1116 4643 1159 4712 de
1175 4611 1341 4730 leopardo
1358 4644 1455 4712 testis
1470 4662 1547 4712 sum

308 4761 337 4873 †
361 4807 428 4874 ego
445 4792 685 4861 constantinus
700 4793 793 4862 lilius
810 4795 987 4863 mansonis
1003 4795 1047 4864 de
1063 4796 1283 4865 constantino
1299 4797 1343 4865 de
1358 4799 1438 4881 lupo
1455 4796 1579 4864 comite
1594 4795 1690 4866 testis
1704 4816 1780 4865 sum

305 4911 336 5023 †
358 4960 424 5026 ego
439 4960 540 5010 ursus
555 4942 671 5012 scriba
686 4946 777 5014 hanc
793 4949 986 5016 chartulam
1003 4949 1170 5035 scriptam
1186 4968 1249 5034 per
1266 4967 1389 5017 manus
1405 4947 1514 5016 lconis
1528 4949 1663 5034 nepotis
1680 4949 1748 5016 mei
1764 4949 1935 5034 conpleri.

249 5157 528 5166 -..--,----.....
540 5161 599 5172 ...Ἦ

296 5279 323 5348 ⁴)
347 5279 471 5352 Quando,
488 5282 563 5341 idest
583 5287 707 5358 questio.
