5252 7102
966 607 1336 682 DlPLOllllTlCUS
1961 627 2019 689 301

211 857 313 922 rebus
328 854 403 921 eius
419 853 462 921 de
478 856 591 921 locum
607 869 814 940 capaczana,
832 856 867 923 et
890 853 985 920 sobee
1008 852 1134 922 ibibem
1159 852 1304 932 fecisset,
1323 855 1357 922 et
1379 856 1517 922 arbores
1541 856 1575 920 et
1597 873 1676 939 sepe
1699 853 1779 922 inde
1805 855 2017 935 abscidisset,
2036 860 2071 924 et

212 1004 363 1074 srudium
383 1005 510 1076 exinde
526 1007 659 1076 tulisset
672 1008 706 1075 et
721 1007 801 1075 illut
814 1005 1080 1086 extermitasset,
1095 1009 1130 1074 et
1151 1007 1253 1075 rebus
1276 1006 1351 1091 ipsa
1372 1007 1402 1073 ei
1427 1007 1629 1076 coutrasset.
1649 1006 1722 1091 ipse
1745 1007 1894 1076 andreas
1919 1008 2009 1075 dixit
2032 1010 2070 1077 in

211 1161 290 1244 ipso
307 1161 419 1226 locum
437 1161 541 1230 rebus
556 1159 659 1228 abere
673 1162 707 1228 et
723 1163 852 1238 tenere,
871 1160 924 1227 set
938 1159 1072 1227 nescire
1098 1158 1141 1226 de
1168 1161 1271 1244 quale
1299 1159 1402 1226 rebus
1429 1177 1506 1224 cum
1530 1176 1570 1226 eo
1598 1157 1764 1225 causabit.
1784 1159 1873 1228 unde
1902 1160 1992 1227 inter
2019 1160 2069 1229 eis

210 1310 360 1378 iudicabi
376 1315 410 1380 et
426 1313 584 1398 utrisque
600 1313 669 1384 illis
685 1313 855 1398 guadiare
871 1313 956 1398 feci3
975 1313 1106 1397 pariter
1123 1331 1228 1396 super
1244 1313 1345 1379 rebus
1363 1311 1436 1396 ipsa
1451 1313 1639 1395 pergerent
1654 1329 1732 1378 cum
1756 1311 1868 1380 iudice
1883 1313 1915 1380 ei
1931 1315 2069 1380 notario

209 1465 246 1530 et
263 1463 335 1548 ipse
350 1464 570 1534 landenollus
587 1470 781 1537 monstraro
804 1467 836 1534 ei
852 1465 894 1534 de
910 1468 1009 1552 quale
1024 1467 1127 1533 rebus
1142 1484 1220 1533 cum
1244 1483 1284 1532 eo
1300 1466 1467 1544 censebit,
1488 1469 1522 1533 et
1537 1484 1600 1550 per
1615 1466 1733 1549 partes
1749 1465 1920 1550 plicareut
1935 1483 1972 1533 se
1988 1485 2066 1534 cum

187 1642 192 1649 ·
207 1612 283 1680 suis
300 1613 505 1694 rationibus,
525 1619 559 1682 et
576 1617 668 1684 iusta
683 1619 797 1703 legem
815 1619 906 1685 inter
922 1635 958 1685 se
975 1617 1056 1684 inde
1071 1618 1174 1684 finem
1192 1617 1363 1696 iacerent;
1381 1616 1473 1686 etad
1492 1617 1569 1700 ipsa
1590 1615 1832 1682 diffinitionem
1856 1617 1929 1701 ipse
1952 1617 2066 1685 lande-

206 1765 322 1832 nollus
337 1766 484 1850 plicaret
507 1767 582 1852 ipso
605 1767 795 1852 genitorem
821 1787 920 1835 suurn
943 1773 976 1836 et
999 1769 1073 1854 ipse
1088 1768 1236 1836 andreas
1259 1769 1418 1836 similiter
1441 1768 1589 1854 plicaret
1611 1766 1723 1852 ipsum
1749 1767 1912 1835 mundum
1931 1769 2067 1854 genito-

206 1937 279 1987 rem
297 1939 407 1998 suum,
426 1927 459 1988 et
475 1922 524 1988 sic
540 1921 619 1988 inde
634 1923 711 2008 ipsa
725 1922 966 1990 diffinitionem
985 1925 1074 1990 inter
1098 1942 1134 1991 se
1149 1924 1315 1990 iacerent.
1337 1922 1426 1991 unde
1442 1924 1515 2006 ipse
1538 1920 1755 1990 landonolfus
1772 1922 1884 2006 posuit
1902 1923 2066 1992 mediato-

207 2091 284 2139 rem
301 2074 533 2142 sioembarrlus
551 2075 640 2143 tilius
656 2077 829 2156 cadelaiti,
844 2079 878 2144 et
893 2079 966 2162 ipse
983 2077 1132 2146 andreas
1148 2079 1261 2163 posuit
1278 2077 1501 2146 mediatorem
1519 2077 1652 2144 alfanus
1668 2076 1760 2143 illius
1776 2076 1884 2160 petri:
1900 2079 1933 2143 et
1948 2079 2065 2146 taliter

208 2243 276 2308 pro
293 2229 394 2310 parte
410 2225 520 2311 ipsius
537 2227 665 2296 andree
681 2230 991 2300 scriberesecimus
1007 2235 1041 2300 te
1057 2235 1177 2316 petrus
1194 2235 1351 2299 notarius
1368 2233 1425 2317 qui
1443 2229 1643 2298 interfuisti.

266 2351 296 2464 †
313 2398 378 2464 ego
395 2381 453 2463 qui
470 2399 578 2466 supra
593 2383 711 2466 petrus
726 2379 843 2448 iudex.

940 2892 1340 2973 CCCCXXVII.

989 3138 1044 3212 A.
1082 3138 1132 3214 D.
1173 3135 1277 3214 990.

266 3391 299 3530 †
316 3447 352 3510 ln
370 3439 510 3509 nomine
525 3441 656 3508 domini
672 3442 819 3527 septimo
836 3461 926 3509 anno
942 3444 1159 3528 principatus
1173 3445 1289 3511 domni
1306 3447 1416 3514 nostri
1433 3448 1576 3514 iohanni
1600 3452 1635 3516 et
1651 3449 1799 3518 secundo
1816 3469 1907 3518 anno
1935 3452 2061 3537 princi·

203 3601 310 3680 patus
336 3596 454 3662 domni
480 3595 668 3680 guaimarii
693 3597 767 3665 eius
790 3597 862 3663 filio
886 3597 1030 3680 gloriosi
1055 3598 1282 3682 principibus,
1301 3617 1418 3666 mense
1443 3601 1559 3668 iunius
1581 3602 1687 3668 tertia
1711 3602 1909 3670 indictione.
1929 3605 2066 3673 declaro

204 3767 274 3832 ego
304 3765 424 3814 manso
440 3749 639 3818 atrianense
654 3748 744 3815 filius
760 3747 931 3832 quondam
950 3747 1076 3814 marini
1093 3746 1197 3814 iudici
1212 3766 1255 3814 ex
1272 3749 1414 3815 cibitate
1430 3749 1642 3818 salernitana
1659 3755 1739 3819 ante
1762 3753 1945 3840 subscripti
1968 3758 2067 3824 nobi-

204 3899 308 3976 libus,
335 3899 498 3984 quoniam
522 3900 596 3984 ipse
620 3898 756 3984 genitor
779 3917 877 3966 meus
900 3917 945 3965 ex
968 3899 1181 3967 successione
1204 3900 1235 3966 ei
1260 3902 1387 3966 habore
1411 3903 1580 3985 pertinuit
1603 3905 1705 3970 rebus
1729 3905 1902 3971 inlocum
1927 3906 2065 3973 cetaria

200 4053 421 4120 salernitane
437 4053 563 4120 finibus
579 4057 613 4120 et
629 4071 695 4136 ego
711 4051 908 4120 nominatus
923 4069 1044 4118 manso
1060 4051 1103 4119 de
1127 4051 1211 4135 ipsis
1235 4051 1337 4118 rebus
1359 4051 1507 4119 dibisam
1531 4051 1639 4121 babeo
1662 4072 1740 4120 cunr
1765 4058 1943 4139 germanis
1966 4059 2062 4136 meis,

202 4210 239 4272 et
257 4207 377 4290 aliqua
395 4225 476 4290 pars
493 4205 572 4274 inde
588 4225 767 4275 commune
782 4208 891 4273 babeo
909 4225 1014 4291 usque
1030 4224 1120 4291 aqua
1136 4224 1202 4290 que
1217 4205 1344 4272 dicitur
1368 4205 1410 4275 de
1432 4207 1629 4274 llescbetole
1653 4226 1731 4275 cum
1755 4227 1837 4293 pars
1862 4192 2065 4278 monasterii

149 4387 157 4399 ·
203 4357 318 4424 sancti
337 4358 519 4438 benedicti,
539 4358 595 4444 qui
612 4359 717 4426 situm
731 4359 834 4426 estin
857 4360 968 4426 locum
987 4362 1079 4426 ercle
1103 4360 1158 4424 ubi
1183 4361 1313 4426 cauche
1335 4363 1479 4426 vocatur
1504 4359 1678 4427 territorio
1701 4361 1913 4442 amalfitano,
1939 4360 1976 4429 in
1999 4382 2067 4448 quo

204 4527 301 4574 nunc
316 4510 370 4575 vir
387 4509 593 4578 venerabilis
608 4512 661 4578 leo
676 4512 782 4577 abbas
798 4528 936 4595 preesse
952 4509 1098 4587 ridetur,
1113 4513 1146 4576 et
1163 4528 1239 4576 cum
1257 4508 1324 4594 ipsi
1341 4511 1519 4594 germanis
1536 4511 1621 4577 ineis
1637 4511 1716 4578 inde
1731 4529 1912 4579 commune
1939 4514 2062 4582 habeo

203 4661 301 4730 Unde
318 4679 463 4746 quoram
480 4661 672 4747 subscripto
687 4662 823 4730 notario
838 4665 871 4729 et
887 4662 1052 4748 predictis
1068 4659 1239 4730 nobilibus
1255 4663 1393 4730 brebem
1409 4661 1452 4730 de
1470 4662 1543 4748 ipsa
1555 4662 1725 4731 dibisione
1748 4665 1926 4733 firmatum
1939 4666 2060 4747 ostedi,

205 4818 241 4880 et
256 4815 376 4900 aliqua
391 4833 474 4899 pars
491 4813 571 4882 inde
586 4813 849 4882 declarabimus:
868 4811 1097 4892 continebant,
1111 4812 1258 4880 luissent
1272 4815 1434 4880 emissum
1451 4817 1550 4881 sexto
1567 4832 1656 4882 anno
1672 4816 1890 4901 principatus
1906 4819 2067 4904 supradi-

206 4967 253 5032 cti
270 4965 389 5033 domni
407 4967 549 5034 iohanni
567 4970 603 5032 et
617 4967 732 5051 primo
747 4984 839 5033 anno
855 4965 1073 5050 principatus
1088 4965 1279 5070 supradicti
1295 4966 1412 5033 domni
1429 4965 1617 5051 guaimarii
1633 4967 1707 5034 eius
1723 4967 1800 5047 filii,
1820 4986 1935 5037 mense
1950 4969 2068 5035 iunius

207 5118 362 5186 secunda
377 5119 578 5187 indictione.
597 5138 663 5204 ego
679 5120 878 5186 nominatus
895 5137 1016 5186 manso
1035 5118 1159 5186 dibidit
1176 5139 1252 5186 cum
1266 5139 1346 5187 urso
1363 5125 1398 5188 et
1412 5119 1567 5188 marinus
1582 5123 1616 5187 et
1632 5121 1684 5188 leo
1700 5121 1888 5188 atrianensi
1907 5121 2067 5204 germani

207 5275 274 5342 mei
294 5275 396 5343 rebus
419 5275 542 5338 nostra
562 5291 628 5357 que
651 5290 831 5340 commune
856 5273 1024 5338 babemus
1047 5272 1082 5336 in
1106 5273 1219 5339 locum
1236 5274 1364 5341 cetaria
1387 5275 1527 5339 hactum
1544 5275 1681 5341 salerno
1700 5293 1709 5357 3
1733 5275 1768 5337 et
1789 5288 1855 5354 ego
1871 5271 2069 5338 nominatus

209 5444 328 5495 manso
344 5441 402 5493 eos
417 5425 527 5492 dibidi
543 5427 578 5494 et
592 5425 674 5493 tecit
689 5443 763 5493 esse
785 5427 896 5492 tribus
913 5423 1075 5493 sortionis
1089 5423 1132 5491 de
1154 5427 1255 5494 rebus
1270 5425 1332 5493 illa
1347 5425 1434 5510 quod
1452 5426 1618 5492 habemus
1634 5422 1695 5489 illa
1710 5441 1794 5507 pars
1811 5421 1887 5506 ipso
1904 5421 2008 5490 dubio
2023 5422 2066 5492 de

209 5563 351 5656 cetaria,
369 5579 404 5644 et
427 5579 498 5646 alia
521 5582 613 5647 sorte
636 5579 717 5647 iecit
740 5598 815 5648 esse
839 5578 912 5646 ista·
927 5598 1010 5665 pars
1033 5579 1109 5664 ipso
1132 5578 1247 5647 flubio.
1267 5598 1338 5645 una
1359 5597 1403 5644 ex
1420 5579 1492 5662 ipse
1507 5577 1671 5644 sortionis
1686 5576 1768 5643 lecit
1783 5595 1857 5646 esse
1878 5581 1974 5646 terra
1988 5595 2066 5645 cum

209 5731 315 5799 binea
331 5733 366 5799 et
384 5733 530 5800 bacuum
545 5751 615 5801 uno
630 5735 782 5802 leniente
798 5753 859 5820 per
875 5736 938 5802 boe
962 5735 1062 5802 llnis:
1081 5733 1124 5803 de
1140 5734 1224 5819 pede
1248 5735 1318 5800 dne
1341 5736 1415 5816 ipso
1438 5731 1552 5811 dubie,
1571 5729 1721 5816 qualiter
1743 5731 1925 5816 coniungit
1940 5730 1983 5800 ad
1999 5733 2068 5800 fine

210 5884 301 5965 gutli
320 5883 532 5951 amalfitano:
550 5882 592 5951 de
608 5885 679 5952 alia
695 5887 795 5969 parte
817 5885 887 5952 fine
904 5883 1043 5951 iohanni
1062 5883 1125 5950 filii
1149 5884 1252 5960 leoni,
1278 5883 1367 5950 sicut
1389 5881 1520 5949 termiti
1543 5883 1578 5950 et
1594 5880 1708 5949 media
1733 5899 1814 5967 sepe
1836 5880 2013 5959 discernit,
2032 5887 2067 5949 ot
