5252 7102
981 603 1348 678 [llPLOMATlCUS
1982 626 2044 687 259

235 843 308 910 alia
323 843 513 922 fructifera,
530 847 565 911 et
581 843 749 910 faciamus
764 844 888 911 ibidem
905 846 1082 913 arbustum
1099 846 1236 926 bonum,
1254 848 1343 915 sicut
1359 849 1453 916 loeus
1469 849 1543 933 ipse
1559 851 1727 918 meruerit
1742 850 1834 918 etde
1850 853 1965 918 tantos
1982 871 2093 919 annos

235 995 357 1074 fuerit,
371 1001 405 1064 et
417 1013 553 1063 omnem
569 1014 698 1064 annum
712 997 782 1064 suis
794 997 1006 1081 temporibus
1022 1015 1081 1064 eos
1095 996 1137 1064 de
1152 1016 1190 1064 su
1193 1016 1257 1082 per
1272 1001 1306 1066 et
1320 998 1363 1065 de
1375 1000 1492 1066 subter
1507 1002 1699 1069 lavoremus
1710 1004 1744 1068 et
1759 1002 1937 1079 cultenrus,
1953 1003 1990 1066 ut
2005 1003 2093 1069 bene

235 1146 368 1232 paread
390 1149 581 1216 lavoratum
595 1149 630 1216 et
644 1149 825 1236 cultatum3
843 1150 878 1217 et
894 1149 1017 1217 amodo
1031 1150 1066 1217 et
1081 1168 1188 1234 usque
1204 1150 1271 1234 ipsi
1291 1148 1407 1217 decem
1431 1149 1511 1217 anni
1535 1152 1695 1236 completi
1718 1152 1761 1219 de
1784 1155 1949 1237 quantum
1972 1154 2091 1220 vinum

238 1297 275 1362 in
292 1299 408 1382 ipsum
425 1297 599 1382 pastinum
615 1299 809 1376 fecerimus,
828 1302 939 1365 totum
956 1301 991 1366 et
1005 1263 1159 1365 inclitum
1178 1299 1256 1366 illos
1279 1299 1378 1367 nobis
1401 1303 1561 1366 abeamus
1583 1302 1618 1366 61
1640 1300 1806 1367 faciamus
1829 1302 1955 1370 exinde
1977 1303 2092 1368 omnia

238 1448 327 1533 quod
345 1450 567 1534 voluerimus,
586 1451 712 1535 absque
728 1449 823 1517 omni
838 1451 1114 1520 contrarietatem
1137 1451 1246 1536 ipsius
1272 1449 1390 1531 domni
1414 1452 1550 1526 abbatis
1572 1453 1627 1518 161
1649 1450 1692 1519 16
1714 1469 1929 1520 successores
1952 1471 2032 1520 suos
2056 1457 2091 1520 et

237 1601 283 1667 da
298 1620 382 1686 pars
396 1601 504 1686 ipsius
519 1600 698 1670 hecclesie:
716 1605 852 1669 tantum
864 1602 907 1672 16
919 1621 1016 1688 quem
1034 1602 1158 1670 ibidem
1175 1604 1472 1682 seminaverimus,
1491 1621 1592 1670 omne
1606 1621 1735 1670 annum
1751 1603 1871 1673 demus
1887 1605 1967 1673 inde
1983 1609 2092 1673 terra-

235 1752 342 1819 ticum
359 1750 403 1818 ad
419 1770 502 1837 pars
518 1751 682 1820 iamdicto
697 1752 875 1832 hecclesie,
893 1753 1078 1842 secundum
1096 1753 1378 1822 consuetudinem
1396 1753 1505 1837 ipsius
1532 1755 1628 1821 locis.
1655 1756 1690 1820 et
1710 1754 1756 1820 da
1779 1755 1846 1838 ipsi
1869 1754 1984 1823 decem
2008 1759 2090 1824 anni

235 1905 400 1988 completi
419 1904 453 1968 in
471 1866 586 1983 antea,
606 1904 687 1971 dum
703 1923 766 1974 nos
782 1907 839 1990 qui
854 1925 960 1992 supra
977 1905 1143 1974 iohannes
1159 1908 1195 1974 61
1210 1907 1295 1973 meis
1311 1906 1496 1974 heredibus
1515 1908 1591 1974 illos
1615 1909 1733 1976 tenere
1759 1907 1965 1974 voluerimus
1982 1907 2024 1974 ad
2041 1910 2091 1974 la-

235 2057 428 2126 vorandum
445 2060 479 2127 61
494 2057 733 2143 frugiandum,
747 2059 921 2126 licentiam
940 2061 975 2126 et
990 2061 1189 2143 potestatem
1206 2058 1396 2126 habeamus
1411 2079 1474 2126 nos
1490 2059 1686 2144 nostrisque
1699 2059 1884 2127 heredibus
1898 2078 1956 2127 cos
1972 2063 2090 2128 tenere

238 2211 275 2274 et
289 2207 480 2288 dominare,
495 2211 530 2276 et
544 2212 702 2277 larorare
717 2213 752 2278 61
766 2211 923 2295 frugiare
938 2211 981 2278 de
996 2229 1100 2295 super
1117 2213 1151 2280 61
1166 2211 1209 2278 16
1223 2213 1340 2278 subter
1355 2212 1426 2280 suis
1441 2211 1650 2295 temporibus
1666 2229 1767 2278 omne
1783 2230 1926 2298 annum;
1940 2213 1975 2279 61
1990 2228 2091 2278 611116

237 2378 368 2428 annum
385 2380 449 2446 per
464 2362 539 2446 ipse
555 2362 726 2430 vindemie
742 2363 911 2430 faciamus
925 2364 1015 2430 scire
1030 2381 1113 2447 pars
1128 2364 1296 2446 prephato
1313 2362 1492 2440 hecclesie,
1511 2364 1546 2429 61
1571 2365 1659 2428 iusto
1683 2363 1804 2430 ordine
1826 2381 1883 2432 eos
1905 2363 2091 2432 vindemie·

236 2529 314 2578 mus
330 2513 365 2578 61
380 2511 423 2578 61
440 2513 652 2597 palmentum
669 2513 745 2597 ipso
760 2513 879 2579 vinum
894 2512 930 2578 in
945 2513 1087 2579 tertiam
1103 2514 1237 2597 partem
1252 2511 1447 2579 dividamus
1458 2529 1535 2579 curn
1549 2531 1630 2596 pars
1646 2512 1807 2581 iamdicto
1824 2515 2003 2582 hecclesie:
2022 2490 2093 2582 illis

235 2663 363 2730 exinde
378 2665 500 2730 tollant
514 2663 655 2730 tertiam
671 2665 805 2748 partem
823 2663 866 2729 16
884 2663 958 2748 ipso
973 2664 1104 2740 vinum,
1122 2665 1157 2729 et
1171 2679 1233 2729 nos
1249 2663 1442 2746 nostrisque
1459 2663 1641 2730 heredibus
1658 2680 1760 2730 omne
1782 2682 1909 2730 annum
1934 2666 2092 2731 tollamus

236 2829 336 2880 omne
351 2831 479 2880 annum
495 2812 560 2879 due
574 2813 678 2881 sortis
693 2812 736 2880 de
756 2813 830 2897 ipso
858 2814 990 2892 vinum,
1010 2815 1045 2880 61
1068 2830 1131 2880 nos
1154 2813 1350 2879 conciemus
1374 2829 1627 2882 omneannum
1652 2814 1727 2898 ipso
1751 2831 1943 2900 organeum
1966 2815 2009 2882 de
2031 2832 2094 2881 no-

198 3014 201 3018 .
236 2967 349 3032 strum
366 2966 521 3033 ordinem
537 2971 574 3033 61
590 2966 813 3052 expendium,
831 2966 891 3033 ubi
906 2985 1114 3054 reponamus
1131 2967 1210 3050 ipsa
1235 2965 1391 3032 sortione
1413 2983 1530 3033 eorum
1554 2965 1596 3034 16
1618 2965 1695 3050 ipso
1717 2966 1848 3043 vinum,
1875 2967 1909 3032 et
1931 2983 1993 3034 nos
2017 2965 2095 3034 illos

236 3123 415 3204 portemus
431 3137 549 3188 eorum
565 3122 643 3205 ipsa
658 3120 809 3189 sortione
825 3121 868 3186 dc
892 3121 967 3204 ipso
983 3081 1102 3186 vinum
1125 3118 1297 3204 usquead
1321 3117 1388 3202 ipsi
1411 3119 1518 3202 pariti
1545 3118 1589 3185 de
1611 3117 1765 3198 nuceria,
1791 3118 1849 3184 uhi
1873 3135 2005 3201 semper
2029 3119 2095 3184 fuit

238 3272 449 3341 consuetudo
463 3272 506 3340 de
533 3273 654 3340 vinum
677 3289 846 3356 reponere
869 3289 952 3355 pars
975 3270 1138 3337 iamdicto
1161 3270 1329 3338 hecclesie
1353 3271 1390 3336 in
1412 3289 1476 3336 sua
1500 3288 1655 3353 organea
1678 3288 1756 3340 curn
1780 3272 1936 3337 nostrum
1960 3269 2092 3349 ordine,

238 3425 328 3491 sicut
344 3423 554 3492 consuetudo
570 3426 633 3500 est,
651 3426 687 3491 et
701 3425 844 3491 missum
861 3442 961 3490 suum
976 3441 1078 3507 quem
1100 3423 1149 3489 ibi
1164 3421 1332 3489 direxerit
1355 3439 1418 3504 per
1444 3420 1615 3487 vindemie
1638 3423 1805 3505 tempore,
1824 3437 1887 3488 nos
1910 3419 2009 3488 illum
2031 3440 2096 3489 nu·

238 3577 386 3642 triamus
401 3576 492 3642 iusto
508 3574 629 3642 ordine
645 3573 687 3643 de
702 3576 819 3640 nostra
832 3574 992 3652 vibenda,
1010 3574 1092 3640 dum
1108 3573 1242 3642 steterit
1258 3571 1303 3638 ad
1319 3536 1395 3658 ipsa
1420 3571 1594 3638 vindemia
1617 3571 1658 3638 ad
1685 3572 1760 3656 ipso
1784 3573 1904 3638 vinum
1927 3571 2096 3655 recipien-

138 3813 144 3826 ·
238 3727 320 3793 dum
336 3744 437 3794 omne
455 3744 595 3794 annum.
614 3729 649 3794 et
664 3725 694 3794 si
710 3745 773 3810 per
788 3727 877 3792 iram
893 3726 1089 3794 defensores
1106 3745 1166 3794 seu
1192 3744 1257 3810 pro
1281 3725 1351 3792 alia
1373 3743 1477 3792 causa
1499 3741 1563 3791 nos
1589 3725 1650 3790 aut
1676 3724 1803 3793 nostris
1828 3722 1974 3790 heredes
2000 3723 2096 3788 exuti
2190 3752 2193 3761 1

132 3925 135 3934 .
237 3881 406 3947 fuerimus
419 3878 463 3954 61
479 3878 702 3946 habitandum
718 3877 762 3944 16
775 3896 815 3944 66
831 3880 928 3945 16116
943 3879 1121 3956 nucerina,
1140 3880 1262 3944 utnon
1278 3895 1453 3960 possamus
1476 3879 1633 3964 lavorare
1649 3877 1683 3944 et
1698 3876 1855 3958 frugiare
1876 3877 1953 3958 ipsa
1976 3873 2097 3942 eadem

240 4028 818 4114 1611611111161661116111611116
834 4028 990 4113 predicta
1006 4031 1109 4096 rebus
1127 4028 1269 4097 redeant
1284 4027 1328 4092 61
1355 4027 1560 4110 potestatem
1584 4024 1739 4109 predicte
1761 4005 1931 4091 hecclesie
1954 4023 2095 4107 eiusque

239 4183 445 4268 rectoribus3
463 4185 542 4249 etsi
558 4182 737 4248 infratrss
754 4181 836 4247 anni
852 4197 914 4246 nos
942 4182 995 4246 161
1019 4180 1155 4246 nostros
1178 4177 1320 4247 heredes
1343 4177 1471 4245 rebersi
1495 4175 1660 4242 fuerimus
1683 4172 1727 4240 ad
1751 4172 1977 4239 habitandum
2002 4173 2097 4238 infra

238 4337 337 4399 16116
351 4333 532 4410 nucerina,
548 4333 627 4416 ipsa
641 4331 797 4416 predicta
812 4334 914 4400 rebus
931 4331 1076 4398 redeant
1094 4329 1138 4397 ad
1155 4332 1308 4396 nostram
1325 4329 1377 4395 vel
1402 4327 1445 4394 de
1468 4325 1595 4392 nostris
1619 4322 1799 4392 heredibus
1823 4323 2021 4406 potestatem
2047 4319 2090 4386 ad

238 4482 471 4548 lavoraudum
489 4484 523 4549 61
538 4457 816 4566 111116111111
833 4481 988 4564 predicta
1005 4481 1152 4558 rationo,
1170 4479 1250 4545 dum
1268 4497 1331 4544 nos
1347 4477 1425 4542 illos
1440 4476 1557 4543 tenere
1573 4473 1783 4539 voluerimus
1805 4471 1847 4537 ad
1871 4465 2095 4537 lavorandum

237 4634 518 4718 etfrugiandum
536 4636 812 4721 omnitempore.
832 4636 866 4703 et
891 4633 921 4702 si
945 4633 1037 4700 infra
1059 4633 1127 4716 ipsi
1152 4630 1298 4715 predicti
1323 4632 1393 4695 tres
1416 4627 1501 4704 anni
1523 4644 1593 4692 non
1617 4624 1783 4691 fuerimus
1806 4638 1869 4688 nos
1897 4621 2024 4689 rebersi
2053 4621 2096 4687 ad

237 4788 472 4854 habitandum
489 4788 583 4856 insra
596 4790 750 4866 nuceria,
768 4789 807 4853 ut
821 4786 896 4872 ipsa
912 4788 1013 4854 rebus
1028 4804 1099 4852 non
1114 4801 1293 4868 possamus
1317 4783 1477 4847 lavorare
1499 4785 1533 4847 et
1557 4775 1724 4860 frugiare,
1746 4773 1922 4842 licentiam
1947 4762 1981 4839 et
2003 4775 2064 4856 pot
2084 4736 2101 4817 -Ᾰ
2157 4847 2160 4852 ,

244 4943 367 5008 statem
383 4943 536 5008 habeant
551 4960 632 5026 pars
648 4942 810 5008 iamdicto
826 4941 996 5008 hecclesie
1010 4937 1151 5022 eiusque
1167 4935 1359 5003 rectoribus
1374 4934 1452 5017 ipsa
1466 4931 1584 4998 eadem
1599 4931 1702 4996 rebus
1718 4927 1802 4995 1616
1820 4925 1860 4992 61
1878 4923 2099 4993 lavorandum

242 5094 278 5159 et
293 5093 516 5178 frugiandum
540 5095 593 5161 cui
609 5094 769 5172 boluerit,
787 5095 912 5177 absque
929 5091 1021 5158 omni
1038 5093 1156 5158 nostra
1171 5088 1414 5154 contrarietate
1429 5088 1484 5152 vel
1500 5083 1735 5169 requisitione.
1750 5079 1839 5164 quod
1854 5079 1884 5142 si
1901 5075 2014 5142 taliter
2030 5077 2095 5144 eto.

245 5241 411 5326 Sequitur
423 5242 579 5324 maala
594 5245 764 5311 consueto.
786 5241 1022 5323 Compensatio
1040 5239 1186 5324 definita
1197 5237 1266 5319 fuit
1277 5253 1346 5318 per
1361 5235 1486 5319 oipinti
1509 5249 1631 5299 aurcos
1653 5229 1775 5295 solidos
1797 5225 2096 5294 constantinianos.

303 5366 421 5478 16116
445 5394 547 5479 guiso
570 5395 727 5460 notarius
751 5391 894 5461 interfui
916 5395 951 5460 et
971 5394 1064 5458 hunc
1089 5389 1225 5460 brebem
1247 5385 1371 5472 scripsi

303 5516 334 5629 †
355 5562 422 5629 ego
445 5545 504 5630 qui
527 5562 636 5628 supra
657 5543 811 5610 landoari

305 5670 335 5782 †
359 5715 427 5781 ego
450 5695 508 5783 qui
533 5715 641 5782 supra
663 5712 830 5764 cennamo
853 5695 1022 5780 presbiter
1045 5696 1079 5760 et
1103 5693 1207 5760 abbas

302 5821 333 5933 †
356 5866 423 5933 ego
447 5851 539 5917 maio
563 5851 743 5936 presbiter.
