5286 7098
614 639 655 698 m
1273 616 1436 690 cubux
1479 617 1711 690 cavensis

566 869 601 934 et
612 867 685 935 suis
698 863 881 933 heredibus
893 881 956 948 per
968 863 1041 947 ipsa
1054 860 1171 929 eadem
1186 859 1316 945 guadia
1328 865 1365 928 at
1375 858 1648 946 componendum
1661 859 1759 927 nobis
1770 865 1806 928 et
1817 861 1853 928 in
1866 861 2022 946 partibus
2033 863 2142 948 ipsius
2154 867 2291 936 ecclesie
2302 867 2414 935 decem

561 1017 689 1086 solidos
705 1017 941 1102 costantinos3
959 1015 1049 1084 unde
1065 1013 1195 1100 guadia
1210 1015 1285 1099 ipse
1302 1013 1392 1080 mari
1408 1013 1508 1081 nobis
1534 1011 1630 1080 dedit
1655 1014 1688 1081 et
1714 1011 1939 1083 mediatorem
1966 1015 2065 1083 nobis
2092 1017 2205 1102 posuit
2231 1020 2415 1089 lambertus

565 1172 724 1248 clericus
743 1173 782 1239 ut
796 1169 915 1238 taliter
931 1169 1009 1237 illos
1025 1167 1124 1235 nobis
1138 1166 1328 1250 adimplere
1343 1185 1405 1250 per
1417 1163 1614 1250 supradicta
1627 1163 1756 1248 guadia
1767 1183 1829 1249 per
1841 1165 1983 1232 imvitis.
1997 1169 2033 1234 et
2044 1168 2136 1234 hunc
2149 1166 2285 1239 brebem
2296 1171 2414 1238 scribsi

562 1342 631 1409 ego
646 1322 809 1394 ildericus
823 1322 1053 1390 subdiaconus
1068 1324 1102 1388 et
1119 1321 1275 1388 notarius
1290 1320 1349 1404 qui
1366 1320 1517 1388 interlui.

620 1449 650 1560 †
666 1493 733 1562 ego
748 1477 807 1562 qui
824 1493 932 1560 supra
947 1479 1067 1560 petrus

620 1602 729 1714 †ego
744 1629 899 1696 ioannes.

1340 2132 1644 2212 CCXLVII.

1346 2377 1400 2452 A.
1439 2377 1490 2453 D.
1526 2373 1629 2454 ebe.

626 2637 713 2772 †ln
739 2689 878 2754 nomine
900 2687 1029 2753 domiui
1052 2687 1226 2752 tricesimo
1248 2687 1368 2768 quarto
1395 2701 1487 2749 auno
1509 2683 1726 2768 principatus
1749 2684 1866 2751 domni
1892 2685 2000 2751 riustri
2017 2687 2130 2771 gisolfi
2147 2687 2301 2768 glorioso
2324 2687 2419 2771 prin-

563 2857 655 2924 ceps,
682 2859 799 2908 mense
822 2841 989 2908 noctuber
1010 2838 1144 2906 decima
1166 2836 1366 2904 indictione.
1391 2837 1672 2904 memoratorium
1691 2837 1783 2904 factu
1806 2855 1901 2904 ame
1924 2794 2043 2921 petrus
2066 2836 2236 2922 presbiter
2257 2842 2293 2907 et
2316 2840 2420 2905 abbas

562 2991 708 3058 ecclesie
732 2989 822 3057 santi
846 2989 1002 3067 maximi,
1021 3005 1062 3056 eo
1085 2986 1174 3074 quod
1201 2987 1238 3053 in
1260 2987 1403 3057 nuceria
1426 2989 1507 3057 ante
1529 2986 1707 3072 presentia
1728 2987 1836 3054 siconi
1860 2986 2010 3072 gastaldi
2033 2989 2069 3054 et
2090 2988 2361 3074 subscriptorum
2377 2995 2422 3060 te

564 3144 666 3211 stium
690 3141 786 3211 dedit
808 3145 846 3210 at
867 3142 1092 3214 lavorandum
1117 3143 1241 3208 minuti
1269 3141 1361 3208 filius
1384 3140 1600 3208 tratemundi
1625 3139 1668 3210 de
1695 3142 1910 3209 barvazzanu
1933 3160 2003 3210 una
2025 3141 2123 3226 pecia
2145 3141 2187 3212 de
2210 3145 2305 3212 terra
2331 3159 2421 3208 cam-

563 3313 670 3378 pense
697 3295 930 3379 pertinentem
954 3295 1032 3364 uius
1057 3296 1224 3372 ecclesie,
1250 3311 1316 3379 que
1343 3295 1454 3362 estin
1478 3294 1596 3365 eodem
1619 3297 1732 3362 locum
1756 3297 1979 3372 barvazzanu,
2002 3313 2068 3380 que
2089 3297 2141 3364 est
2164 3293 2206 3364 de
2234 3312 2304 3362 una
2326 3298 2421 3380 parte

563 3447 751 3514 coniuncta
772 3449 807 3512 at
829 3447 897 3514 lino
920 3447 1050 3514 ruaioni
1074 3447 1223 3532 gastaldi
1247 3447 1339 3516 lilius
1361 3445 1511 3531 guaiferi
1534 3445 1594 3531 qui
1618 3445 1683 3514 suit
1706 3446 1898 3531 gastaldus,
1928 3455 1962 3515 et
1989 3447 2058 3517 dne
2080 3446 2123 3515 de
2149 3445 2331 3516 caudetani
2360 3449 2420 3514 ho-

565 3598 729 3676 minibus
754 3597 847 3666 etde
869 3599 940 3666 alia
962 3603 1061 3682 parte
1084 3599 1153 3666 line
1177 3599 1268 3666 leoni
1293 3600 1498 3676 atraniensi‚
1514 3601 1548 3666 et
1564 3597 1607 3666 de
1622 3598 1754 3668 duobus
1778 3601 1935 3684 partibus
1958 3600 2027 3695 line
2050 3599 2159 3685 ipsius
2182 3597 2325 3670 ecclesie
2345 3617 2423 3668 san·

568 3752 614 3818 cti
634 3750 792 3837 maximi3
811 3751 875 3818 tali
898 3749 1019 3818 ordine
1043 3751 1151 3835 ipsius
1174 3751 1297 3818 minuti
1321 3754 1357 3817 at
1380 3751 1607 3818 lavorandum
1630 3750 1737 3829 dedit,
1763 3754 1801 3818 ut
1824 3751 1905 3821 dum
1920 3755 2065 3837 parutus
2090 3753 2207 3832 luent,
2231 3751 2319 3837 quod
2345 3753 2423 3837 ipsa

568 3909 663 3972 terra
684 3907 843 3973 laborare
867 3923 904 3972 se
926 3904 1078 3989 potuerit
1106 3907 1141 3971 et
1168 3904 1252 3970 balii
1280 3905 1476 3972 hominibus
1504 3904 1541 3971 in
1567 3903 1686 3972 eodem
1711 3907 1822 3972 locum
1846 3906 2078 3982 lavorabortt,
2109 3905 2183 3990 ipse
2209 3904 2360 3972 minutus
2387 3907 2422 3973 et

568 4057 643 4123 eius
667 4055 809 4124 heredes
838 4055 916 4124 illos
950 4057 1108 4122 lavorare
1130 4058 1164 4124 et
1195 4055 1276 4135 inde
1307 4058 1343 4122 at
1375 4055 1599 4123 lavorandum
1626 4055 1734 4130 dare,
1761 4059 1800 4123 ut
1830 4056 1900 4124 suis
1923 4056 2133 4142 temporibus
2164 4057 2242 4124 illos
2268 4058 2423 4124 lavorarc

569 4227 670 4277 omne
693 4227 822 4276 annum
846 4213 881 4276 et
907 4208 1096 4277 secundum
1129 4209 1410 4278 consuetudinem
1442 4209 1552 4294 ipsius
1580 4212 1644 4278 loci
1677 4211 1877 4279 terraticum
1904 4210 1940 4276 iu
1968 4210 2125 4295 partibus
2149 4210 2257 4295 ipsius
2283 4209 2422 4278 ecclesie

570 4361 652 4427 dare
675 4362 711 4426 at
732 4360 845 4446 ipsum
863 4359 1117 4429 vicedominum
1135 4365 1302 4438 nostrum,
1321 4361 1433 4446 quiin
1457 4364 1532 4447 ipsa
1556 4363 1702 4431 ecclesia
1725 4361 1839 4431 suerit.
1861 4361 1950 4430 unde
1972 4381 2037 4446 pro
2058 4362 2176 4430 taliter
2198 4361 2329 4448 guadia
2351 4362 2423 4447 ipse

569 4509 722 4577 minutus
742 4510 828 4577 mihi
843 4510 937 4578 dedit
951 4515 986 4579 et
1002 4512 1224 4580 mediatorem
1242 4532 1279 4580 se
1297 4514 1410 4599 ipsum
1437 4514 1521 4581 mihi
1547 4515 1661 4600 posuit
1682 4515 1746 4583 tali
1763 4516 1908 4592 ratione,
1929 4518 1967 4582 ut
1980 4515 2010 4584 si
2034 4518 2098 4583 hec
2121 4515 2237 4582 omnia
2259 4532 2327 4601 que
2350 4531 2425 4599 pre-

574 4659 727 4743 legitur,
754 4657 828 4743 ipse
851 4659 1005 4728 minutus
1028 4662 1159 4728 eteius
1182 4663 1324 4732 herodes
1350 4666 1447 4732 nobis
1470 4668 1505 4734 et
1526 4665 1564 4733 in
1587 4667 1744 4751 partibus
1772 4666 1881 4752 ipsius
1903 4665 2048 4734 ecclesie
2070 4682 2139 4732 non
2162 4663 2422 4749 adimplebant,

574 4808 744 4893 obligavit
770 4826 806 4876 se
830 4827 893 4894 per
911 4811 987 4895 ipsa
1009 4811 1128 4879 eadem
1152 4812 1283 4897 guadia
1305 4819 1340 4880 at
1363 4816 1638 4902 componendum
1661 4817 1759 4885 nobis
1782 4815 1991 4902 inpartibus
2014 4816 2123 4901 ipsius
2145 4814 2289 4883 ecclesie
2311 4811 2423 4882 decem

573 4958 699 5027 solidos
723 4977 844 5027 aureos
867 4963 1092 5042 cusentinos,
1118 4965 1152 5031 et
1176 4983 1239 5049 per
1264 4967 1391 5036 imvitis
1414 4969 1527 5038 taliter
1550 4927 1628 5037 illos
1651 4968 1850 5054 adimplere.
1877 4972 1912 5034 et
1934 4970 2024 5036 hunc
2048 4969 2184 5037 brebem
2209 4967 2331 5034 scribsi
2359 4982 2422 5050 ego

576 5111 737 5180 ildericus
759 5110 989 5180 subdiaconus
1012 5118 1046 5179 et
1070 5117 1227 5183 notarius
1252 5116 1311 5201 qui
1334 5117 1486 5186 interfui.

632 5239 743 5348 †ego
760 5263 952 5332 richardus.
1052 5305 1057 5316 ·
