5216 7092
580 607 641 668 188
1264 581 1430 654 CODEX
1473 583 1710 657 onvaNSls

538 855 648 906 meum
674 854 751 903 oum
775 851 855 900 oasa
878 834 912 899 et
935 828 1120 898 serraturia
1143 829 1178 893 et
1201 825 1296 893 omni
1320 824 1468 893 hordine
1486 845 1572 905 suo,
1599 827 1688 912 qnod
1713 804 1824 897 habeo
1848 831 1885 897 in
1911 832 2016 898 flabio
2040 835 2185 917 rineolu,
2212 841 2321 909 locum
2337 849 2389 914 ubi

538 989 698 1075 palomba
712 984 990 1054 dicitnr‘finibus
1018 983 1241 1054 salernitane.
1262 980 1352 1049 unde
1375 998 1440 1066 pro
1463 981 1580 1049 taliter
1605 1001 1663 1050 sue
1680 985 1878 1054 volumtatis
1901 987 2033 1071 guadia
2056 975 2143 1058 mihi
2166 993 2334 1065 dederunt
2354 1005 2384 1066 et

536 1140 680 1225 seipsis
705 1137 914 1206 mediatores
941 1137 1026 1204 mihi
1051 1135 1253 1222 posuerunt3
1270 1135 1305 1200 et
1329 1152 1392 1218 per
1416 1135 1493 1218 ipsa
1516 1134 1648 1218 guadia
1672 1138 1917 1222 obligaberunt
1939 1157 1976 1207 se
2001 1159 2148 1230 suosque
2171 1149 2326 1231 heredes
2353 1159 2386 1223 ut

534 1268 658 1358 amodo
674 1264 831 1375 etusque
847 1291 922 1357 octo
946 1289 1029 1357 anni
1054 1288 1215 1373 completi
1237 1288 1394 1355 inclitum
1420 1286 1533 1371 ipsum
1557 1288 1734 1369 molinum,
1753 1290 1903 1375 qualiter
1925 1295 2120 1363 conciatum
2143 1299 2178 1366 et
2200 1299 2388 1372 edificatum

535 1447 599 1523 est,
619 1463 697 1512 oum
715 1444 841 1512 trasita
857 1445 891 1512 et
907 1443 1004 1510 exita
1019 1460 1084 1511 sua
1099 1443 1133 1509 et
1149 1460 1224 1507 cum
1243 1440 1338 1508 omni
1354 1438 1476 1508 ordine
1491 1457 1552 1507 suo
1569 1459 1630 1508 sue
1646 1443 1826 1526 potestatis
1842 1445 1960 1513 tenere
1976 1451 2011 1514 et
2034 1447 2226 1530 dominare,
2246 1454 2282 1518 et
2303 1455 2390 1525 sobee

469 1613 477 1624 ’
535 1597 570 1662 et
586 1595 698 1664 omnis
714 1613 776 1662 sue
800 1592 962 1661 utilitatis
985 1592 1111 1659 ibidem
1135 1593 1261 1670 iacere,
1280 1591 1431 1676 qualiter
1454 1592 1601 1659 voluerit
1622 1594 1714 1660 iusta
1736 1593 1883 1672 ratione,
1902 1599 1937 1662 et
1960 1597 2071 1664 omnis
2095 1602 2268 1669 molatura
2296 1622 2388 1688 quam

537 1745 618 1814 inde
635 1745 767 1823 tulerit,
787 1745 981 1811 annualiter
998 1761 1106 1830 usque
1122 1743 1199 1826 ipso
1224 1743 1450 1811 constitutum
1475 1761 1536 1823 per
1561 1744 1778 1812 medietatem
1802 1747 1878 1812 illut
1901 1747 1991 1816 inter
2014 1767 2078 1816 nos
2100 1748 2317 1839 dividerent;
2333 1773 2391 1840 ego

528 1903 592 1980 ¹vel
609 1916 702 1966 meos
718 1897 864 1968 heredes
887 1899 1047 1965 tollamus
1072 1897 1151 1964 illut
1174 1894 1404 1973 medietatem,
1424 1899 1458 1962 et
1480 1885 1549 1964 illis
1573 1896 1806 1984 medietatem3
1825 1900 1859 1965 et
1882 1915 1903 1964 a
1925 1917 1992 1984 quo
2015 1917 2092 1967 oum
2118 1900 2191 1986 ipse
2213 1906 2316 1983 mole,
2334 1925 2391 1992 que

536 2051 638 2118 modo
654 2049 781 2118 ibidem
800 2051 891 2130 sunt,
910 2068 1094 2118 macenare
1110 2067 1179 2116 non
1195 2048 1349 2134 potuerit
1365 2051 1527 2134 perfecte,
1547 2053 1627 2117 tuno
1643 2049 1713 2118 illis
1728 2052 1764 2117 et
1778 2051 1850 2118 suis
1865 2052 2049 2122 heredibus
2065 2057 2205 2124 mittere
2220 2076 2294 2125 una
2309 2061 2392 2128 mola

535 2205 623 2270 bona
639 2205 674 2270 et
689 2219 753 2270 nos
770 2203 853 2281 alia,
872 2204 905 2270 et
921 2203 980 2269 ille
997 2200 1123 2268 ibidem
1141 2219 1331 2289 reponere3
1350 2205 1384 2269 et
1407 2204 1436 2270 si
1461 2203 1651 2272 ferraturis
1672 2201 1801 2272 exinde
1823 2223 1861 2272 se
1884 2209 2031 2290 ruperit,
2057 2203 2126 2276 illis
2141 2227 2216 2276 eam
2240 2211 2391 2279 conoiare

533 2360 636 2438 bona,
655 2361 688 2428 et
705 2359 781 2444 ipso
797 2359 927 2425 molino
944 2360 994 2425 sic
1011 2357 1183 2437 conciam,
1200 2365 1236 2425 ut
1251 2359 1402 2442 perfecte
1418 2359 1597 2426 macinare
1613 2377 1763 2443 possam.
1787 2359 1828 2426 ad
1846 2360 2006 2445 completi
2023 2361 2092 2446 ipsi
2107 2364 2183 2430 octo
2197 2364 2282 2430 anni
2297 2364 2391 2432 liceat

537 2509 608 2576 illis
624 2513 658 2575 ot
673 2510 746 2576 suis
762 2509 947 2576 heredibus
964 2509 1090 2578 exinde
1106 2511 1204 2578 exire
1220 2528 1298 2576 oum
1314 2529 1376 2577 sua
1391 2528 1506 2589 causa,
1525 2511 1560 2577 et
1576 2511 1733 2579 inclitum
1756 2512 1869 2596 ipsum
1893 2513 2073 2591 molinum,
2093 2513 2239 2598 qualiter
2265 2516 2391 2582 concia-

536 2660 609 2738 tum
626 2661 660 2727 et
675 2658 874 2727 edificatum
893 2663 954 2737 est,
971 2663 1129 2730 rebertas
1146 2663 1188 2728 ad
1207 2664 1377 2747 potestate
1391 2665 1511 2730 nostra
1531 2664 1584 2729 vel
1600 2661 1644 2729 de
1659 2663 1786 2731 nostris
1800 2662 1998 2731 heredibus.
2015 2665 2111 2742 Quod
2134 2665 2164 2732 si
2179 2666 2316 2751 aliquit,
2334 2670 2390 2735 etc:

532 2811 644 2880 Malta
661 2814 783 2896 bipinla'
803 2832 989 2882 abacorum
1004 2816 1190 2882 solidorum
1205 2817 1571 2884 constantinianornm.
1591 2819 1625 2884 et
1640 2819 1731 2884 hunc
1747 2819 1884 2884 brebem
1900 2817 2026 2902 scripsi
2049 2835 2116 2902 ego
2140 2817 2315 2904 jaquintus
2335 2839 2390 2888 no·

531 2966 643 3032 tarius
666 2969 726 3052 qui
749 2969 901 3036 interfui,

586 3089 696 3204 †ego
712 3119 892 3188 romoaldo

587 3241 617 3354 †
633 3289 700 3356 ego
717 3272 895 3340 maraldus

589 3394 618 3506 †
634 3441 699 3507 ego
716 3425 869 3491 ioannes.

1338 3928 1582 4008 CCCLV.

1315 4171 1370 4250 A.
1408 4171 1459 4250 D.
1497 4170 1601 4251 983.

591 4451 681 4586 †ln
696 4503 838 4569 nomine
861 4500 993 4568 domini
1015 4499 1166 4570 secundo
1190 4517 1284 4567 anno
1307 4499 1525 4585 principatus
1548 4498 1665 4568 domni
1688 4501 1800 4568 nostri
1823 4501 1982 4569 mansoni
2005 4504 2039 4571 et
2062 4501 2206 4570 iohanni
2230 4503 2296 4571 11111
2319 4503 2388 4570 eius

531 4653 679 4737 gloriosi
705 4652 894 4738 principes,
924 4668 1041 4719 mense
1057 4651 1171 4718 iunius
1197 4649 1378 4719 undecima
1403 4650 1605 4719 indictione.
1636 4653 1919 4722 memoratorium
1943 4653 2072 4721 factum
2095 4643 2116 4718 a
2141 4671 2196 4722 me
2222 4653 2389 4722 iohannes

534 4802 756 4871 amalfitanus
771 4801 845 4868 filio
859 4801 1020 4869 mauroni
1036 4801 1184 4880 comitis,
1203 4818 1244 4868 eo
1267 4800 1356 4887 quod
1381 4802 1475 4870 intus
1498 4803 1747 4871 salernitanam
1772 4803 1949 4872 cibitatem
1974 4805 2054 4872 ante
2075 4803 2254 4889 presentia
2276 4805 2390 4874 domni

497 4927 502 4938 ⁸
530 4958 639 5024 amati
655 4954 847 5028 venerabili
862 4957 995 5041 presuli
1011 4959 1129 5028 sancte
1143 4955 1234 5028 sedis
1253 4958 1479 5036 salernitane,
1498 4959 1533 5026 et
1546 4959 1627 5025 ante
1649 4976 1728 5027 eum
1752 4959 1907 5026 astarent
1929 4957 2123 5026 ademarius
2145 4957 2254 5028 iudex
2278 4963 2313 5028 et
2333 4959 2388 5028 alii

530 5109 718 5196 supsoripti
736 5110 922 5190 nobilibus,
948 5129 1012 5196 per
1034 5109 1299 5180 demandatione
1322 5111 1433 5196 ipsius
1455 5111 1573 5180 domni
1597 5112 1727 5196 presuli
1749 5111 1934 5183 coniuntus
1957 5128 2034 5178 sum
2049 5109 2091 5178 ad
2108 5128 2234 5179 vonam
2258 5114 2388 5180 combe-

529 5265 662 5333 nientia
677 5283 755 5331 eum
773 5265 941 5332 iohannes
958 5264 1061 5332 index
1077 5262 1261 5331 advocator
1277 5263 1385 5349 ipsios
1401 5265 1588 5350 episcopii:
1610 5265 1687 5350 ipse
1702 5265 1869 5332 iohannes
1886 5261 1988 5332 iudex
2004 5279 2068 5348 pro
2083 5263 2159 5331 vioe
2181 5263 2293 5348 ipsius
2317 5263 2385 5349 epi·

532 5409 642 5503 sco'pii
658 5419 802 5503 propter
819 5420 921 5487 rebus
936 5388 1015 5502 ipsa
1031 5415 1074 5484 de
1088 5416 1220 5484 cetaria
1234 5414 1294 5482 ubi
1308 5415 1352 5482 ad
1368 5417 1455 5484 fonti
1470 5415 1609 5498 dicitur,
1628 5435 1733 5503 quam
1750 5417 1825 5502 ipse
1840 5415 1985 5486 domnus
1999 5415 2180 5502 episcopus
2203 5435 2266 5503 per
2289 5417 2387 5483 firma

531 5570 669 5636 cartula
685 5543 966 5636 commutationis
982 5567 1104 5636 ordine
1120 5567 1241 5635 datum
1255 5567 1349 5634 abuit
1363 5537 1517 5654 areghisi
1534 5569 1652 5636 comiti
1670 5569 1743 5637 filio
1758 5567 1902 5638 iohanni
1918 5587 1981 5654 per
1996 5567 2088 5648 finis,
2106 5567 2197 5636 sicut
2212 5569 2291 5654 ipsa
2314 5585 2387 5634 car·

532 5725 607 5791 tula
629 5724 802 5800 continet,
822 5725 857 5790 et
880 5721 954 5808 ipse
977 5723 1130 5808 areghisi
1154 5739 1217 5808 per
1241 5723 1311 5790 alia
1333 5726 1469 5791 cartula
1492 5727 1594 5793 rebus
1616 5724 1695 5810 ipsa
1717 5725 1802 5793 mihi
1826 5723 1945 5792 datam
1968 5725 2056 5793 abet.
2083 5729 2157 5795 Nnc
2180 5721 2332 5809 quidem,
2350 5721 2387 5786 ut

532 5875 699 5957 diximus,
719 5896 780 5963 per
796 5877 1015 5962 largietatem
1031 5877 1140 5963 ipsius
1156 5875 1274 5946 domni
1290 5879 1416 5964 presuli
1443 5881 1477 5947 et
1500 5880 1613 5965 ipsum
1636 5883 1782 5960 asmata
1801 5897 1863 5965 per
1880 5895 1970 5946 vona
1993 5877 2240 5948 comvenientia
2255 5873 2383 5960 guadio
