5216 7092
549 607 612 668 232
1214 595 1377 668 CODEX
1416 597 1650 671 CAVENSIS

504 838 586 904 ante
602 795 681 928 ipsa
696 838 882 907 constituta
896 837 1100 924 cuicumque
1118 839 1195 907 illut
1217 839 1352 907 dederit
1375 842 1504 926 absque
1527 841 1729 912 solutionem
1746 843 1790 910 de
1806 861 1891 928 pars
1905 844 2062 929 predicte
2076 849 2221 917 ecclesie
2236 850 2297 926 sic,
2322 850 2362 914 ut

502 986 545 1053 de
560 985 700 1055 illorum
721 989 925 1072 potestatem
941 1007 1014 1059 esse
1030 991 1274 1074 supstractum,
1288 992 1369 1057 tunc
1386 990 1462 1058 sine
1476 992 1628 1080 pretium
1645 993 1802 1061 robertes
1817 994 1860 1061 ad
1875 998 2077 1080 potestatem
2089 999 2242 1083 predicte
2253 1003 2364 1070 eccle-

503 1138 565 1207 sie.
585 1139 677 1208 undo
693 1141 730 1206 in
747 1157 788 1207 eo
803 1140 952 1211 hordine
967 1141 1097 1227 guadia
1110 1143 1198 1210 mihi
1213 1143 1288 1228 ipse
1304 1144 1475 1211 mauronti
1492 1143 1598 1223 dedit,
1612 1147 1647 1212 et
1658 1143 1990 1246 mediatoremmihi
2001 1151 2117 1234 posuit
2130 1169 2167 1219 se
2181 1151 2309 1266 ipsum3
2326 1155 2362 1220 et

504 1310 567 1376 per
584 1293 661 1378 ipsa
677 1293 808 1378 guadia
824 1293 993 1378 obligabit
1008 1313 1044 1362 se
1058 1295 1093 1361 et
1108 1310 1188 1375 suos
1203 1295 1359 1374 heredes,
1374 1299 1412 1364 ut
1427 1296 1456 1364 si
1474 1296 1609 1381 aliquit,
1627 1296 1669 1366 de
1684 1299 1853 1383 quomodo
1869 1300 2027 1384 superius
2041 1301 2182 1386 legitur,
2197 1303 2362 1387 quesierit

428 1409 430 1411 Ι
504 1447 683 1512 remobere
700 1448 761 1512 aut
776 1447 949 1524 contrare,
968 1447 1003 1512 et
1025 1444 1140 1512 taliter
1163 1445 1201 1512 in
1224 1449 1289 1513 hec
1312 1446 1495 1514 divisionis
1517 1448 1665 1516 tirmiter
1688 1468 1758 1516 non
1781 1451 2024 1534 permanserit,
2042 1453 2076 1519 et
2098 1453 2217 1520 omnia
2238 1471 2361 1539 supra·

505 1599 637 1684 scripta
653 1599 690 1666 in
707 1618 790 1685 pars
806 1599 961 1685 predicte
978 1601 1120 1668 ecclesie
1135 1617 1206 1667 non
1222 1599 1476 1685 adimpleberit,
1495 1604 1578 1669 tuno
1593 1621 1655 1686 per
1672 1605 1750 1688 ipsa
1764 1603 1895 1688 guadia
1917 1622 2123 1691 componere
2139 1608 2308 1692 obligabit
2322 1627 2359 1676 se

502 1753 537 1819 et
552 1767 632 1819 suos
648 1751 794 1818 heredes
810 1752 897 1819 mihi
913 1754 969 1820 vel
985 1754 1023 1821 in
1038 1772 1122 1838 pars
1135 1753 1291 1838 predicte
1307 1756 1450 1825 ecclesie
1465 1753 1724 1842 quinquaginta
1740 1759 1816 1826 auri
1841 1745 1969 1826 solidos
1993 1759 2215 1828 costantinos.
2235 1763 2270 1827 et
2291 1780 2361 1828 unc

503 1902 643 1970 brebem
660 1901 802 1986 scripsit
815 1920 882 1988 ego
897 1904 1094 1972 romoaldus
1108 1906 1266 1973 notarius
1283 1924 1346 1991 per
1363 1906 1573 1975 indicatione
1589 1907 1766 1976 teuderici.

562 2027 591 2140 †
614 2071 681 2138 ego
704 2057 823 2139 petrus
942 2157 944 2162 Ι

562 2177 593 2290 †
615 2223 684 2290 ego
707 2207 764 2291 qui
789 2224 897 2291 supra
919 2206 1125 2274 teudericus·
1139 2225 1194 2274 me
1217 2207 1405 2292 subscripsi

560 2329 679 2442 †ego
703 2358 878 2426 maraldus
942 2435 948 2444 ,

560 2480 833 2594 ῒψωω.

1264 3013 1642 3094 CCCLXXXI.

1281 3259 1354 3334 A.
1394 3260 1444 3335 D.
1481 3257 1585 3336 986.

556 3517 592 3654 †
615 3572 653 3635 lu
670 3569 809 3634 nomine
825 3567 957 3636 domini
974 3570 1074 3636 tertio
1099 3585 1191 3634 anuo
1215 3568 1434 3654 principatus
1458 3571 1576 3637 domni
1600 3571 1712 3639 nostri
1735 3572 1892 3652 iohanni,
1911 3577 1946 3640 et
1968 3573 2086 3640 domni
2109 3574 2255 3660 guidoni
2277 3579 2359 3644 eius

502 3724 574 3791 filio
591 3722 735 3807 gloriosi
751 3721 981 3806 principibus
1000 3741 1117 3790 mense
1133 3723 1310 3789 ianuarius
1333 3723 1593 3806 quartadecima
1616 3723 1814 3792 indictione.
1835 3725 2118 3792 memoratorium
2142 3726 2234 3792 sactu
2256 3745 2279 3793 a
2300 3747 2359 3796 me

496 3841 617 3961 petrus
633 3875 802 3960 presbiter
818 3876 933 3942 rector
950 3874 1093 3942 ecclesie
1110 3874 1219 3942 sancti
1235 3875 1390 3953 martini,
1410 3875 1468 3960 qui
1483 3874 1680 3941 dedicatum
1698 3878 1750 3943 est
1765 3893 1809 3942 ex
1824 3875 1886 3942 illa
1901 3894 1982 3960 pars
1997 3876 2099 3944 dubio
2122 3878 2227 3945 lirino
2250 3881 2358 3964 perti-

494 4029 634 4095 nentem
650 4026 693 4094 de
711 4027 827 4096 eredes
844 4027 1020 4112 guaimari
1037 4027 1185 4106 comitis,
1204 4044 1244 4094 eo
1267 4025 1358 4112 quod
1373 4028 1454 4093 ante
1470 4025 1655 4110 subscripti
1679 4028 1783 4093 testes
1805 4027 2010 4095 volomtarie
2033 4045 2093 4094 sue
2115 4027 2242 4112 guadia
2265 4029 2355 4095 mihi

494 4176 575 4244 dedi
593 4183 795 4245 maurontus
809 4177 902 4246 filius
918 4179 1026 4257 corbi,
1045 4181 1080 4244 et
1094 4179 1320 4246 mediatorem
1336 4178 1423 4244 mihi
1441 4179 1556 4262 posuit
1578 4196 1615 4245 se
1639 4179 1766 4263 ipsum3
1792 4179 1827 4245 et
1849 4196 1911 4262 per
1933 4178 2012 4262 ipsa
2033 4178 2164 4262 guadia
2186 4179 2357 4263 obligabit

496 4349 533 4398 se
548 4347 694 4415 suosque
709 4330 840 4409 eredes
859 4332 898 4397 ut
914 4329 1037 4396 amodo
1057 4331 1091 4396 et
1105 4346 1214 4412 usque
1237 4329 1347 4406 tri-bus
1370 4330 1454 4396 anni
1478 4329 1641 4414 completi
1664 4347 1725 4397 sue
1749 4329 1929 4413 potestatis
1955 4333 2074 4397 tenere
2101 4348 2171 4396 una
2193 4332 2287 4414 pecie
2311 4329 2356 4398 de

494 4487 590 4550 terra
605 4485 727 4550 baciba
742 4483 778 4550 in
796 4484 908 4549 locum
927 4481 1137 4566 campiliano
1154 4481 1249 4548 inira
1265 4483 1329 4547 hec
1345 4482 1439 4548 finis:
1458 4481 1587 4548 deuna
1604 4484 1705 4566 parte
1727 4483 1797 4548 fine
1820 4483 1922 4548 vinea
1944 4482 2053 4566 ipsius
2077 4483 2230 4570 ecclesie
2254 4485 2288 4552 et
2311 4483 2356 4552 de

493 4637 561 4703 duo
576 4640 692 4720 partes
707 4637 777 4703 fine
793 4639 896 4704 rebus
910 4639 1020 4721 ipsius
1036 4635 1190 4716 ecclesie,
1209 4635 1299 4703 sicut
1315 4639 1389 4721 sepi
1405 4635 1584 4722 discernit3
1603 4635 1694 4703 etde
1717 4636 1788 4734 alio
1809 4637 1918 4703 latere
1940 4635 2010 4703 fine
2033 4636 2043 4701 i
2047 4636 2141 4719 psius
2164 4637 2351 4714 mauronti,

493 4787 582 4857 sicut
603 4787 734 4853 termiti
757 4787 829 4852 ficti
851 4790 943 4866 sunt,
969 4787 1029 4872 qui
1052 4805 1073 4852 a
1094 4803 1159 4854 nos
1182 4787 1216 4854 ei
1239 4787 1277 4853 in
1302 4786 1489 4854 sortionem
1516 4786 1668 4872 obbenit3
1686 4786 1763 4853 ideo
1779 4789 1850 4852 tota
1871 4785 1946 4870 ipsa
1968 4787 2065 4852 terra
2086 4803 2150 4870 per
2173 4785 2247 4870 ipse
2269 4784 2355 4852 finis

493 4956 553 5006 sue
569 4937 749 5021 potestatis
764 4939 884 5003 tenere
899 4941 933 5004 et
948 4936 1139 5014 dominare,
1158 4939 1192 5005 et
1210 4938 1307 5005 lobee
1323 4941 1357 5005 et
1372 4955 1433 5005 sue
1449 4937 1607 5005 utilitatis
1623 4935 1751 5004 ibidem
1767 4938 1890 5013 facere,
1909 4939 1945 5004 et
1961 4939 2070 5003 totum
2087 4936 2167 5004 illut
2182 4933 2266 5001 mihi
2289 4953 2356 5020 pa-

493 5093 634 5159 stenare
649 5092 685 5159 et
699 5091 813 5159 iacere
829 5089 1026 5158 cannietum
1050 5092 1190 5169 bonum,
1208 5093 1242 5158 et
1265 5093 1395 5176 quante
1419 5108 1532 5158 caune
1554 5093 1588 5160 et
1610 5091 1766 5175 frugium
1790 5090 1873 5158 inde
1896 5090 2034 5169 exierit,
2052 5092 2160 5155 totum
2187 5088 2261 5154 illut
2283 5087 2352 5153 sibi

494 5247 598 5312 abere
619 5261 726 5330 usque
749 5245 826 5330 ipso
850 5245 1084 5311 constitutum.
1103 5243 1146 5310 ad
1168 5243 1236 5327 ipsi
1258 5243 1369 5310 tribus
1394 5242 1477 5310 anni
1501 5244 1664 5327 completi
1686 5243 1808 5309 inclita
1832 5243 1910 5326 ipsa
1932 5245 2029 5309 terra
2051 5241 2145 5308 inira
2174 5242 2247 5326 ipse
2269 5241 2353 5308 finis

496 5399 595 5464 abeat
617 5395 816 5465 oannietum
840 5397 979 5474 iactum,
998 5401 1032 5463 et
1048 5397 1240 5480 operatum,
1260 5396 1295 5462 et
1311 5396 1479 5461 cultatum
1503 5396 1539 5460 et
1562 5395 1706 5470 clusum,
1725 5393 1814 5459 sicut
1835 5393 1943 5459 bonus
1965 5391 2162 5458 cannietum
2185 5390 2353 5458 meruerit

493 5565 584 5628 exe,
610 5550 646 5614 et
669 5548 826 5616 inclitum
850 5549 926 5617 illut
949 5551 1024 5634 ipse
1047 5549 1223 5616 mauronti
1248 5547 1379 5615 eteius
1403 5547 1547 5616 heredes
1570 5546 1732 5612 remictas
1757 5547 1791 5613 et
1818 5543 1997 5610 retradant
2019 5541 2064 5610 ad
2086 5543 2285 5626 potestatem
2309 5541 2357 5611 de

493 5717 576 5783 pars
598 5699 707 5784 ipsius
730 5699 886 5778 ecclesie,
912 5717 976 5784 pro
998 5717 1038 5768 eo
1061 5700 1152 5786 quod
1176 5699 1214 5767 iu
1237 5700 1315 5784 ipsa
1337 5699 1507 5768 dibisione
1530 5695 1737 5765 sublassabit
1760 5695 1811 5774 ei,
1837 5694 1975 5780 quando
2003 5695 2080 5780 ipsa
2102 5695 2204 5760 rebus
2226 5692 2352 5761 dibisi-

494 5872 572 5920 mus
586 5855 682 5922 terra
704 5853 739 5920 et
754 5852 952 5922 cannietum
976 5853 1178 5920 contuntum
1202 5852 1246 5920 ad
1271 5853 1349 5938 ipsa
1374 5869 1437 5920 sua
1460 5853 1623 5918 sortione.
1641 5848 1731 5935 quod
1755 5849 1784 5916 si
1808 5849 1932 5933 aliquit
1954 5848 1997 5916 de
2019 5866 2059 5914 ec
2082 5846 2199 5912 omnia
2222 5864 2355 5930 supra-
