5286 7098
969 554 1340 628 DIPLOMATICUS
1896 565 1909 592 ⁸
1965 578 2027 642 123

221 807 257 870 at
273 801 549 888 componendum
565 800 664 870 nobis
678 804 712 867 et
727 799 765 867 in
788 800 962 885 propheta
984 797 1130 865 ecclesia
1152 799 1357 882 sexsaginta
1372 798 1499 867 solidos
1522 817 1644 870 aureos
1666 803 1890 872 costantinus.
1918 804 1995 872 ideo
2017 823 2076 872 au·

220 959 300 1034 tem,
325 955 355 1022 si
383 955 640 1040 qualiscumque
661 952 831 1022 calumnie
853 955 907 1052 uel
929 951 1188 1022 causationibus
1211 951 1308 1019 nobis
1331 953 1366 1020 et
1388 951 1425 1021 in
1441 954 1621 1040 'prephato
1646 957 1792 1026 ecclesia
1815 957 1996 1026 hemiserit
2021 960 2076 1026 vel

221 1106 451 1192 preposuerit,
470 1105 614 1176 volendo
636 1106 758 1193 aliquit
781 1105 863 1174 inde
885 1107 1007 1176 tollere
1035 1124 1094 1176 seu
1120 1110 1294 1185 contrare,
1309 1107 1364 1174 vel
1388 1106 1515 1174 exinde
1537 1106 1661 1194 aliquit
1676 1108 1927 1177 contradixerit
1942 1110 1979 1178 in
2003 1111 2077 1194 ipsa
2212 1173 2215 1180 .

221 1259 482 1344 compositione,
509 1259 685 1327 subiaceat
708 1257 981 1344 componendum
1007 1258 1045 1325 in
1069 1259 1243 1343 prephata
1264 1257 1412 1328 ecclesia
1434 1276 1498 1342 per
1517 1258 1718 1344 supradicta
1740 1260 1881 1345 guadio,
1898 1261 1933 1330 et
1954 1277 1994 1326 oc
2017 1277 2077 1328 an-

222 1429 307 1478 num
330 1429 394 1496 per
422 1411 497 1496 ipse
519 1410 692 1479 vindemie
714 1410 789 1497 ipse
813 1413 933 1496 petrus
949 1409 1122 1495 presbiter
1136 1428 1195 1478 eos
1212 1410 1427 1478 vindemiare
1441 1412 1476 1478 et
1499 1410 1649 1479 medium
1667 1411 1796 1491 vinum,
1815 1412 1874 1498 qui
1889 1410 1972 1480 inde
1985 1411 2077 1482 exie-

223 1563 282 1641 rit,
309 1561 519 1646 inpartibus
534 1562 609 1630 nius
625 1562 771 1630 ecclesie
783 1579 841 1632 eos
864 1561 958 1640 dare,
975 1561 1050 1631 ideo
1072 1562 1162 1629 sicut
1184 1561 1348 1630 diximus:
1368 1581 1449 1630 nam
1474 1562 1517 1630 de
1539 1563 1615 1648 ipsa
1634 1563 1703 1630 alia
1717 1565 1830 1644 rebus,
1849 1582 1914 1648 que
1930 1563 2004 1650 ipse
2018 1582 2078 1650 pe·

224 1719 300 1782 trus
317 1714 487 1800 presbiter
503 1715 583 1782 abet
597 1731 663 1798 que
685 1715 737 1782 est
762 1713 1002 1781 dominaturus
1025 1716 1059 1780 et
1081 1731 1311 1800 possessurus,
1338 1717 1372 1783 et
1393 1717 1556 1800 quantum
1580 1733 1643 1801 per
1666 1715 1795 1783 nostris
1818 1715 2010 1782 rationibus
2033 1715 2076 1782 de

221 1870 300 1954 ipsa
322 1866 441 1936 eadem
464 1869 580 1948 rebus
605 1870 686 1953 quot
707 1868 767 1936 ille
781 1869 834 1936 est
859 1867 1108 1948 dominaturus,
1134 1871 1170 1937 et
1192 1869 1292 1936 nobis
1314 1871 1349 1937 et
1371 1868 1407 1935 in
1430 1871 1636 1954 prephatam
1659 1867 1804 1936 ecclesia
1825 1871 1877 1937 est
1901 1869 2079 1953 pertinen-

223 2025 293 2089 tem
307 2021 351 2088 de
374 2021 451 2106 ipsa
464 2019 580 2089 eadem
597 2022 710 2098 rebus,
724 2036 783 2087 eos
805 2018 1001 2087 dividamus
1016 2020 1107 2090 inter
1129 2038 1204 2098 nos,
1223 2021 1312 2088 sicut
1328 2020 1421 2088 illius
1437 2021 1523 2089 etin
1542 2022 1747 2106 prephatam
1770 2019 1916 2088 ecclesia
1935 2023 1987 2088 est
2002 2037 2080 2104 per·

224 2175 401 2253 tinentem,
421 2173 509 2242 sicut
524 2172 615 2240 ratio
631 2173 746 2251 suerit,
771 2192 830 2242 eos
853 2172 943 2240 inter
965 2191 1028 2241 nos
1051 2173 1246 2242 dividamus
1262 2192 1324 2259 per
1348 2173 1548 2258 supradicta
1571 2172 1699 2257 guadia
1721 2175 1756 2240 et
1779 2173 1959 2258 obbligata
1974 2190 2078 2257 pena.

223 2331 260 2397 et
282 2332 374 2396 huno
400 2295 536 2397 brebem
560 2327 682 2396 scribsi
706 2344 773 2412 ego
797 2326 960 2395 ildericus
984 2327 1211 2397 subdiaconus
1236 2331 1271 2395 et
1293 2327 1451 2396 notarius
1474 2326 1532 2412 qui
1555 2327 1710 2395 interfui.

284 2456 314 2568 †
329 2501 396 2568 ego
411 2484 466 2550 leo

282 2611 312 2722 †
327 2651 393 2720 ego
409 2635 508 2700 miro.

1045 3135 1269 3252 oocvr.

1015 3383 1070 3457 A.
1107 3380 1158 3458 D.
1196 3377 1301 3458 978.

294 3694 527 3764 &nectarium
546 3717 563 3759 s

287 3798 439 3934 †Anno
454 3845 634 3930 trigesimo
650 3845 750 3912 sexto
764 3842 982 3929 principatus
996 3841 1114 3910 domni
1142 3839 1284 3926 paldold
1300 3843 1335 3906 et
1357 3837 1472 3924 primo
1483 3849 1586 3904 'anno
1608 3837 1826 3923 principatus
1848 3837 1922 3905 eius
1946 3839 2090 3916 salerni,

228 4007 269 4069 et
283 4001 402 4088 quinto
421 4017 513 4069 anno
528 3999 747 4084 principatus
769 3997 887 4065 domni
909 3994 1052 4081 paldolfl
1075 3993 1138 4061 filii
1154 3993 1241 4072 eius,
1255 4009 1374 4060 mense
1390 3989 1570 4058 novembri
1586 3991 1734 4076 septima
1746 3990 1943 4058 indictione.
1959 3989 2089 4058 Divisio

227 4153 333 4219 nnius
357 4155 472 4219 terrae
498 4169 574 4217 curn
601 4150 702 4217 vinea
726 4149 762 4216 in
778 4150 853 4215 loco
868 4147 987 4215 Fontis
1001 4145 1101 4212 iuxta
1115 4142 1296 4212 ecclesiam
1313 4139 1424 4208 sancti
1440 4137 1578 4215 Felicis
1597 4138 1688 4204 sacta
1710 4139 1801 4205 inter
1826 4141 1987 4204 Ioannem
2011 4155 2090 4222 pre·

226 4306 409 4386 sbyterum
426 4303 536 4370 fllium
553 4301 701 4381 Mastali,
720 4301 779 4386 qui
803 4298 929 4366 dicitur
947 4296 1101 4375 Roibatu,
1118 4296 1153 4363 et
1167 4292 1342 4379 Lupinum
1365 4289 1641 4374 amalphitanum
1665 4287 1773 4354 filium
1790 4285 1969 4354 Mauronis
1983 4287 2087 4352 comi·
2211 4319 2213 4324 .

226 4459 287 4524 tis.
306 4459 399 4527 Haec
424 4458 537 4536 vinea,
562 4455 667 4523 habet
688 4455 803 4522 textus
817 4473 827 4540 ;
843 4455 892 4522 est
910 4469 979 4535 per
1002 4450 1180 4518 awoscrta
1205 4446 1379 4532 torpitudo
1399 4461 1518 4526 passos
1534 4444 1679 4518 ceritum,
1705 4439 1852 4508 latitudo
1871 4455 1952 4504 uero
1969 4453 2089 4519 passos

227 4607 480 4691 prrtwsauptnta
506 4607 614 4672 totum
638 4606 875 4672 menstratum
891 4602 940 4671 od
954 4603 1042 4669 tusto
1052 4618 1194 4682 possunt
1209 4598 1382 4664 hortttacnt
1398 4598 1461 4663 etc.
1487 4593 1493 4598 '

292 4763 418 4830 Desunt
433 4759 566 4826 firmae.
