5252 7102
993 597 1362 674 olplolllllctls
1991 626 2053 688 269

239 841 355 908 turias
377 841 509 920 iacere,
535 841 711 909 licentiam
736 842 891 928 abeant;
915 843 949 910 et
972 841 1001 906 si
1025 840 1210 925 aliquando
1232 845 1386 928 tempore
1407 846 1478 914 illis
1501 850 1556 916 vel
1578 851 1650 918 suis
1672 849 1857 921 heredibus
1878 852 1922 922 de
1943 871 1983 920 ac
2006 856 2101 923 terra

239 995 455 1063 salernitana
476 995 603 1064 exierit
623 1014 689 1081 pro
710 996 815 1064 aliubi
838 995 882 1062 ad
905 993 1116 1074 abitandum,
1135 999 1217 1063 tunc
1233 997 1356 1066 inclita
1377 1002 1481 1068 rebus
1496 1001 1574 1087 ipsa
1600 1005 1758 1072 rebertar
1774 1005 1818 1073 ad
1836 1009 2008 1093 potestate
2023 1028 2103 1095 pre-

241 1144 332 1215 dicte
355 1148 500 1217 ecclesie
513 1170 523 1235 ;
549 1153 583 1216 et
605 1148 634 1217 si
658 1149 750 1216 inira
765 1152 836 1216 tres
859 1151 942 1218 anni
970 1152 1002 1216 ic
1025 1150 1069 1216 ad
1094 1150 1294 1220 abitandum
1318 1154 1449 1220 rebersi
1474 1154 1627 1236 fuerint,
1653 1160 1736 1226 tunc
1758 1160 1878 1228 inclita
1899 1163 2002 1231 rebus
2023 1161 2100 1249 ipsa

243 1298 287 1366 ad
311 1319 430 1368 eorum
453 1303 606 1370 nebertas
627 1304 854 1388 potestatem,
881 1303 925 1371 ad
949 1304 1120 1372 abendum
1144 1309 1178 1372 et
1201 1306 1388 1373 tenendum
1411 1307 1491 1376 illut
1513 1307 1549 1377 in
1577 1311 1816 1398 suprascripta
1838 1315 1982 1385 ratione.
2008 1317 2099 1402 quod

239 1453 270 1521 si
296 1457 363 1522 etc.
394 1453 457 1526 Qui
472 1458 585 1537 pactu
605 1473 673 1521 non
694 1459 828 1536 semet,
854 1459 989 1522 tenetur
1015 1459 1141 1524 soluere
1166 1461 1414 1544 quinquaqinta
1444 1479 1565 1564 euneos
1594 1463 1717 1533 solidos
1746 1468 1986 1537 constantinus.
2012 1471 2046 1538 et
2068 1473 2099 1538 si

238 1605 279 1674 in
303 1607 461 1692 predicta
482 1611 587 1678 rebus
609 1611 777 1680 molinum
801 1612 930 1716 ibidem
953 1613 1081 1680 sactum
1107 1614 1240 1692 suerit,
1265 1616 1377 1682 licead
1402 1635 1484 1702 pers
1505 1617 1615 1703 ipsius
1645 1621 1789 1688 ecclesie
1812 1597 1875 1705 per
1897 1622 1974 1707 ipsa
1996 1624 2098 1690 rebus

236 1760 334 1828 biam
358 1764 464 1829 abere
487 1764 530 1832 ad
554 1763 636 1834 inde
658 1765 925 1850 ingrediendum
949 1769 984 1834 et
1006 1767 1273 1852 regrediendum
1297 1788 1374 1836 cum
1399 1772 1510 1840 omnis
1532 1789 1593 1839 sua
1615 1775 1837 1859 congruitate
1859 1776 1934 1844 sine
1958 1775 2092 1844 illorum

234 1919 273 1982 et
297 1915 341 1984 de
365 1934 484 1984 eorum
508 1918 668 1986 eredibus
691 1921 938 1989 contrarietate
959 1925 1014 1989 vel
1037 1923 1261 2008 requisitione
1290 1943 1354 2010 per
1376 1926 1579 2012 supradicta
1601 1928 1732 2014 guadia
1754 1933 1789 1998 et
1810 1931 1963 2016 obligata
1986 1950 2091 2017 pena.

235 2071 274 2134 et
297 2069 390 2134 hunc
413 2070 553 2136 brebem
577 2071 702 2157 scripsi
725 2089 792 2156 ego
807 2066 969 2142 'ademari
992 2074 1148 2142 notarius
1171 2075 1228 2160 qui
1253 2075 1407 2144 interfui.

297 2193 417 2306 †ego
440 2221 569 2292 andrea

295 2343 325 2456 †
348 2391 415 2458 ego
438 2377 558 2458 petrus
582 2395 638 2444 me
660 2378 849 2464 subscripsi

295 2500 326 2612 †
348 2546 415 2612 ego
438 2513 676 2613 truppoaldus.

1069 3039 1313 3119 CCCCX.

1043 3284 1098 3360 A.
1137 3285 1188 3361 D.
1226 3283 1329 3363 989.

294 3549 384 3678 †ln
407 3595 549 3663 nomine
572 3593 704 3663 domini
727 3597 826 3664 sexto
850 3610 942 3661 anno
965 3595 1184 3680 principatus
1206 3594 1324 3662 domni
1347 3597 1456 3664 nostri
1479 3594 1621 3664 iohanni
1644 3596 1678 3664 et
1700 3595 1815 3681 primo
1838 3614 1931 3662 anno
1961 3595 2094 3680 prinoi-

232 3751 341 3833 patus
363 3747 482 3813 domni
506 3746 680 3832 guaimari
704 3746 775 3813 eius
798 3746 872 3813 filio
895 3746 1039 3830 gloriosi
1064 3747 1291 3832 principibus,
1318 3766 1434 3816 mense
1457 3749 1601 3832 agustus
1625 3746 1776 3814 secunda
1798 3745 1998 3815 indictione.
2025 3766 2095 3816 me-

233 3901 467 3968 moratorium
492 3901 585 3968 sactu
607 3917 628 3965 a
651 3918 707 3966 me
730 3917 917 3967 cernamus
941 3899 1112 3984 presbiter
1136 3902 1170 3966 et
1192 3901 1298 3966 abbas
1321 3899 1464 3969 ecclesie
1498 3899 1610 3967 sancti
1646 3866 1813 3978 maximi,
1839 3917 1907 3984 que
1941 3900 2009 3966 sita
2042 3902 2095 3969 est

232 4056 330 4123 intus
352 4073 417 4122 anc
439 4054 688 4122 salernitanam
712 4053 914 4131 cibitatem‚
941 4072 1012 4119 una
1044 4070 1180 4120 mecum
1215 4053 1349 4122 adesset
1382 4055 1453 4120 toto
1487 4053 1603 4120 scriba
1632 4054 1760 4138 palatii
1788 4072 1890 4140 quem
1928 4055 2094 4137 superius

231 4207 349 4275 dictus
372 4205 520 4274 domnus
544 4205 706 4292 princeps
730 4205 885 4290 partibus
908 4205 1028 4272 nostre
1052 4204 1196 4271 ecclesie
1218 4203 1459 4272 advocatorem
1482 4204 1599 4283 dedit,
1625 4222 1665 4274 eo
1689 4204 1778 4290 quod
1802 4207 1883 4272 ante
1906 4207 2092 4292 subscripti

231 4363 341 4428 testes
364 4359 514 4440 declaro,
540 4360 701 4445 quoniam
727 4361 807 4427 ante
831 4376 868 4426 os
892 4375 1002 4427 annos
1023 4358 1066 4425 ad
1091 4357 1316 4427 lavorandum
1341 4363 1375 4428 et
1397 4357 1644 4445 pastenandum
1669 4358 1784 4426 datum
1810 4359 1907 4424 abuit
1920 4358 2092 4426 martinus

235 4511 409 4596 presbiter
434 4514 469 4578 et
491 4513 598 4578 abbas
620 4511 816 4577 antecessor
839 4512 957 4576 noster
988 4510 1095 4576 amati
1129 4508 1200 4575 filio
1235 4509 1380 4576 ruscinii
1414 4513 1509 4576 terra
1545 4511 1675 4590 bacua,
1700 4512 1736 4576 et
1766 4509 2033 4589 abellanietum,
2058 4513 2093 4578 et

231 4664 437 4741 arbustum,
463 4666 498 4730 et
520 4663 770 4740 castanietum,
796 4660 885 4746 quod
909 4679 993 4747 pars
1015 4663 1133 4728 nostre
1154 4661 1298 4730 ecclesie
1330 4663 1407 4728 abet
1440 4661 1477 4728 in
1510 4663 1624 4729 locum
1657 4663 1844 4741 muniere,
1870 4661 1929 4730 ubi
1960 4663 2093 4733 cirione

231 4814 363 4883 dicitur
386 4819 525 4885 rotense
548 4817 687 4896 linibus,
706 4821 745 4886 ut
769 4817 843 4902 ipse
857 4817 994 4884 amatus
1018 4815 1150 4883 eteius
1173 4814 1291 4882 eredes
1307 4813 1350 4882 de
1367 4815 1443 4899 ipse
1465 4818 1558 4882 terre
1580 4816 1684 4882 bacue
1701 4817 1899 4900 pastenaret
1915 4817 2092 4885 arbustum

232 4974 269 5036 et
290 4971 557 5050 abellanietum,
583 4973 618 5039 et
639 4974 803 5056 quantum
826 4969 977 5038 inedium
1002 4987 1109 5054 usque
1130 4929 1248 5035 decem
1274 4969 1357 5034 anni
1385 4967 1429 5035 de
1459 4968 1537 5037 illut
1558 4967 1647 5054 quod
1677 4970 1942 5054 pasteuaberit‚
1968 4971 2091 5038 tollere

235 5122 399 5208 potuerit,
418 5126 527 5191 totum
552 5125 629 5192 illut
651 5123 716 5195 sibi
741 5125 858 5192 abere.
886 5122 929 5190 ad
955 5099 1117 5207 completi
1142 5125 1256 5191 autem
1281 5123 1349 5208 ipsi
1373 5121 1489 5190 de'cem
1512 5121 1596 5189 anui
1619 5123 1678 5190 ille
1699 5123 1812 5189 autem
1834 5125 1869 5188 et
1884 5119 1957 5188 eius
1972 5121 2090 5190 eredes

233 5279 270 5342 et
292 5277 451 5346 homines
470 5295 575 5362 quam
599 5277 647 5344 ibi
670 5277 845 5355 miserint,
864 5278 1009 5345 aberent
1033 5276 1070 5342 in
1094 5277 1168 5342 tota
1192 5275 1271 5359 ipsa
1292 5279 1398 5354 terra,
1413 5293 1480 5359 que
1503 5275 1579 5360 ipso
1602 5275 1738 5342 brebem
1752 5275 1907 5341 nostrum
1924 5275 2089 5354 continet,

130 5511 136 5530 Ι
233 5447 297 5514 per
319 5429 380 5496 illa
402 5429 663 5516 mensurisque
686 5430 854 5508 continet,
873 5429 1067 5514 perfectum
1090 5429 1335 5498 abellanietum
1357 5427 1524 5494 cultatum
1547 5428 1583 5494 et
1605 5426 1796 5510 operatum,
1810 5425 1901 5492 sicut
1916 5423 1960 5493 de
1974 5383 2093 5496 tantos

233 5599 343 5650 annos
365 5571 556 5662 meruerit,
582 5587 617 5650 et
639 5585 709 5651 alia
730 5587 827 5652 terra
850 5585 961 5652 bacua
984 5583 1101 5669 ibique
1124 5583 1291 5650 coniunta
1313 5601 1391 5649 cum
1416 5581 1492 5665 ipso
1516 5581 1694 5647 arbustum
1726 5581 1846 5648 aberet
1874 5582 2092 5666 pastenatum

234 5739 427 5815 arbustum,
454 5737 544 5804 sicut
565 5737 609 5806 de
630 5740 745 5807 tantos
768 5757 879 5807 anuos
905 5739 1075 5809 meruerit
1097 5742 1135 5806 ut
1158 5741 1247 5806 bene
1269 5735 1399 5824 paread
1423 5737 1619 5804 lavoratum
1641 5737 1677 5804 et
1698 5737 1878 5815 cultatem,
1904 5739 1940 5804 et
1960 5737 2032 5804 iam
2056 5737 2094 5804 in

234 5897 340 5958 antea
361 5889 455 5957 omni
480 5891 647 5976 tempore,
673 5891 754 5959 dum
778 5892 962 5970 voluerint,
988 5893 1062 5959 tota
1085 5893 1187 5960 rebus
1214 5890 1289 5974 ipsa
1315 5889 1475 5958 tenerent
1496 5889 1531 5958 et
1553 5887 1793 5968 dominarent,
1817 5890 1853 5956 et
1874 5886 2023 5956 frudinm
2047 5886 2091 5955 de
