5252 7102
989 554 1358 629 ullldllal'lolls

997 1009 1347 1140 CCCCXXV.

1025 1264 1080 1340 A.
1116 1264 1167 1340 D.
1206 1259 1309 1342 990.

302 1495 337 1626 †
353 1548 392 1611 ln
408 1548 548 1615 nomine
570 1548 701 1618 domini
718 1553 866 1638 septimo
881 1571 974 1622 anno
989 1554 1207 1640 principatus
1223 1555 1342 1623 domni
1356 1557 1466 1624 nostri
1483 1557 1625 1625 iohanni
1642 1561 1676 1627 et
1692 1558 1842 1627 secundo
1858 1577 1951 1626 anno
1974 1559 2103 1645 princi-

241 1700 346 1784 patus
361 1700 479 1770 domni
497 1705 684 1788 guaimarii
701 1707 776 1775 eius
792 1707 865 1774 tilio
879 1707 1024 1793 gloriosi
1041 1709 1269 1795 principibus,
1288 1729 1406 1778 mense
1421 1711 1551 1795 aprelis
1567 1711 1672 1779 tertia
1695 1712 1893 1782 indictione.
1912 1718 1987 1800 Ego
2002 1733 2102 1800 supe·

240 1865 316 1933 rins
332 1863 445 1930 dictus
461 1863 632 1930 iohannes
647 1863 783 1931 Domini
801 1862 919 1948 gratia
934 1862 1099 1949 princeps
1116 1881 1221 1948 quam
1236 1865 1271 1930 et
1293 1882 1361 1949 ego
1384 1863 1570 1948 sikelgaita
1592 1864 1723 1932 domini
1747 1867 1868 1932 Gratia
1891 1867 2102 1952 principissa

240 2027 302 2112 qui
318 2041 433 2092 sumus
451 2022 619 2104 amboque
636 2019 739 2086 viret
756 2036 856 2098 uxor,
872 2017 1120 2094 claresacimus,
1140 2018 1303 2101 quoniam
1320 2035 1343 2084 a
1358 2019 1446 2083 nobo
1463 2017 1665 2085 fundamine
1680 2020 1939 2086 construximus
1955 2021 2102 2090 ecclesia

235 2177 439 2243 vocabulum
456 2175 577 2243 sancte
593 2171 649 2240 dei
666 2172 824 2257 genitrix
841 2189 1046 2266 semperque
1061 2168 1213 2254 virginis
1229 2169 1339 2236 marie
1357 2175 1396 2238 In
1411 2173 1507 2240 terra
1522 2173 1677 2238 nostram
1694 2171 1737 2239 de
1753 2173 1847 2240 intus
1862 2192 1900 2244 66
1925 2174 2098 2244 civitatem

235 2323 329 2392 inter
345 2341 445 2391 muro
460 2327 494 2391 61
511 2322 695 2400 muricin0,
715 2321 805 2406 quod
821 2338 888 2405 ego
904 2319 1068 2386 iamdicta
1084 2321 1296 2406 principissa
1317 2324 1474 2406 paratum
1498 2325 1582 2390 abeo
1599 2342 1619 2390 a
1636 2324 1788 2394 friderisi
1812 2345 1926 2394 comes
1949 2327 2021 2394 tilio
2044 2347 2101 2395 ra-

237 2475 357 2546 doaldi
374 2479 408 2543 et
423 2476 533 2561 ipsius
549 2472 701 2542 friderisi
719 2491 781 2556 per
796 2470 1047 2539 combenientia
1064 2470 1182 2537 datum
1201 2469 1266 2536 init
1283 2489 1304 2537 a
1320 2490 1402 2556 pars
1426 2474 1628 2540 monasterii
1653 2478 1771 2543 sancte
1794 2479 1906 2544 marie
1928 2480 1962 2546 ot
1985 2479 2098 2546 sancti

234 2627 418 2708 benedicti,
438 2629 496 2713 qui
512 2628 618 2695 situm
634 2634 685 2692 est
700 2626 794 2693 intus
809 2643 875 2692 anc
891 2625 1140 2692 salernitanam
1159 2624 1333 2693 civitatem
1349 2625 1390 2692 ad
1409 2628 1525 2694 ortum
1550 2646 1730 2713 magnum.
1750 2648 1841 2696 nunc
1865 2634 1981 2698 autem
2006 2650 2097 2698 com-

235 2783 329 2868 pulsi
345 2801 466 2850 sumus
492 2780 547 2846 dei
576 2780 821 2865 omnipotentis
848 2777 1138 2857 misericordiam,
1157 2781 1195 2844 ut
1222 2779 1264 2846 de
1292 2781 1394 2846 rebus
1419 2783 1539 2847 nostra
1565 2780 1629 2847 deo
1657 2783 1691 2848 et
1718 2782 1753 2846 in
1780 2783 1951 2866 prefatam
1978 2788 2098 2854 sancta

215 3016 218 3020 Ι
237 2934 381 3002 ecclesia
397 2935 632 3018 optuleremus
642 2954 652 3019 ;
670 2938 704 3000 et
721 2932 798 3000 ldeo
813 2951 875 2999 nos
891 2933 1052 3016 superius
1069 2932 1240 2999 nominati
1256 2933 1426 3000 lohannes
1442 2934 1477 2999 61
1488 2931 1676 3017 sikelgaita
1688 2933 1820 3001 domini
1836 2935 1957 3002 Gratia
1969 2937 2098 3021 princi·
2126 2952 2129 2958 ·

232 3088 340 3173 pissa,
355 3088 445 3156 sicut
460 3085 559 3156 nobis
576 3104 769 3171 congruum
787 3087 839 3154 est
854 3104 916 3170 per
933 3104 999 3152 auc
1015 3087 1183 3152 cartulam
1201 3087 1317 3155 nostre
1332 3086 1532 3165 voluntatis,
1548 3087 1665 3154 tamen
1681 3103 1749 3171 ego
1763 3087 1950 3173 sikelgaita
1963 3089 2096 3157 domini

232 3240 355 3308 Gratia
372 3239 584 3324 principissa
600 3257 663 3324 per
680 3255 884 3305 consensum
901 3240 935 3304 et
951 3238 1136 3306 volumtate
1152 3237 1343 3322 supradicti
1359 3237 1477 3304 domni
1500 3239 1647 3306 Iohanni
1672 3232 1815 3323 gloriosi
1841 3241 1993 3326 principi
2017 3244 2095 3309 viro

232 3411 331 3459 meus
347 3397 382 3459 et
405 3411 473 3460 una
496 3411 574 3458 cum
599 3391 710 3468 illum,
736 3393 773 3458 iu
797 3391 894 3458 cuius
918 3389 1097 3457 mundium
1123 3409 1179 3457 rue
1201 3391 1408 3476 palamfacio
1427 3411 1511 3470 esse,
1530 3351 1594 3474 pro
1609 3392 1707 3459 cristi
1730 3396 1764 3460 et
1787 3395 1950 3461 salbatori
1976 3398 2094 3463 nostro

232 3543 485 3622 misericordia,
506 3561 606 3628 quam
624 3543 658 3610 et
675 3559 740 3627 pro
756 3541 946 3609 remedium
964 3542 1083 3610 salutis
1098 3541 1212 3608 anime
1228 3543 1345 3608 nostre
1361 3541 1548 3626 optulimus
1564 3541 1627 3609 deo
1644 3545 1677 3608 et
1693 3543 1739 3609 im
1756 3547 1928 3630 prefatam
1949 3551 2096 3618 ecclesia

231 3699 352 3764 sancte
369 3697 480 3763 marie
495 3697 620 3781 primis
636 3697 790 3763 omnium
814 3698 910 3763 terra
937 3696 1015 3781 ipsa
1042 3696 1079 3762 in
1106 3714 1175 3780 qua
1202 3695 1401 3762 constructa
1427 3698 1490 3772 ost,
1521 3697 1556 3762 et
1582 3697 1679 3764 terra
1701 3696 1810 3766 bacua
1836 3701 1991 3785 quiante
2019 3705 2095 3789 ipsa

231 3849 380 3918 ecclesia
396 3854 448 3918 cst
464 3869 569 3934 usque
584 3849 699 3918 medio
715 3850 890 3918 labinario
907 3851 964 3935 qui
979 3851 1059 3916 exie
1074 3869 1138 3935 per
1154 3849 1330 3918 delusurio
1352 3849 1394 3918 de
1418 3848 1492 3934 ipso
1517 3867 1627 3915 muro.
1648 3850 1738 3930 lde0,
1755 3853 1845 3920 sicut
1867 3853 2034 3935 diximus,
2053 3859 2095 3923 il-

229 4006 282 4071 lut
306 4005 344 4072 in
368 4003 485 4072 eadem
502 4004 649 4072 ecclesia
666 4005 865 4090 optulimus,
883 4004 1031 4088 qualiter
1055 4003 1133 4070 illut
1156 4005 1316 4088 paratum
1341 4005 1425 4070 abeo
1449 4003 1491 4068 ab
1515 4002 1588 4087 ipso
1611 3986 1765 4070 friderisi
1788 4021 1902 4073 comes
1925 4009 1959 4073 et
1981 4008 2094 4090 quali-

228 4159 284 4225 ter
307 4158 382 4243 ipse
406 4156 558 4224 friderisi
576 4157 655 4224 illut
669 4175 732 4241 per
749 4157 1036 4226 combenientiam
1055 4158 1179 4222 tultum
1199 4153 1295 4222 abuit
1310 4174 1331 4222 a
1347 4172 1430 4240 pars
1446 4155 1648 4222 monasterii
1661 4156 1780 4222 sancte
1791 4155 1899 4222 marie
1922 4157 1957 4222 61
1979 4161 2091 4226 sancti

228 4307 414 4388 benedicti,
426 4311 521 4376 velut
536 4309 611 4393 ipse
626 4307 871 4394 scriptionibus
887 4308 1078 4394 continunt;
1094 4326 1154 4375 seu
1170 4309 1204 4373 et
1219 4307 1403 4392 optulimus
1418 4305 1543 4373 ibidem
1562 4306 1630 4372 alia
1647 4309 1743 4374 terra
1755 4326 1832 4374 cum
1850 4325 1929 4376 casa
1945 4313 2003 4395 qui
2020 4310 2090 4378 edi-

227 4461 334 4528 ficata
351 4463 404 4528 est
418 4461 547 4528 trabita
562 4463 619 4546 qui
634 4464 685 4530 est
701 4461 738 4528 in
754 4461 867 4528 fronte
883 4461 926 4528 de
942 4459 1071 4546 palatio
1086 4462 1212 4540 vetere,
1230 4459 1321 4544 quod
1334 4460 1459 4529 retinet
1473 4459 1607 4526 danseri
1623 4461 1715 4528 filius
1726 4461 1818 4545 petri
1835 4461 1983 4543 comitis,
1998 4464 2089 4548 quod

228 4614 392 4697 paratum
410 4615 555 4681 abemus
572 4631 593 4680 a
608 4615 778 4698 guaiferio
801 4615 874 4684 filio
897 4613 1071 4681 madelmi.
1091 4612 1183 4692 ldeo,
1202 4613 1352 4699 qualiter
1375 4611 1454 4678 illut
1478 4614 1636 4696 paratum
1662 4614 1804 4680 abemus
1826 4617 1870 4681 ab
1893 4616 1969 4701 ipso
1993 4619 2091 4702 guai-

228 4765 330 4844 ferio,
348 4767 399 4834 sic
413 4767 571 4834 inclitum
589 4769 668 4836 illut
683 4769 719 4835 in
736 4768 853 4837 eadem
870 4768 1015 4837 ecclesia
1031 4767 1219 4853 optulimus
1228 4788 1239 4854 3
1256 4785 1314 4834 seu
1333 4768 1368 4834 et
1383 4767 1569 4850 optulimus
1584 4767 1621 4833 in
1633 4767 1779 4836 eandem
1797 4770 1944 4838 ecclesia
1959 4773 2091 4840 curtem

227 4920 349 4986 nostra
364 4919 407 4986 de
422 4924 535 4989 locum
555 4919 850 5008 liciniano⁴)quod
865 4925 1027 5006 paratum
1045 4877 1188 4988 abemus
1200 4919 1245 4987 da
1256 4923 1376 5006 petrus
1387 4920 1460 4988 filio
1476 4918 1672 5004 truppoaldi
1685 4920 1743 5005 qui
1759 4922 1897 4989 vocabit
1910 4923 2088 5006 capistrel-

227 5072 313 5150 lum,
332 5073 457 5140 etcum
473 5072 657 5141 medietate
673 5067 749 5158 ipsa
764 5073 911 5142 ecclesia
927 5073 1036 5141 sancti
1053 5073 1195 5140 eustasii
1213 5072 1271 5158 qui
1290 5073 1327 5139 in
1342 5072 1461 5140 eodem
1479 5073 1553 5139 loco
1569 5073 1768 5138 constructa
1783 5075 1847 5150 est,
1867 5074 1993 5140 etcum
2018 5091 2089 5139 me-

223 5222 354 5293 dietate
369 5228 472 5294 rebus
487 5227 718 5311 pertinentem
739 5227 848 5314 ipsius
872 5227 1016 5296 ecclesie
1040 5226 1152 5295 sancti
1176 5224 1329 5303 eustasii,
1349 5243 1452 5310 quam
1476 5225 1513 5290 et
1536 5226 1629 5290 terra
1653 5241 1728 5291 cum
1753 5223 1887 5290 vineam
1913 5223 2019 5292 aliam
2043 5223 2087 5292 de

223 5379 335 5447 heode
359 5382 434 5448 loco
449 5379 616 5448 liciniano
628 5383 686 5467 qui
703 5384 756 5451 est
770 5400 790 5448 a
805 5401 909 5468 super
924 5381 984 5450 bia
999 5381 1219 5467 campanino,
1233 5383 1268 5450 et
1284 5383 1448 5466 quantum
1467 5379 1502 5446 in
1519 5379 1595 5462 ipso
1611 5378 1761 5444 montem
1774 5376 1815 5446 de
1827 5376 1946 5446 eodem
1957 5381 2034 5447 loco
2046 5381 2102 5448 li-·

226 5528 368 5599 ciniano
391 5531 525 5617 abipso
543 5536 659 5618 petrus
674 5539 832 5620 paratam
851 5537 949 5616 abeo,
967 5555 1026 5606 seu
1043 5537 1078 5604 61
1093 5537 1258 5622 quantum
1276 5535 1322 5601 ab
1338 5533 1412 5617 ipso
1429 5533 1548 5616 petrus
1571 5531 1730 5615 paratum
1749 5531 1890 5606 abemus
1913 5531 1951 5598 in
1974 5533 2084 5600 locum

279 5813 302 5894 ¹)
317 5824 468 5894 liciniano,
485 5827 566 5885 locus
580 5834 661 5904 extra
675 5827 839 5887 Salernum.

436 5938 498 5985 Tou·
512 5940 544 5985 ll.
