5286 7098
532 580 573 642 98
964 495 967 508 ¹
1201 558 1366 630 ccccl
1409 559 1644 634 cuvhhsls

485 807 616 876 deuna
632 806 817 891 partefine
836 806 911 889 ipse
927 801 1042 881 dubie,
1056 807 1090 872 et
1104 801 1147 870 de
1162 820 1267 887 super
1284 803 1353 870 fine
1369 803 1378 868 i
1383 820 1445 888 psa
1457 783 1647 871 'sorensem
1664 820 1767 888 quam
1784 803 1858 888 ipse
1874 821 2063 888 germanus
2078 822 2175 873 meus
2190 821 2348 890 compre

487 958 612 1036 hensit,
632 957 781 1042 qualiter
798 955 926 1024 termiti
943 957 978 1024 et
992 957 1089 1022 ribus
1104 954 1271 1026 discernit
1287 955 1375 1023 unde
1391 959 1522 1022 rectum
1539 973 1630 1041 aqua
1646 955 1810 1024 decurrit:
1824 959 1859 1022 et
1870 954 1912 1024 de
1923 955 1995 1024 alia
2010 973 2094 1040 pars
2110 957 2154 1022 ab
2170 955 2345 1025 occidente

485 1110 555 1177 fine
571 1111 639 1187 bia,
654 1111 706 1177 est
720 1107 802 1177 inde
818 1125 938 1194 passos
954 1109 1140 1193 sexaginta
1154 1127 1227 1178 sex:
1246 1111 1281 1175 et
1294 1107 1336 1177 de
1350 1109 1466 1176 subter
1483 1125 1578 1192 pars,
1598 1108 1746 1194 qualiter
1762 1109 1894 1175 rectum
1917 1107 2013 1176 badit
2035 1107 2079 1175 da
2102 1108 2177 1192 ipsa
2202 1109 2259 1176 bia
2281 1127 2345 1192 per

484 1261 628 1339 termid,
644 1279 747 1346 quem
765 1259 891 1328 ibidem
908 1260 1050 1328 fiximus
1067 1278 1175 1346 usque
1192 1260 1320 1344 inipso
1336 1259 1465 1346 flubio;
1490 1261 1525 1326 et
1540 1261 1618 1344 ipsa
1634 1260 1729 1327 halia
1744 1259 1841 1344 pecie
1855 1261 1932 1328 abet
1946 1259 2027 1328 finis
2048 1239 2225 1328 desubter
2245 1263 2345 1345 parte

485 1415 634 1501 qualiter
658 1417 758 1499 petra
779 1415 814 1482 et
830 1415 964 1481 ballene
977 1413 1153 1492 discernit,
1172 1416 1206 1480 et
1232 1413 1465 1498 coniungente
1492 1413 1529 1480 iu
1555 1413 1631 1498 ipso
1659 1412 1763 1480 dubie
1790 1413 1938 1498 qualiter
1965 1413 2123 1490 retollit,
2142 1414 2177 1480 et
2203 1411 2345 1481 coniun-

485 1571 590 1654 geute
606 1571 641 1634 et
652 1569 868 1638 trabersaute
884 1567 960 1652 ipsc
976 1568 1080 1634 flubio
1095 1571 1130 1636 et
1146 1568 1379 1652 coniungent-e
1395 1569 1433 1634 in
1450 1568 1528 1652 ipsa
1543 1565 1601 1635 bia
1616 1567 1768 1654 publica:
1787 1569 1823 1635 et
1839 1566 1881 1634 de
1897 1567 1968 1635 alia
1989 1584 2073 1652 pars
2095 1566 2165 1636 fine
2177 1567 2253 1652 ipsa
2276 1569 2345 1634 bia:

486 1726 520 1791 et
543 1722 586 1791 de
610 1722 682 1790 alia
706 1722 816 1806 igitur
832 1724 945 1806 parte,
965 1722 1116 1806 qualiter
1132 1723 1272 1788 riatellu
1288 1715 1314 1808 ¹)
1330 1720 1506 1800 discernit,
1526 1721 1561 1788 et
1576 1721 1808 1805 coniungente
1824 1721 1861 1786 iu
1876 1720 1952 1804 ipsa
1967 1721 2101 1788 rebolta
2123 1719 2167 1788 de
2190 1719 2263 1805 ipsu
2285 1721 2348 1788 ltu·

486 1874 543 1940 bio
566 1875 601 1941 et
627 1873 843 1940 trabersante
864 1873 940 1958 ipso
963 1871 1067 1962 dubie
1091 1875 1125 1938 et
1148 1871 1238 1939 sieut
1261 1872 1392 1938 rectum
1417 1870 1512 1938 badit
1527 1889 1634 1956 usque
1650 1874 1687 1940 in
1703 1871 1759 1939 bis
1775 1891 1842 1956 que
1866 1873 1918 1939 est
1942 1871 1979 1939 in
2002 1889 2082 1956 pars
2098 1873 2294 1940 occidentis:
2314 1876 2349 1940 et

485 2027 528 2092 ab
545 2025 722 2092 occidente
738 2025 808 2092 fine
824 2026 901 2108 ipsa
916 2025 973 2092 bia
997 2029 1033 2092 et
1060 2025 1293 2109 coniungente
1320 2025 1356 2090 in
1379 2025 1454 2110 ipsa
1480 2025 1598 2110 priore
1624 2026 1704 2104 dne,
1724 2023 1815 2092 unde
1842 2028 1934 2110 hege
1957 2025 2156 2094 nominatus
2182 2027 2348 2093 iohannes

487 2175 745 2260 comprehensit
761 2178 863 2242 ambe
879 2175 954 2260 ipse
977 2175 1072 2260 pecie
1095 2176 1238 2242 subtune
1260 2193 1324 2258 per
1341 2174 1415 2259 ipse
1429 2174 1521 2254 finis,
1537 2176 1572 2241 et
1594 2176 1630 2241 in
1646 2194 1815 2262 unapars
1831 2183 2065 2244 mensuratum
2082 2175 2160 2261 ipsa
2175 2194 2241 2242 rma
2252 2177 2347 2262 pecie

486 2329 530 2396 ad
547 2331 637 2400 iusto
654 2348 806 2416 passum3
824 2333 860 2398 et
881 2333 956 2414 ipse
979 2331 1033 2396 leo
1055 2331 1311 2414 comprehensit
1334 2331 1410 2414 ipsa
1432 2329 1529 2415 peeia
1550 2348 1705 2414 suprana
1732 2349 1795 2416 per
1824 2331 1901 2415 ipsa
1915 2329 2092 2399 mensuria
2109 2332 2142 2398 et
2157 2333 2232 2415 ipsa
2247 2331 2347 2414 pecie

487 2500 548 2566 per
565 2483 639 2566 ipse
656 2483 737 2550 linis
754 2482 789 2549 in
805 2500 872 2566 quc
889 2483 1056 2549 melinum
1080 2481 1157 2569 suit3
1183 2484 1216 2549 et
1237 2482 1343 2551 sertis
1366 2484 1458 2550 inter
1482 2501 1545 2552 nes
1561 2485 1705 2551 fecimus
1733 2487 1767 2552 et
1792 2483 1997 2552 tradidimus
2013 2503 2089 2551 cum
2119 2486 2234 2553 emnia
2255 2487 2349 2553 intre

486 2651 523 2703 se
538 2637 707 2702 habentes
722 2636 946 2720 omnibusque
961 2637 1033 2704 suis
1048 2635 1268 2719 pertinentiis
1284 2637 1410 2702 etcum
1435 2636 1509 2704 bice
1532 2635 1575 2703 de
1592 2637 1644 2704 bie
1670 2655 1730 2704 sue
1751 2637 1795 2704 ad
1823 2640 1988 2707 securiter
2012 2642 2047 2706 et
2061 2641 2208 2707 firmiter
2224 2639 2347 2707 amodo

486 2787 522 2852 et
536 2805 673 2871 semper
689 2804 752 2854 nos
768 2789 801 2856 et
816 2787 945 2855 nostris
962 2788 1121 2855 eredibus
1138 2788 1216 2854 illut
1239 2787 1405 2856 abendum
1424 2789 1458 2857 et
1476 2788 1669 2857 iaciendum
1687 2791 1805 2858 emnia
1820 2791 1909 2877 quod
1926 2793 2144 2860 voluerimus.
2163 2799 2198 2860 et
2213 2811 2274 2877 per
2290 2811 2349 2860 ve

411 2918 421 2924 ³
484 2953 532 3003 na
547 2939 799 3044 combenientia
816 2929 902 3006 vene
917 2941 1035 3006 nostre
1059 2938 1258 3007 holumtatis
1282 2900 1411 3024 guad‘ia
1435 2941 1526 3008 inter
1550 2958 1612 3008 ntes
1628 2941 1785 3011 dedimus
1809 2945 1843 3010 et
1866 2960 1928 3011 nos
1951 2945 2044 3029 ipsos
2066 2944 2272 3014 mediatores
2283 2963 2348 3029 pe-

481 3090 625 3176 suimus3
642 3093 676 3158 et
692 3109 755 3176 per
770 3091 892 3159 eadem
909 3091 1036 3178 guadia
1051 3093 1272 3178 hebligamus
1295 3111 1358 3158 nos
1381 3095 1417 3161 et
1438 3094 1567 3161 nostris
1592 3093 1777 3162 heredibus
1805 3095 1927 3162 amodo
1943 3101 1978 3164 et
1994 3114 2130 3180 semper
2152 3097 2242 3164 inec
2258 3096 2345 3164 dibi-

484 3245 616 3315 sionem
635 3247 735 3312 firme
757 3251 793 3313 et
815 3245 951 3314 stabilis
973 3263 1238 3331 permaneamus
1261 3251 1295 3314 et
1318 3245 1493 3332 pernulla
1517 3247 1652 3315 ratione
1668 3265 1851 3332 queramus
1865 3265 1922 3317 ees
1938 3253 2114 3316 remutare
2137 3251 2194 3317 aut
2211 3252 2346 3317 coutra-

485 3417 535 3466 re.
554 3401 644 3483 qued
661 3401 691 3466 si
706 3401 825 3468 taliter
841 3417 899 3466 ecs
923 3400 1099 3468 remobere
1123 3400 1350 3484 quesierimus
1372 3403 1406 3470 et
1430 3401 1466 3466 in
1489 3419 1526 3469 ec
1550 3401 1754 3468 dibisicnem
1782 3401 1929 3471 firmiter
1951 3419 2021 3470 non
2039 3403 2342 3488 permanserimus.

482 3554 564 3618 tunc
581 3571 644 3637 per
661 3553 739 3637 ipsa
762 3551 891 3637 guadia
915 3569 1121 3658 cumponere
1137 3554 1307 3638 obligabit
1329 3568 1366 3621 se
1389 3555 1422 3623 et
1445 3572 1523 3621 suos
1539 3554 1656 3624 eredes
1674 3557 1735 3623 illa
1750 3574 1844 3640 pars,
1864 3576 1929 3642 que
1946 3575 2004 3626 ecs
2019 3560 2196 3627 remobere
2214 3557 2345 3642 quesie-

485 3705 544 3783 rit,
563 3705 605 3772 ad
624 3705 685 3773 illa
701 3723 783 3790 pars
799 3725 865 3790 que
880 3705 1007 3774 ibidem
1024 3708 1171 3775 firmiter
1185 3697 1435 3793 permanserim
1454 3710 1602 3794 triginta
1626 3711 1728 3778 hauri
1753 3710 1880 3780 solidus
1896 3712 2106 3780 costantinus
2120 3714 2155 3779 et
2170 3712 2206 3778 in
2221 3729 2259 3778 ec
2274 3727 2346 3778 scr-

483 3858 529 3926 tis
545 3859 639 3926 omui
655 3861 811 3943 tempore
827 3859 921 3928 inter
936 3877 1000 3928 nos
1015 3862 1050 3928 et
1070 3862 1200 3930 nostris
1222 3861 1381 3931 eredibus
1405 3863 1505 3932 firme
1528 3865 1562 3932 ct
1585 3865 1717 3932 stabilis
1743 3881 2016 3950 permaneamus:
2035 3866 2152 3947 preter
2176 3863 2204 3931 si
2220 3862 2344 3932 exinde

483 4009 739 4094 perdiderimus
762 4013 892 4098 absque
907 4011 1068 4090 culludio,
1087 4016 1170 4082 tunc
1186 4033 1275 4084 rinus
1291 4019 1437 4108 alterum
1456 4015 1546 4084 inter
1563 4033 1624 4083 nos
1647 4015 1771 4086 exinde
1788 4019 2017 4085 restauremus
2034 4019 2125 4085 iusta
2148 4017 2287 4084 ratione.
2307 4017 2344 4082 et

483 4163 577 4228 hunc
591 4163 731 4230 brebem
749 4163 873 4249 scripsi
889 4183 956 4250 ege
973 4164 1169 4233 teudericus
1192 4168 1348 4235 notarius
1364 4169 1423 4253 qui
1441 4169 1594 4236 interfui.

541 4285 570 4397 †
585 4333 651 4406 ege
668 4319 787 4398 petrus
804 4318 960 4386 notarius
977 4337 1031 4385 me
1047 4319 1234 4403 subscripsi

543 4440 655 4552 †ege
673 4465 831 4552 edelgari

545 4595 575 4708 †
592 4641 658 4708 ego
674 4643 768 4692 ursu.

544 4967 566 5038 ⁴)
588 4968 717 5038 ltiulrllu,
740 4964 861 5020 rivulus.
