5216 7092
983 593 1354 700 urruoulrlcus
1986 644 2044 704 ln

238 875 364 946 ibidem
389 876 605 954 remanserit,
631 873 803 943 tradimus
827 891 849 940 a
873 873 989 940 vestra
1013 870 1309 955 potestatemtali
1339 869 1522 948 ordinem,
1558 873 1598 938 ut
1630 875 1834 958 potestatem
1866 877 1990 945 abeant
2025 875 2110 946 illis

240 1027 483 1114 compriudere
506 1027 563 1094 ubi
587 1028 658 1096 illis
679 1026 831 1095 voluerit
853 1024 944 1091 inira
966 1025 1042 1109 ipse
1064 1021 1158 1102 finis
1185 1024 1224 1091 ut
1245 1022 1421 1091 sufficiant
1445 1024 1568 1091 amodo
1601 1027 1635 1092 et
1666 1045 1775 1111 usque
1808 1027 1919 1096 tribus
1942 1030 2017 1096 aire
2041 1048 2094 1098 re-

241 1182 385 1250 collecto
407 1181 451 1248 ad
476 1179 704 1256 laborandum
728 1179 771 1247 ad
795 1180 907 1247 tribus
930 1179 1032 1264 paria
1054 1176 1098 1244 de
1121 1177 1199 1244 bobi
1222 1177 1294 1246 suis
1316 1180 1351 1246 et
1374 1178 1549 1246 licentiam
1572 1180 1607 1246 et
1636 1181 1841 1264 potestatem
1873 1183 2000 1249 abeant
2022 1183 2093 1252 illis

236 1333 364 1401 ibidem
387 1349 535 1400 roncare
558 1332 786 1410 allaborare,
812 1334 848 1400 et
870 1331 983 1398 omnis
1006 1349 1066 1398 sua
1090 1330 1276 1398 utilitatem
1306 1329 1433 1398 ibidem
1464 1331 1578 1400 facere
1604 1331 1696 1400 iusta
1723 1332 1879 1420 ratione;
1910 1337 1945 1401 et
1968 1335 2092 1403 aruodo

236 1489 271 1554 et
292 1503 400 1571 usque
422 1485 497 1552 ibso
520 1483 741 1552 constitutum
773 1484 885 1552 omnis
909 1483 1053 1569 frugens
1084 1487 1118 1552 et
1149 1484 1278 1551 bictum
1302 1502 1403 1569 quem
1434 1484 1512 1555 inde
1536 1485 1681 1564 exierit,
1708 1489 1817 1556 totum
1840 1489 1920 1556 illut
1942 1508 2000 1558 eos
2024 1493 2090 1561 sibi

235 1639 374 1718 abeant,
400 1641 434 1706 et
457 1640 552 1706 nulla
575 1656 759 1723 queramus
781 1637 910 1706 exinde
933 1657 1051 1705 eorum
1077 1641 1197 1707 tollere
1219 1641 1279 1706 aut
1302 1641 1474 1708 contrare.
1501 1642 1635 1708 tantum
1661 1643 1784 1710 amodo
1817 1647 1851 1712 et
1886 1665 1992 1731 usque
2015 1650 2090 1734 ipso

235 1791 423 1858 constitulu
451 1808 558 1876 usquc
584 1790 694 1858 tribus
719 1789 793 1856 aire
820 1791 1001 1858 recollecta
1027 1790 1129 1857 deant
1158 1792 1241 1858 nobi
1267 1792 1461 1876 nostrisque
1487 1792 1645 1862 eredibus
1671 1797 1869 1866 terraticum
1896 1801 2083 1870 secundum

234 1938 481 2012 consuetudine
504 1943 547 2010 de
570 1943 647 2029 ipso
670 1946 781 2011 locum
794 1965 804 2030 ;
831 1947 965 2011 tantum
989 1945 1018 2010 si
1043 1945 1137 2010 intra
1160 1945 1236 2029 ipso
1259 1945 1483 2014 constitutum
1509 1948 1585 2014 bebi
1609 1947 1699 2033 quod
1723 1950 1793 2017 illis
1817 1952 1865 2018 ibi
1888 1954 2023 2021 abuerit
2046 1955 2088 2023 ad

235 2092 474 2175 laborandum,
489 2097 610 2166 mortis
625 2098 742 2177 luerit,
762 2098 893 2166 saciant
909 2098 991 2166 inde
1007 2099 1076 2166 illis
1092 2117 1147 2166 me
1163 2101 1262 2178 scire,
1282 2103 1320 2166 ut
1335 2116 1402 2184 ego
1418 2102 1607 2185 recoligam
1630 2103 1707 2188 ipsa
1722 2105 1827 2184 terra,
1844 2107 1879 2172 et
1895 2107 1925 2172 si
1943 2109 2087 2177 mortuis

233 2271 302 2319 non
326 2253 431 2321 tuerit
446 2252 511 2337 ipsi
528 2253 605 2320 bohi
630 2245 711 2321 ant'e
734 2223 811 2338 ipso
834 2249 1066 2330 constitutum,
1084 2255 1133 2321 sic
1149 2251 1275 2320 ibidem
1299 2253 1369 2321 illis
1391 2255 1563 2335 laborare,
1590 2256 1680 2323 siout
1702 2256 1938 2341 supradictum
1962 2262 2088 2329 estad

232 2407 428 2491 conpletum
457 2407 572 2472 autem
596 2405 672 2489 ipso
696 2404 921 2472 constitutum
945 2407 1016 2470 tota
1039 2405 1116 2489 ipsa
1137 2407 1235 2472 terra
1257 2423 1320 2489 per
1342 2407 1418 2491 ipse
1440 2407 1530 2484 finis,
1557 2408 1721 2491 quantum
1752 2409 1822 2476 illis
1845 2409 1972 2478 ibidem
1997 2415 2090 2479 labo-

232 2558 373 2638 raberit‚
391 2559 548 2624 remittas
564 2555 608 2623 ad
624 2559 780 2624 nostram
803 2557 1019 2642 potestatem,
1046 2556 1137 2624 unde
1153 2555 1196 2622 de
1212 2558 1452 2642 suprascripta
1476 2556 1604 2642 guadia
1625 2559 1714 2643 quod
1731 2561 1900 2646 mihiipsi
1918 2565 2089 2632 nominati

231 2708 401 2777 dederunt
430 2713 464 2776 ot
493 2709 703 2776 mediatores
726 2709 814 2776 mihi
838 2711 1029 2794 posuerunt
1051 2728 1087 2778 se
1110 2708 1189 2793 ipsi.
1215 2710 1302 2794 quod
1327 2710 1356 2777 si
1380 2713 1452 2779 etc:
1479 2705 1734 2794 (Compensatio
1763 2710 1909 2792 delinita
1932 2713 2002 2795 [uit
2027 2735 2090 2799 per

229 2862 347 2928 decern
370 2871 493 2928 aureos
515 2861 638 2928 solidos
661 2861 977 2949 constantinienses).
1005 2863 1039 2929 et
1062 2864 1154 2928 hunc
1170 2864 1309 2930 brebem
1324 2863 1466 2947 scripsit
1481 2881 1548 2948 ego
1562 2884 1645 2932 ursu
1662 2867 1820 2936 notarius
1836 2869 1894 2954 qui
1914 2869 2085 2938 interfuit.

289 2983 318 3097 †
332 3029 398 3096 ego
413 3011 516 3079 lando

287 3134 317 3247 †
333 3179 400 3246 ego
414 3161 530 3246 pando

286 3289 317 3403 †
332 3332 400 3400 ego
415 3317 535 3400 petrus

287 3437 317 3552 †
332 3483 399 3550 ego
415 3464 532 3550 guido.

1012 3969 1319 4049 CCCXXV.

1024 4213 1079 4289 A.
1117 4213 1168 4290 n.
1206 4210 1311 4290 eso.
1421 4309 1422 4314 p

288 4471 323 4607 †
339 4527 378 4591 ln
394 4521 537 4588 nomine
553 4519 684 4621 domini
701 4521 877 4590 tricesimo
892 4522 1040 4607 septimo
1057 4539 1149 4590 anno
1165 4523 1384 4608 principatus
1399 4521 1516 4589 domni
1535 4523 1644 4590 nostri
1661 4521 1800 4608 paldolfi
1823 4521 1967 4607 gloriosi
1992 4523 2090 4607 prin-

228 4677 319 4761 cipis
336 4678 371 4746 et
386 4676 537 4760 secundo
553 4691 646 4743 anno
661 4677 736 4744 eius
752 4677 896 4755 salerni,
921 4679 956 4742 et
978 4677 1077 4743 sexto
1100 4693 1194 4744 anuo
1216 4677 1435 4763 principatus
1457 4675 1575 4745 domni
1599 4678 1743 4763 paldolli
1769 4678 1843 4746 eius
1868 4677 2089 4758 filiosmense

225 4827 382 4912 apbrelis
398 4829 523 4896 octaba
538 4827 739 4897 indictione.
757 4828 1040 4895 memoratorium
1056 4828 1149 4896 sactu
1166 4847 1188 4896 a
1204 4847 1260 4896 me
1274 4831 1446 4896 martinus
1463 4829 1634 4914 presbiter
1647 4833 1681 4898 et
1693 4831 1799 4897 abbas
1815 4829 1960 4897 ecclesie
1976 4827 2088 4896 sancti

228 4976 387 5059 maximi,
406 4999 478 5047 una
494 4948 628 5048 mecum
642 4959 872 5066 truppoaldus
882 4979 1053 5047 castaldus
1069 4980 1126 5065 qui
1138 4981 1191 5047 est
1207 4979 1392 5048 adbocator
1409 4999 1503 5048 meus
1519 4983 1554 5047 et
1569 5000 1675 5048 unum
1691 4979 1734 5048 de
1749 4980 1895 5048 dominii
1908 4981 2018 5066 ipsius
2033 4997 2087 5047 eo·

226 5133 348 5211 olesie,
366 5149 407 5201 eo
423 5133 515 5218 quod
531 5138 613 5202 ante
627 5135 814 5220 subscripti
831 5136 934 5203 testes
950 5153 1012 5220 per
1029 5135 1118 5200 bona
1133 5134 1385 5202 combenientia
1399 5135 1532 5234 guardia
1547 5136 1654 5203 michi
1678 5134 1773 5202 dedit
1794 5137 1876 5218 lupo
1898 5134 1991 5200 filius
2014 5133 2083 5214 adi,

225 5289 262 5354 et
279 5285 506 5353 mediatorem
523 5285 628 5354 michi
645 5286 759 5371 posuit
774 5295 812 5353 se·
827 5285 940 5370 ipsum
955 5305 964 5372 ;
982 5287 1017 5352 et
1032 5302 1094 5369 per
1110 5284 1187 5369 ipsa
1201 5284 1331 5370 guadio
1353 5285 1550 5371 hobligabit
1572 5303 1609 5354 se
1632 5286 1666 5352 et
1688 5284 1760 5353 suis
1783 5283 1941 5352 eredibus
1964 5285 2087 5352 tenere

226 5435 272 5504 ad
288 5455 351 5506 sua
369 5437 540 5521 potestate
556 5441 627 5506 tres
643 5439 741 5523 pecie
756 5436 799 5506 de
814 5439 920 5505 terris
935 5438 1045 5523 ipsius
1060 5436 1204 5506 ecclesie
1219 5437 1262 5504 de
1277 5439 1391 5504 locum
1406 5437 1584 5504 luriniano
1599 5434 1726 5503 finibus
1750 5435 1899 5513 rotense,
1916 5434 1984 5501 due
2007 5452 2086 5502 cum

225 5589 474 5658 abellanietum
492 5593 526 5656 et
541 5593 699 5670 bacuum,
718 5593 754 5659 et
768 5591 840 5658 alia
855 5609 933 5658 cum
950 5592 1090 5659 arbusto
1106 5593 1141 5657 et
1158 5593 1314 5657 bacuum.
1326 5572 1398 5658 'illa'
1410 5608 1487 5656 cum
1504 5589 1646 5656 arbusto
1662 5605 1725 5673 per
1740 5605 1780 5655 ec
1795 5587 1876 5655 linis
1892 5589 1928 5654 et
1950 5605 2087 5656 mensu·

225 5742 295 5808 ria:
314 5739 360 5808 de
375 5741 506 5808 duobus
521 5743 677 5827 partibus
693 5744 762 5810 fine
779 5743 847 5822 bia,
866 5745 901 5812 et
917 5742 960 5811 de
975 5745 1043 5812 alie
1057 5743 1188 5810 duobus
1202 5741 1362 5827 partibus
1376 5743 1445 5809 fine
1459 5741 1626 5827 episcopii
1641 5741 1858 5810 salernitani:
1885 5733 1948 5826 per
1971 5707 2086 5834 longi-

169 5863 173 5868 ·
225 5894 311 5963 tudo
328 5911 449 5981 passos
464 5895 606 5964 sidecim
622 5899 658 5965 et
673 5897 793 5983 cupita
808 5900 889 5978 tres
908 5899 943 5966 et
958 5916 1021 5984 per
1036 5895 1183 5966 latitudo
1198 5912 1318 5980 passos
1333 5893 1506 5964 tridecim.
1526 5913 1595 5963 una
1609 5913 1654 5964 ex
1670 5896 1745 5981 ipse
1768 5897 1864 5981 pecie
1887 5913 1965 5962 cum
1989 5892 2086 5962 abel·
