5216 7092
594 579 656 642 164
1028 647 1031 652 ,
1252 565 1418 640 CODEX
1461 569 1696 641 unvnNSls

552 808 659 876 sterio
683 809 757 878 auri
782 809 909 878 solidos
932 810 1060 894 viginti
1077 810 1281 894 bytianteos.
1300 811 1335 876 et
1358 813 1422 879 hec
1444 813 1617 888 chartula,
1643 811 1682 879 ut
1703 829 1807 896 super
1831 811 1971 896 legitur,
1998 811 2043 881 sit
2065 813 2167 879 firma
2189 812 2319 898 scripta
2342 832 2400 898 per

554 978 679 1028 manns
696 961 856 1028 iohannis
872 961 1012 1029 curialis
1026 980 1090 1047 per
1105 959 1295 1029 indictione
1310 963 1560 1047 suprascripta.

612 1113 677 1177 boc
692 1111 832 1196 signum
845 1132 967 1182 manus
983 1116 1210 1200 suprascripti
1226 1105 1389 1184 iohannis
1405 1133 1470 1200 ego
1487 1115 1544 1201 qui
1561 1133 1670 1200 supra
1685 1133 1748 1199 pro
1764 1133 1842 1184 eum
1858 1115 2048 1199 subscripsi
2063 1086 2139 1200 †et
2150 1116 2216 1181 hoe
2239 1131 2401 1182 memora·

553 1263 608 1329 tus
639 1282 728 1343 sum,
747 1269 785 1332 ut
811 1266 892 1333 dum
921 1268 1160 1353 suprascripta
1187 1268 1342 1336 clusurio
1367 1269 1593 1348 tenuerimus,
1624 1271 1662 1337 ut
1689 1287 1792 1354 super
1818 1268 1960 1353 legitur,
1992 1283 2059 1352 ego
2085 1269 2118 1336 et
2140 1265 2286 1334 heredes
2308 1266 2400 1344 meis,

552 1415 691 1502 quando
708 1434 769 1500 per
786 1420 902 1486 extate
926 1419 1009 1486 illuc
1034 1421 1070 1488 at
1092 1407 1365 1506 recolligendum
1382 1419 1583 1489 direxeritis
1606 1440 1669 1507 per
1696 1421 1809 1506 ipsum
1836 1420 2039 1488 terraticum
2065 1418 2109 1486 de
2134 1417 2401 1502 suprascriptum

550 1569 668 1635 vinum
686 1588 757 1638 una
772 1588 922 1654 persona
939 1572 1065 1650 vestra,
1084 1571 1221 1639 nutrire
1237 1570 1422 1639 debeamus
1437 1571 1520 1641 item
1547 1574 1584 1636 ut
1606 1572 1734 1638 iustum
1759 1571 1880 1655 suerit;
1898 1571 1933 1637 et
1954 1573 1984 1636 si
2007 1569 2109 1635 aliter
2133 1543 2319 1635 fecerimus
2341 1570 2402 1635 sub

551 1721 794 1806 suprascripta
809 1739 919 1806 poena
935 1722 1177 1790 subiaciamus.

613 1847 642 1960 †
658 1893 726 1960 ego
742 1877 860 1961 petrus
876 1875 970 1943 filius
986 1877 1104 1944 domni
1119 1877 1280 1962 stephani
1295 1878 1457 1944 monachi
1472 1878 1616 1961 rogatus
1632 1895 1654 1943 a
1670 1875 1908 1960 suprascripto
1923 1876 2074 1944 iohanne
2090 1874 2167 1944 testi
2180 1848 2404 1960 subscripsi†

614 1999 723 2112 †ego
740 2027 909 2096 iohannes
924 2028 1017 2094 filius
1032 2026 1149 2094 domni
1167 2027 1257 2112 petri
1274 2027 1434 2094 monaehi
1450 2027 1593 2111 rogatus
1608 2045 1630 2093 a
1646 2025 1882 2110 suprascripto
1898 2024 2048 2091 iohanne
2073 2024 2150 2092 testi
2177 2023 2364 2110 subscripsi
2378 1998 2405 2110 †

613 2152 642 2264 †
658 2197 726 2264 ego
741 2165 911 2249 iohannes
928 2181 1021 2250 tilius
1036 2182 1154 2249 domni
1171 2181 1330 2267 gregorii
1346 2137 1492 2266 rogatus
1509 2199 1530 2248 a
1545 2181 1783 2265 suprascripto
1798 2180 1948 2248 iohanne
1966 2179 2041 2248 testi
2057 2177 2248 2262 subscripsi
2262 2149 2292 2262 †

611 2303 640 2414 †
656 2351 721 2416 ego
743 2333 912 2401 iohannes
928 2334 1070 2401 curialis
1084 2334 1251 2418 complevi
1271 2337 1305 2401 et
1321 2335 1453 2402 absolvi
1469 2352 1531 2418 per
1545 2332 1733 2401 indictione
1748 2331 1986 2417 suprascripta
2000 2329 2142 2398 decima.
2161 2303 2190 2414 †

1271 2837 1681 2918 cccxxxvii.

1336 3087 1391 3162 A.
1428 3086 1478 3164 D.
1518 3082 1622 3162 982.

574 3353 576 3357 v
608 3339 700 3478 †ln
723 3391 864 3458 nomine
887 3390 1021 3458 domini
1045 3390 1158 3475 primo
1181 3408 1271 3456 anno
1295 3391 1513 3475 principatus
1529 3390 1653 3483 'domni
1676 3390 1787 3456 nostri
1811 3389 1970 3455 mansoni
1986 3388 2020 3455 et
2034 3387 2155 3454 domni
2172 3387 2319 3454 iohanni
2334 3386 2402 3454 eius

520 3577 522 3582 ·
554 3544 627 3613 lilio
651 3543 797 3629 gloriosi
820 3544 1054 3628 principibus,
1069 3561 1187 3611 mense
1201 3531 1353 3612 abbreli's
1368 3519 1502 3612 decima
1518 3541 1719 3611 indictione.
1739 3543 2023 3610 memoratorium
2038 3543 2132 3609 sactu
2157 3559 2179 3606 a
2204 3559 2259 3609 me
2286 3539 2405 3606 marti·

555 3712 620 3760 nus
635 3693 807 3778 presbiter
822 3695 857 3761 et
873 3694 979 3761 abbas
994 3695 1137 3762 ecclesie
1151 3694 1264 3762 sancti
1287 3693 1446 3772 maximi,
1465 3711 1505 3763 eo
1521 3692 1610 3779 quod
1635 3695 1716 3759 ante
1739 3693 1914 3777 presentia
1937 3692 2029 3776 petri
2052 3689 2158 3757 iudici
2181 3689 2290 3757 etalii
2309 3689 2405 3758 testes

553 3842 760 3909 coniunctus
783 3860 858 3910 sum
884 3861 960 3910 cum
986 3847 1102 3928 petrus
1125 3845 1218 3912 filius
1241 3844 1334 3910 madi
1356 3843 1399 3910 de
1421 3843 1577 3922 nuceria,
1603 3841 1646 3910 ad
1670 3842 1865 3910 faciendum
1889 3837 1966 3909 oum
1990 3857 2031 3908 eo
2054 3841 2159 3908 linem
2175 3839 2218 3908 de
2234 3840 2406 3909 rebusilla

552 3993 597 4060 de
621 3978 732 4062 locum
758 3995 817 4079 qui
840 3995 967 4062 dicitur
990 3959 1104 4080 angre
1127 3999 1160 4062 et
1183 4013 1262 4062 oasa
1285 3997 1444 4074 amabile,
1469 3995 1561 4061 unde
1584 3997 1665 4062 ante
1688 4013 1725 4062 os
1747 3992 1821 4062 dies
1844 4013 1920 4060 cum
1946 4011 2005 4060 eos
2028 3993 2066 4059 in
2088 3994 2309 4061 causationes
2332 3991 2401 4068 fuit,

549 4149 585 4212 et
608 4166 671 4231 per
695 4149 813 4233 partes
837 4149 1014 4216 monimen
1044 4149 1153 4233 ipsius
1183 4148 1325 4217 ecclesie
1347 4104 1383 4216 et
1403 4147 1559 4216 iamdicti
1583 4147 1674 4232 petri
1698 4149 1839 4215 ostensa
1860 4147 1926 4213 fuit
1948 4148 1983 4213 et
2005 4145 2130 4212 accidit
2152 4145 2346 4222 iudicium,
2372 4148 2406 4211 ut

519 4311 522 4318 ·
552 4317 633 4383 pars
656 4300 764 4384 ipsius
788 4302 930 4371 ecclesie
954 4299 1035 4368 inde
1059 4301 1202 4378 iuraret,
1222 4302 1256 4367 et
1271 4318 1329 4369 eos
1344 4300 1382 4366 in
1399 4301 1472 4384 ipsa
1496 4299 1642 4369 ecclesia
1657 4249 1913 4384 appropriare..
1926 4296 2028 4365 modo
2043 4300 2169 4375 autem,
2188 4299 2227 4363 ut
2240 4294 2403 4372 diximus,

552 4457 713 4536 proterea
736 4471 853 4521 sumus
876 4455 1031 4522 coniunti
1055 4457 1101 4534 et,
1120 4455 1211 4524 sicut
1232 4455 1388 4540 utrisque
1411 4453 1595 4534 combenit,
1615 4455 1690 4540 ipse
1712 4457 1832 4540 petrus
1854 4471 1918 4538 per
1941 4455 2139 4537 succeptum
2155 4452 2333 4536 launegilt
2353 4449 2407 4518 de

553 4603 649 4670 nabit
672 4602 759 4671 mihi
783 4604 895 4688 ipsum
921 4607 1187 4684 sacramentum,
1213 4624 1315 4692 quam
1339 4606 1382 4674 de
1405 4607 1507 4674 rebus
1530 4609 1607 4694 ipsa
1631 4606 1664 4674 ei
1686 4607 1885 4690 persolbere
1899 4603 2029 4684 debuit,
2046 4623 2109 4690 per
2131 4603 2341 4689 colloquium
2357 4603 2410 4668 bo-

557 4771 679 4820 norum
702 4754 881 4823 hominum
906 4758 1040 4825 remisit
1061 4761 1097 4826 et
1120 4759 1266 4836 tradidit
1287 4758 1330 4827 ad
1355 4778 1467 4828 meam
1490 4764 1695 4846 potestatem
1719 4779 1780 4846 per
1803 4762 1893 4828 bona
1914 4755 2166 4826 combenientia
2189 4757 2264 4841 ipse
2292 4756 2408 4839 petrus

553 4907 628 4972 tota
651 4908 752 4974 rebus
776 4907 836 4974 illa
857 4907 901 4974 de
924 4901 1124 4994 supradicto
1147 4913 1273 4991 locum,
1291 4912 1382 4983 unde
1405 4912 1496 4980 inter
1512 4933 1575 4982 nos
1591 4913 1808 4982 causationes
1831 4911 1987 4981 abuimus
2001 4915 2036 4979 et
2051 4928 2117 4996 que
2132 4909 2325 4977 muninime
2339 4909 2409 4976 eius

550 5058 705 5126 continet
720 5056 809 5144 quod
827 5060 933 5127 tando
949 5060 1031 5128 inde
1046 5063 1182 5150 ostedit3
1199 5063 1289 5132 idest
1303 5084 1373 5164 una
1389 5068 1533 5146 cartula,
1553 5067 1701 5151 qualiter
1716 5017 1855 5151 percari
1870 5064 1964 5132 filius
1976 5062 2071 5148 petri
2093 5059 2316 5132 benumdedit
2338 5059 2408 5144 lupi

451 5263 458 5279 .
552 5209 625 5278 lilio
648 5213 782 5281 romani
808 5215 906 5282 terra
929 5215 965 5283 in
989 5235 1068 5285 casa
1091 5219 1242 5289 amabile
1265 5237 1327 5304 per
1350 5220 1444 5308 finis3
1467 5221 1539 5289 alia
1560 5221 1668 5306 sergii
1690 5220 1784 5288 filius
1799 5219 1954 5306 palumbi
1970 5216 2190 5288 benumdedit
2206 5217 2315 5304 ipsius
2338 5216 2408 5302 lupi

553 5366 701 5432 terrain
718 5367 794 5451 ipso
810 5371 923 5437 locum
948 5388 1012 5456 per
1037 5370 1143 5458 finis;
1161 5370 1228 5440 alia
1242 5372 1398 5452 scribtio,
1424 5373 1572 5459 qualiter
1588 5374 1664 5459 ipse
1677 5376 1780 5458 lupus
1796 5372 1834 5440 in
1851 5371 2067 5440 causationes
2081 5371 2147 5439 suit
2161 5389 2239 5438 cum
2255 5372 2357 5456 lupus
2370 5369 2406 5437 fi-

551 5519 600 5586 lio
616 5521 713 5588 causi
735 5525 770 5589 et
792 5540 870 5590 curn
894 5526 1077 5609 palumbus
1100 5525 1173 5593 filio
1197 5491 1276 5592 boni
1301 5523 1344 5594 de
1367 5511 1463 5594 terra
1479 5506 1671 5612 ipsa'quod
1696 5525 1729 5593 ei
1754 5523 1974 5595 benumdedit
2000 5525 2076 5610 ipse
2101 5523 2211 5610 sergii
2234 5523 2326 5592 filius
2349 5540 2406 5608 pa-

533 5651 677 5750 lumbi,
696 5673 731 5739 et
746 5674 789 5740 ab
805 5673 876 5742 illis
891 5676 1046 5744 abinouit
1069 5695 1141 5766 eos3
1165 5678 1238 5746 alia
1260 5679 1427 5747 iohannes
1451 5679 1545 5748 filius
1568 5679 1672 5748 susuli
1696 5679 1917 5749 benumdedit
1938 5678 2048 5766 ipsius
2071 5679 2142 5764 lupi
2165 5677 2310 5747 terrain
2331 5677 2405 5760 ipso
2445 5661 2448 5666 ’

555 5825 668 5892 locum
693 5842 755 5930 per
777 5825 878 5913 finis3
904 5827 988 5904 alia,
1014 5828 1162 5914 qualiter
1185 5830 1352 5900 iohannes
1374 5832 1468 5901 lilius
1490 5833 1843 5904 baleribenumdedit
1866 5833 2009 5902 iohanni
2032 5834 2066 5898 et
2087 5829 2224 5898 romani
2246 5829 2309 5898 filii
2331 5826 2404 5912 lupi
