5378 7098
1032 631 1398 704 lllllbllnlltlls
2048 649 2089 707 25

278 885 424 958 iohanni
441 882 637 979 presbiteri,
652 877 850 955 domnandi‚
866 875 994 960 angeli,
1013 874 1153 952 marini,
1174 875 1323 952 amanei,
1343 892 1443 959 quam
1460 875 1551 940 etad
1567 876 1692 943 vestris
1709 877 1891 946 heredibus
1907 879 2024 966 obligo
2037 885 2138 954 meet

279 1042 367 1110 meis
383 1037 543 1108 eredibus
558 1035 655 1106 vobis
671 1033 946 1121 supranominati
963 1029 1054 1098 etad
1070 1030 1195 1098 vestris
1217 1027 1412 1098 heredibus.
1431 1027 1525 1106 Qiiod
1549 1030 1578 1096 si
1601 993 1781 1116 aliquando
1804 1034 1958 1119 tempore
1980 1035 2056 1121 ipsa
2079 1057 2137 1123 pe-

279 1198 372 1262 ciam
387 1194 430 1260 de
445 1195 542 1260 terra
557 1191 652 1258 infra
666 1186 867 1274 supradicte
883 1185 964 1252 finis
979 1185 1014 1256 et
1030 1182 1214 1260 mensuris,
1233 1199 1294 1250 seu
1309 1182 1384 1266 ipsa
1401 1181 1547 1250 ecclesia
1569 1181 1657 1268 quod
1683 1183 1808 1252 ibidem
1833 1186 2027 1269 fecerimus,
2042 1192 2137 1260 vobis

280 1363 384 1432 quam
402 1347 438 1412 et
452 1342 497 1412 ad
514 1341 638 1410 vestris
654 1338 840 1408 heredibus
855 1336 929 1404 nati
946 1332 1178 1412 nascentibus,
1197 1352 1254 1403 seu
1277 1335 1311 1402 et
1334 1332 1378 1401 ad
1402 1334 1533 1402 omines
1557 1335 1688 1401 vestros
1710 1337 1766 1401 vel
1789 1337 1989 1432 mulieribus¹
2012 1343 2136 1412 vestris

280 1501 401 1568 tollere
417 1499 478 1565 aut
493 1498 667 1574 contrare,
685 1495 744 1562 aut
758 1493 801 1561 de
816 1495 933 1560 vestra
948 1491 1118 1575 potestate
1134 1489 1247 1574 ipsam
1263 1486 1405 1555 ecclesia
1422 1488 1661 1570 presumserit,
1680 1491 1740 1554 aut
1762 1489 1963 1574 supradicta
1985 1495 2082 1561 terra
2104 1499 2138 1562 et

280 1651 427 1720 ecclesia
442 1650 538 1717 vobis
553 1647 597 1715 da
613 1645 726 1714 omnis
741 1644 899 1712 homines
914 1643 958 1710 ab
973 1640 1068 1709 omni
1084 1641 1127 1707 ab
1143 1639 1370 1723 omnibusque
1385 1639 1544 1722 partibus
1566 1655 1636 1704 non
1659 1638 1884 1709 defensavere
1898 1663 1938 1713 eo
1961 1648 1996 1712 et
2017 1647 2137 1716 eredes
2216 1727 2219 1734 ,

281 1820 375 1871 meos
389 1801 486 1868 vobis
501 1803 535 1868 et
549 1798 593 1866 ad
609 1798 708 1868 redes
722 1799 866 1882 vestros3
885 1794 962 1862 ideo
978 1794 1059 1860 ante
1074 1792 1188 1858 omnia
1203 1790 1334 1874 questio
1350 1793 1383 1856 et
1398 1789 1549 1856 causatio
1566 1807 1673 1858 vacua
1688 1797 1721 1858 et
1736 1794 1839 1860 tacita
1855 1794 1935 1874 sint,
1949 1799 1984 1866 et
1999 1802 2137 1868 centurn

281 1954 380 2024 solidi
398 1951 612 2021 constantini
630 1951 726 2018 vobis
741 1967 934 2035 conponere
950 1935 1079 2032 obligo,
1098 1949 1133 2014 et
1146 1944 1310 2012 adversus
1327 1960 1386 2013 vos
1403 1947 1436 2012 et
1451 1943 1533 2009 filiis
1549 1945 1674 2013 vestris
1689 1949 1722 2013 et
1738 1951 1869 2016 vestros
1885 1950 2029 2018 heredes
2042 1971 2082 2022 eo
2105 1958 2139 2020 et

281 2125 374 2175 meos
390 2106 536 2174 heredes
552 2123 689 2189 semper
705 2104 804 2171 taciti
820 2105 855 2171 et
870 2101 1078 2185 contemptis
1094 2116 1295 2167 maneamus
1311 2116 1372 2186 per
1388 2097 1509 2165 eadem
1532 2099 1689 2183 obligata
1707 2071 1850 2185 penam.
1866 2106 1910 2171 Et
1930 2123 2064 2190 semper
2079 2106 2136 2172 de-

281 2264 420 2328 beamus
436 2256 599 2326 ordinare
615 2256 786 2342 presbiter
803 2259 864 2323 aut
879 2256 1067 2322 monachus
1082 2251 1125 2320 ad
1150 2253 1228 2336 ipsa
1251 2253 1396 2319 ecclesia
1419 2251 1611 2336 regendum
1634 2254 1667 2320 et
1689 2251 1936 2322 dominandum
1959 2258 1994 2322 et
2017 2257 2139 2328 ordine

278 2412 511 2479 eeclesiastico
527 2408 653 2479 ibidem
671 2407 864 2476 faciendum
887 2407 998 2484 nobis,
1018 2405 1107 2474 sicut
1129 2403 1366 2488 supradictum
1389 2406 1514 2472 estha
1537 2423 1604 2488 qua
1628 2421 1689 2488 per
1713 2407 1837 2474 bonam
1861 2407 2138 2478 convenientiam

280 2564 408 2648 guadia
424 2582 488 2630 nos
504 2559 778 2646 supranominati
795 2558 951 2628 dedimus
967 2559 1058 2626 inter
1074 2576 1138 2625 nos
1153 2561 1187 2626 et
1203 2556 1409 2624 mediatores
1432 2555 1668 2640 nosmedipsos
1692 2559 1870 2642 posuimus
1893 2578 1933 2627 eo
1957 2562 2082 2640 tinore,
2102 2566 2140 2629 ut

277 2717 410 2792 cuneta,
429 2732 495 2798 que
513 2711 674 2798 superius
696 2713 835 2796 legitor,
850 2710 1102 2794 adimpleamus
1118 2707 1317 2803 peneadem
1335 2707 1489 2791 obligata
1505 2725 1641 2792 penam.
1657 2712 1700 2776 Et
1715 2709 1744 2774 si
1756 2713 1932 2780 surrexeri
1945 2714 2136 2800 episcopus,

281 2868 341 2934 aut
356 2866 474 2944 abbas,
496 2867 557 2932 aut
573 2862 734 2948 quislibet
749 2865 864 2940 homo,
883 2864 942 2947 qui
958 2861 1036 2946 ipsa
1051 2861 1198 2930 ecclesia
1213 2879 1274 2928 seu
1292 2861 1369 2945 ipsa
1384 2864 1479 2928 terra
1492 2863 1712 2928 substrahere
1735 2865 1882 2930 volu'erit
1904 2865 1947 2934 de
1969 2869 2138 2950 potestate

277 3017 320 3085 de
337 3019 411 3103 ipso
426 3017 597 3101 presbiter
612 3017 670 3102 qui
686 3017 725 3084 in
740 3018 818 3101 ipsa
834 3017 978 3085 ecclesia
994 3015 1282 3092 ordinaverimus,
1301 3016 1339 3080 ut
1354 3015 1432 3098 ipsa
1448 3013 1591 3082 ecclesia
1605 3016 1639 3081 et
1655 3020 1749 3082 terra
1764 3017 1885 3086 redeat
1910 3019 1945 3084 in
1970 3023 2138 3105 potestate

283 3174 404 3240 nostra
419 3174 453 3238 et
468 3170 510 3238 de
525 3169 653 3238 nostris
670 3169 856 3238 heredibus
878 3170 952 3236 nati
975 3168 1210 3236 nascentibus.
1229 3169 1273 3234 Et
1296 3171 1374 3251 post
1397 3169 1629 3235 reversionem
1654 3167 1768 3236 redire
1791 3189 1928 3256 semper
1950 3171 2071 3240 debeat
2094 3175 2138 3240 ad

279 3321 353 3406 ipso
367 3321 549 3406 presbiter,
567 3320 654 3404 quod
672 3319 800 3388 ibidem
817 3319 1105 3398 ordinaverimus,
1123 3319 1213 3386 sicut
1228 3315 1494 3402 supradiximus,
1513 3320 1546 3385 et
1564 3319 1739 3386 licentiam
1755 3323 1790 3387 et
1805 3323 2009 3404 potestatem
2034 3327 2137 3392 abeat

279 3477 353 3560 ipse
369 3477 541 3561 presbiter
557 3493 618 3543 seu
635 3477 826 3542 monachus
842 3475 878 3541 in
896 3477 997 3543 relius
1012 3477 1145 3552 nostra,
1164 3475 1198 3541 et
1222 3474 1274 3540 ire
1297 3473 1340 3540 ad
1363 3473 1439 3558 ipsa
1462 3473 1603 3540 fontana
1626 3477 1660 3541 et
1682 3475 1724 3542 de
1749 3476 1825 3560 ipsa
1849 3496 1938 3561 aqua
1961 3480 2079 3546 aurire
2103 3483 2139 3547 et

279 3629 465 3698 utilitatem
482 3648 578 3697 suam
596 3629 639 3696 de
656 3630 733 3714 ipsa
749 3631 981 3714 aqua'sacere,
1001 3632 1035 3696 et
1050 3629 1227 3696 licentiam
1245 3628 1402 3696 habeatis
1416 3643 1553 3712 semper
1569 3645 1704 3712 semper
1721 3607 1868 3696 introire
1883 3631 1921 3697 in
1937 3630 2021 3715 ipsis
2036 3613 2138 3698 rebus

280 3779 407 3848 nostris
423 3780 466 3846 de
482 3782 560 3865 ipso
576 3783 651 3869 loco
667 3780 796 3866 gualdo
812 3783 848 3848 et
862 3798 925 3847 nos
941 3781 978 3846 in
995 3779 1121 3848 vestris
1140 3781 1177 3846 at
1192 3779 1370 3865 lignamen
1386 3779 1579 3848 faciendum
1595 3779 1633 3847 in
1649 3779 1726 3864 ipsa
1742 3782 1844 3848 vinea
1860 3784 1894 3848 et
1917 3782 1959 3848 ad
1983 3801 2139 3851 neeessa-

283 3933 373 3999 rium
389 3935 508 3999 nostre
524 3933 680 4012 ecclesie,
698 3936 732 4001 et
748 3951 831 4001 casa
854 3933 980 4002 ibidem
1006 3936 1118 4002 lacere
1142 3937 1176 3999 et
1198 3935 1312 4001 ortum
1337 3932 1565 4000 conciandum
1588 3935 1622 3999 et
1644 3933 1885 4013 claudendum,
1900 3935 1989 4020 quod
2013 3936 2137 4005 ibidem

283 4085 414 4152 fecerit.
433 4087 476 4154 Et
498 4086 527 4154 si
550 4105 592 4153 ea
615 4087 744 4164 omnia,
764 4103 829 4170 que
852 4087 921 4154 iam
944 4086 1143 4172 supradicte
1166 4089 1257 4165 sunt,
1275 4103 1338 4154 nos
1360 4091 1394 4153 et
1416 4088 1553 4154 nostros
1569 4086 1712 4154 heredes
1736 4088 1810 4154 nati
1833 4089 2052 4156 nascentibus
2068 4108 2138 4158 non

281 4235 545 4322 adimplerimus
561 4237 604 4304 ad
621 4237 698 4322 ipsa
713 4239 868 4317 ecclesia,
884 4238 1077 4322 obligamus
1092 4257 1155 4305 nos
1178 4236 1360 4306 subiacere
1384 4237 1421 4303 in
1444 4236 1645 4322 supradicta
1667 4237 1823 4322 obligata
1846 4258 1971 4324 penam
1993 4243 2027 4309 et
2050 4242 2139 4310 iusto

280 4386 435 4457 ordinem
451 4389 607 4461 debeatis
622 4391 803 4476 lignamen
820 4390 999 4460 abscidere
1013 4390 1056 4458 de
1072 4391 1157 4476 ipsis
1173 4393 1276 4458 rebus
1291 4390 1467 4458 nostriset
1483 4407 1545 4457 vos
1568 4388 1611 4456 de
1633 4390 1769 4458 vestris.
1789 4390 1882 4468 Quod
1907 4395 1940 4459 te
1963 4391 2139 4476 iaquintns

279 4537 508 4608 subdiaconus
524 4543 558 4607 et
573 4543 730 4610 notarius
746 4543 899 4611 scribere
914 4544 1117 4628 rogavimus
1133 4545 1169 4611 in
1186 4543 1338 4611 abellino
1355 4511 1472 4610 merrse
1488 4544 1522 4609 et
1538 4539 1727 4610 indictione
1743 4541 1904 4609 feliciter.

337 4661 369 4772 †·
380 4707 447 4774 ego
462 4690 675 4758 sadelbertus

337 4813 366 4926 †
381 4859 449 4926 ego
463 4843 639 4910 maraldus

338 4965 367 5078 †
382 5011 448 5078 ego
463 4995 616 5062 lodoicus

281 5150 291 5159 '
336 5116 446 5230 †ego
460 5148 635 5214 waimari.
