5252 7102
1261 531 1424 605 CODEX
1462 531 1694 606 ulvubsls

1303 983 1670 1065 CCCCXLIII.

1356 1231 1413 1309 A.
1449 1231 1500 1308 D.
1539 1227 1636 1310 991.

608 1500 695 1634 ssln
719 1549 860 1616 nomine
886 1546 1017 1614 domini
1044 1563 1137 1613 nono
1164 1562 1256 1612 anno
1283 1545 1500 1631 principatus
1525 1543 1644 1614 domni
1670 1544 1781 1614 nostri
1807 1544 1965 1626 iohanni,
1984 1548 2019 1613 et
2041 1547 2143 1614 tertio
2169 1565 2261 1614 anno
2288 1547 2404 1618 domni

547 1699 736 1786 guaimarii
753 1700 830 1768 eius
846 1698 918 1767 filio
934 1697 1081 1785 gloriosi
1094 1696 1322 1788 principibus,
1340 1717 1459 1767 mense
1471 1701 1656 1768 nobember
1669 1698 1790 1785 quinta
1802 1697 2000 1768 indictione.
2016 1665 2299 1768 memoratorium
2316 1701 2407 1769 sactu

546 1872 568 1921 a
584 1870 646 1921 nos
662 1852 765 1921 disiio
781 1855 816 1919 et
835 1850 939 1920 lando
956 1851 1117 1937 germani
1134 1851 1198 1919 filii
1216 1849 1351 1918 cuidam
1371 1850 1598 1937 inghelgardi
1616 1849 1813 1937 presbiteri,
1831 1869 1871 1919 eo
1887 1849 1976 1936 quod
1993 1851 2075 1918 ante
2092 1851 2228 1920 altanus
2244 1869 2357 1922 comes
2371 1855 2405 1920 et

552 1965 824 2074 subscribtorum
841 2004 980 2072 testium
998 2003 1168 2071 tradimus
1184 2001 1293 2088 adque
1308 2001 1466 2070 dedimus
1482 2001 1573 2088 petri
1589 2001 1755 2088 monaghi
1774 2002 1868 2070 filius
1883 2002 2057 2088 quondam
2080 2005 2230 2090 campuli
2247 2003 2291 2072 de
2308 2006 2407 2073 aliola

546 2157 676 2225 finibus
695 2156 977 2252 amalfitanorum
994 2156 1101 2225 terris
1116 2157 1151 2222 et
1166 2174 1242 2222 cum
1259 2155 1356 2226 silvis
1371 2154 1414 2223 de
1436 2157 1552 2222 monte
1567 2153 1609 2222 de
1625 2172 1817 2222 cervonara
1832 2157 1867 2222 et
1881 2155 2008 2222 montis
2035 2155 2078 2222 de
2106 2157 2217 2223 locum
2234 2158 2355 2224 cetara
2368 2158 2404 2224 ti·

549 2310 650 2378 nibus
666 2311 894 2390 salernitana,
913 2328 980 2396 que
997 2311 1229 2378 communiter
1244 2312 1413 2378 habemus
1429 2329 1506 2376 cum
1523 2310 1740 2378 consortibus
1755 2309 1885 2378 nostris
1896 2326 1960 2394 per
1972 2326 2009 2376 as
2024 2309 2116 2378 finis:
2135 2328 2253 2395 apars
2268 2310 2406 2378 orientis

546 2464 617 2532 fine
634 2465 732 2532 terra
747 2463 889 2532 ecclesie
904 2463 1014 2531 sancti
1031 2461 1137 2530 cisari
1153 2466 1188 2530 et
1204 2463 1272 2532 dne
1288 2481 1378 2548 capu
1393 2480 1496 2550 aqua,
1514 2462 1610 2532 sicud
1627 2463 1696 2530 fine
1712 2463 1829 2530 vestra
1843 2461 2030 2530 discernid:
2048 2480 2069 2528 a
2083 2480 2164 2547 pars
2180 2461 2327 2530 meridie
2339 2463 2403 2531 fine

547 2615 637 2700 pede
653 2615 829 2684 demente
845 2615 887 2683 de
904 2616 1046 2695 salernu,
1064 2615 1160 2683 sicud
1178 2617 1270 2684 balle
1285 2615 1464 2696 discernit,
1479 2617 1514 2684 et
1528 2613 1757 2683 descendente
1773 2616 1809 2682 in
1825 2614 1903 2699 ipso
1925 2613 2028 2682 dubio
2043 2614 2087 2684 de
2102 2618 2222 2710 cetara
2237 2618 2272 2684 et
2286 2619 2403 2702 preba-

546 2769 683 2836 ricante
699 2767 735 2835 in
752 2767 827 2854 ipso
842 2765 947 2836 dubio
963 2771 998 2834 et
1014 2768 1247 2853 coniungente
1262 2767 1300 2834 in
1317 2769 1453 2836 ballone
1469 2766 1601 2836 maiore
1615 2770 1650 2835 et
1665 2785 1728 2852 per
1745 2767 1819 2853 ipso
1836 2768 1970 2834 ballone
1982 2766 2127 2836 saliente
2143 2767 2180 2834 in
2196 2769 2276 2837 toru
2290 2768 2335 2837 de
2346 2771 2404 2838 im-

549 2921 637 2989 brici
653 2924 687 2994 et
703 2925 834 2990 rectum
850 2921 988 2990 exiente
1003 2921 1040 2987 in
1056 2918 1160 2987 dnbio
1176 2919 1219 2990 de
1235 2937 1440 2988 carvonara:
1458 2919 1501 2988 de
1517 2938 1666 3006 superna
1682 2937 1765 3006 pars
1780 2921 1849 2988 dne
1865 2937 1970 2988 serre.
1991 2919 2085 2988 intra
2107 2921 2182 3004 ipse
2197 2921 2279 2988 finis
2295 2921 2399 3008 ipsius

545 3075 636 3159 petri
653 3073 822 3160 monaghi
837 3092 902 3160 pro
917 3075 991 3142 vice
1007 3079 1125 3143 nostra
1140 3077 1174 3144 et
1189 3073 1234 3142 de
1249 3075 1378 3143 nostris
1393 3073 1611 3142 consortibus
1626 3075 1659 3141 ei
1677 3073 1846 3140 tradimus
1873 3071 1916 3139 ad
1944 3072 2157 3142 roncandum
2182 3075 2217 3142 et
2231 3073 2340 3143 oisine
2355 3075 2401 3142 la-

542 3228 717 3308 ciendum,
739 3231 774 3298 et
790 3228 1030 3308 lavorandum
1049 3234 1084 3298 et
1099 3229 1341 3298 seminandum
1368 3247 1475 3314 usque
1502 3231 1575 3296 tres
1601 3227 1730 3308 studia,
1749 3230 1784 3295 et
1800 3245 1901 3296 omne
1929 3245 2059 3296 annum
2085 3227 2185 3296 daret
2211 3229 2313 3297 nobis
2328 3227 2402 3296 inde

541 3385 743 3453 terraticum
760 3381 948 3452 secundum
968 3381 1251 3450 consuetudinem
1268 3382 1311 3450 de
1329 3381 1405 3468 ipso
1421 3383 1547 3449 locum.
1563 3379 1654 3448 unde
1669 3398 1732 3465 per
1746 3398 1836 3448 vona
1851 3381 2103 3448 combenientia
2114 3380 2247 3466 guadia
2259 3381 2332 3466 ipse
2347 3401 2399 3467 pe

542 3541 618 3606 trus
635 3538 834 3622 monaghus
848 3535 943 3604 dedit
957 3536 1057 3604 nobis
1073 3536 1109 3602 et
1123 3533 1351 3604 mediatorem
1368 3534 1468 3603 nobis
1484 3533 1585 3621 posui
1601 3535 1702 3621 guiso
1730 3534 1824 3602 filius
1852 3535 1925 3601 ursi
1941 3532 1983 3602 de
2000 3535 2111 3601 locum
2135 3533 2325 3613 mitilianu,
2343 3535 2398 3602 tali

542 3689 677 3768 ordine,
696 3691 736 3757 ut
751 3689 783 3756 si
799 3691 863 3757 hec
879 3688 1008 3767 omnia,
1027 3707 1093 3774 que
1109 3687 1317 3773 prelegitur,
1336 3704 1393 3754 eos
1409 3687 1507 3755 nobis
1523 3703 1592 3754 non
1608 3685 1861 3771 adimpleberit,
1880 3702 2087 3771 componere
2108 3685 2281 3770 obligavit
2294 3704 2330 3755 se
2344 3702 2398 3754 no

541 3844 594 3914 bis
610 3843 727 3916 decem
750 3843 879 3913 solidos
905 3861 1028 3913 aureos
1053 3843 1263 3912 costantinos
1287 3845 1321 3911 et
1343 3859 1410 3928 que
1439 3841 1645 3928 prelegitur,
1676 3858 1734 3910 eos
1761 3840 1861 3909 nobis
1887 3839 2088 3925 adimplere.
2107 3841 2142 3907 et
2157 3841 2252 3908 hunc
2269 3841 2396 3908 brebem

540 3995 663 4065 scribsi
681 4014 748 4082 ego
766 3995 930 4065 ildericus
945 3994 1174 4068 subdiaconos
1195 3997 1229 4067 et
1244 3996 1410 4065 notarius.

599 4119 629 4228 †
645 4163 711 4232 ego
726 4147 786 4233 qui
802 4165 910 4233 supra
925 4147 1061 4216 alfanus

598 4271 629 4384 †
644 4313 711 4383 ego
725 4299 779 4366 leo
795 4297 977 4384 presbiter.

1288 4802 1661 4885 CCCGXLIV.

1325 5049 1381 5126 A.
1418 5049 1469 5141 D.
1509 5045 1613 5127 992.

599 5308 690 5446 †In
712 5361 853 5429 nomine
865 5359 998 5428 domini
1015 5377 1108 5428 nono
1125 5377 1218 5428 anno
1231 5359 1449 5446 principatus
1471 5359 1589 5428 domni
1604 5359 1715 5428 nostri
1739 5359 1883 5428 iohanni
1899 5361 1932 5428 et
1948 5361 2050 5426 tertio
2067 5375 2159 5426 anno
2172 5358 2290 5428 domni
2306 5356 2390 5444 guai-

540 5512 631 5584 mari
647 5513 720 5582 filio
745 5514 819 5582 eius
843 5512 990 5598 gloriosi
1014 5512 1243 5598 principibus,
1261 5529 1378 5582 mense
1401 5513 1584 5580 ianuarino
1606 5513 1726 5598 quinta
1749 5512 1948 5581 indictione.
1976 5515 2257 5582 memoratorium
2274 5513 2387 5580 factum

539 5685 562 5736 a
585 5683 641 5733 me
664 5683 854 5736 cennamus
878 5665 1050 5750 presbiter
1073 5666 1107 5732 et
1130 5666 1247 5745 abbas,
1273 5665 1331 5752 qui
1349 5684 1424 5734 sum
1443 5666 1556 5732 rector
1571 5667 1606 5733 et
1621 5667 1735 5734 custos
1750 5664 1920 5732 hecclesie
1942 5664 2052 5732 sancti
2076 5663 2233 5744 maximi,
2253 5659 2387 5749 eoquod

542 5823 624 5888 ante
648 5817 823 5904 presentia
846 5816 938 5884 leoni
964 5813 1068 5882 iudici
1083 5818 1119 5884 et
1133 5815 1321 5902 subscripti
1336 5817 1438 5884 testes
1455 5815 1764 5883 manifestaverunt
1786 5833 1824 5884 se
1846 5813 1976 5883 cicerus
1991 5817 2027 5881 et
2047 5833 2216 5899 sparanus
2239 5811 2384 5900 germani
