5286 7098
986 608 1359 682 DIPLOMATICUS

977 1061 1338 1142 CCLXXXV.

1028 1310 1084 1382 A.
1121 1305 1172 1382 o.
1209 1303 1314 1382 ero.
1455 1249 1457 1253 ’

300 1615 351 1680 De
366 1615 433 1682 buc
447 1614 572 1682 charta
582 1615 718 1680 omniuo
732 1617 896 1682 uetustate
906 1617 1116 1694 cornsaueptu
1132 1613 1256 1683 dumus
1270 1613 1508 1684 ammomum.

299 1717 616 1856 †Quadragesimo
629 1766 733 1835 tertio
749 1783 842 1834 anno
856 1766 990 1845 Gisulfi,
1008 1768 1043 1834 et
1058 1767 1172 1851 primo
1188 1783 1280 1834 anno
1291 1767 1453 1838 Geminae
1464 1769 1584 1836 uxoris
1596 1769 1682 1848 eius
1696 1772 1730 1839 et
1741 1771 1898 1839 Pandoltl
1911 1773 2020 1858 optati
2036 1791 2093 1841 eo·

227 1939 308 1986 rum
330 1919 405 1986 filii.
424 1921 540 1988 Mense
561 1919 642 1986 Maii
664 1920 768 1986 tertia
791 1919 991 1989 indictione.
1020 1922 1163 1989 Donatio
1187 1923 1303 1989 terrae
1326 1939 1454 1988 vacuae
1476 1939 1554 1989 cum
1578 1925 1681 1991 vinea
1704 1924 1803 1991 iuxta
1824 1925 1966 1992 fluvium
1989 1926 2091 2008 Lyri-

231 2089 329 2149 num,
345 2070 438 2136 faeta
452 2069 628 2136 Guaiferio
644 2068 717 2136 tllio
732 2069 905 2154 quondam
921 2070 1115 2138 Gueimarii
1131 2071 1272 2174 Comitis
1294 2089 1314 2137 a
1337 2073 1440 2138 Petro
1463 2072 1652 2150 castaldeo,
1671 2075 1728 2159 qui
1748 2072 1910 2142 Cristallo
1933 2033 2085 2152 iocatur,

231 2223 305 2290 fflio
331 2221 505 2307 quondam
521 2221 678 2300 Acconis,
696 2221 754 2306 qui
783 2225 864 2291 sunt
889 2223 981 2290 thius
1002 2227 1036 2292 et
1059 2241 1178 2309 nepos
1205 2227 1345 2309 recepto
1361 2226 1405 2291 ab
1428 2243 1468 2292 eo
1490 2226 1676 2310 Launegilt
1699 2225 1877 2292 duodecim
1901 2226 2089 2294 solidorum

228 2379 439 2446 tarenorum.

967 2883 1354 2963 CCLXXXVI.

1013 3127 1068 3202 A.
1105 3127 1156 3202 D.
1195 3124 1300 3203 975.

285 3383 376 3519 †ln
391 3433 531 3501 nomine
546 3432 678 3499 domini
690 3433 958 3518 quadragesimo
973 3432 1076 3500 tertio
1092 3450 1183 3500 anno
1199 3433 1412 3517 principatus
1428 3433 1543 3502 domni
1560 3434 1671 3502 nostri
1686 3433 1802 3518 gisolfi
1826 3433 1970 3518 gloriosi
1993 3435 2092 3519 prin-

229 3587 330 3670 cipis,
349 3589 383 3654 et
400 3586 515 3672 primo
531 3602 624 3653 anno
638 3585 856 3670 principatus
870 3585 995 3654 domne
1010 3604 1149 3672 gemme
1164 3603 1274 3655 uxore
1298 3587 1372 3654 eius
1389 3589 1423 3653 et
1439 3584 1555 3653 domni
1571 3585 1713 3672 paldolti
1729 3587 1845 3672 optato
1861 3585 1933 3653 filio
1955 3602 2087 3666 eorum,

231 3758 351 3809 mense
365 3740 574 3825 september,
600 3739 729 3824 quarta
742 3737 943 3807 indictione.
963 3739 1042 3807 ldeo
1057 3759 1124 3824 que
1139 3757 1205 3824 ego
1221 3739 1355 3808 cicerus
1370 3739 1463 3807 filius
1487 3741 1648 3818 amellrit,
1674 3741 1764 3808 sicut
1786 3740 1873 3807 mihi
1896 3757 2091 3824 congruum

228 3897 284 3963 est
306 3913 383 3962 mea
405 3911 496 3962 vona
518 3895 707 3962 bolumtate
729 3912 793 3978 per
816 3895 1032 3962 absolutione
1055 3895 1242 3981 supradicti
1265 3895 1410 3980 gloriosi
1433 3895 1616 3982 principis,
1642 3897 1722 3964 ante
1745 3894 1922 3980 presentia
1944 3895 2089 3962 iohanni

230 4047 382 4118 sculdais
405 4051 439 4116 et
461 4047 522 4114 alii
542 4048 673 4127 testa,
699 4066 762 4132 per
785 4065 850 4116 auc
873 4051 1042 4117 cartulam
1066 4048 1157 4116 dono
1180 4049 1244 4117 tibi
1267 4049 1348 4116 felci
1370 4049 1462 4115 filius
1486 4048 1627 4116 amandi
1651 4048 1833 4133 aliquanta
1855 4050 1974 4126 terra,
2000 4047 2089 4132 quod

231 4205 317 4270 abeo
339 4195 434 4271 intus
456 4219 522 4269 ano
545 4201 793 4270 salernitanam
817 4201 988 4271 ciuitatem
1011 4205 1050 4269 in
1071 4203 1148 4288 ipso
1163 4203 1261 4287 plain
1283 4173 1483 4290 propinguo
1498 4206 1577 4288 ipsa
1592 4203 1747 4279 fontana,
1764 4203 1885 4268 subtus
1900 4216 1981 4268 casa
1995 4217 2089 4268 sasse

231 4354 426 4438 monache3
451 4353 486 4418 et
508 4353 562 4419 est
583 4353 660 4436 ipsa
681 4353 793 4431 terra,
818 4351 908 4438 quod
932 4353 1029 4420 vobis
1051 4351 1263 4430 donabimus,
1293 4372 1355 4437 per
1379 4303 1559 4421 mensuria
1580 4349 1762 4436 longitudo
1784 4349 1889 4434 pedes
1919 4351 2088 4436 quinqua·

230 4505 336 4588 ginta
351 4507 385 4573 et
401 4503 549 4572 latitudo
565 4504 603 4570 in
625 4504 720 4570 omni
743 4506 819 4571 loco
833 4504 937 4590 pedes
959 4505 1209 4590 quadraginta,
1226 4505 1337 4571 totum
1360 4505 1594 4574 mensuratum
1618 4502 1660 4570 ad
1684 4504 1778 4572 iusta
1800 4521 1942 4571 manum
1965 4503 2085 4569 omini.

231 4677 271 4726 ec
295 4661 378 4726 bero
400 4661 495 4728 terra
517 4675 579 4743 per
601 4657 802 4744 supradicta
825 4659 1004 4727 mensoria
1019 4660 1126 4726 totum
1150 4662 1186 4727 et
1206 4659 1365 4726 inclitum
1387 4659 1467 4725 illut
1488 4658 1550 4725 tibi
1572 4657 1742 4725 nominati
1766 4656 1846 4724 salci
1869 4655 2086 4735 donabimus,

231 4809 402 4892 simulque
424 4809 459 4876 et
473 4807 563 4874 dono
578 4805 642 4874 tibi
658 4808 829 4878 nominati
844 4809 926 4876 falci
942 4812 1043 4894 quale
1059 4809 1134 4876 vice
1150 4811 1185 4876 et
1200 4808 1416 4893 pertinentia
1431 4809 1516 4876 abeo
1531 4807 1568 4874 in
1584 4807 1660 4891 ipsa
1681 4807 1836 4885 fontana,
1854 4805 1943 4874 unde
1958 4807 2090 4874 nullam

231 4959 321 5025 milri
335 4961 393 5026 aut
408 4959 512 5026 uxori
527 4977 603 5027 mee
617 4962 677 5026 aut
691 4960 818 5044 cuiqua
835 4961 1031 5030 hominibus
1046 4961 1173 5029 exinde
1189 4961 1318 5028 restitit
1332 4962 1393 5028 aut
1407 4959 1554 5027 dicimus
1569 4976 1753 5027 remanere
1767 4958 1931 5045 sortione3
1949 4960 2002 5025 set
2016 4960 2090 5025 tota

230 5116 265 5180 et
280 5112 401 5180 inolita
418 5113 496 5197 ipsa
513 5116 610 5182 terra
624 5131 687 5198 per
708 5112 910 5199 supradicta
933 5116 1111 5182 mensuria
1126 5116 1161 5182 et
1175 5115 1278 5200 quale
1293 5115 1369 5181 vice
1384 5113 1482 5181 nobis
1497 5115 1549 5180 est
1572 5114 1769 5198 pertinente
1783 5110 1825 5180 de
1841 5110 1918 5194 ipsa
1933 5109 2086 5187 fontana,

231 5265 342 5330 totum
357 5266 392 5332 et
408 5263 565 5331 inclitum
582 5263 659 5332 illut
673 5264 770 5332 vobis
792 5264 935 5333 donabit
957 5267 1000 5332 ad
1018 5267 1187 5335 securiter
1203 5285 1245 5334 ac
1259 5265 1406 5333 firmiter
1429 5265 1550 5333 amodo
1575 5267 1610 5331 et
1632 5281 1768 5350 semper
1790 5263 1827 5328 tu
1852 5260 1968 5345 tuique
1991 5261 2092 5326 here-

229 5412 333 5479 dibus
356 5415 435 5481 illut
457 5413 638 5493 abendum,
663 5414 926 5497 dominandum,
953 5417 1208 5503 possidendum,
1228 5418 1345 5487 omnia
1359 5415 1485 5487 exinde
1500 5413 1692 5482 laciendum
1709 5410 1798 5498 quod
1814 5409 1992 5478 volueritis
2015 5411 2090 5476 ebs-

230 5580 299 5646 que
320 5563 416 5630 omni
441 5563 688 5632 contrarietate
709 5566 764 5632 vel
787 5566 1012 5652 requisitione
1026 5587 1105 5636 mea
1119 5572 1153 5638 et
1170 5567 1212 5637 de
1227 5570 1314 5637 meis
1336 5569 1418 5636 filiis
1433 5569 1468 5636 et
1483 5565 1627 5634 heredes
1650 5566 1710 5632 aut
1733 5562 1857 5648 cuiqna
1877 5560 2086 5629 hominibus.
2220 5539 2225 5546 ⁵

233 5714 272 5779 et
293 5729 358 5798 pro
374 5711 645 5780 confirmandam
661 5715 697 5780 et
712 5713 989 5784 stabiliscendam
1006 5735 1072 5784 ano
1095 5735 1174 5787 mea
1196 5717 1392 5796 donatione,
1411 5735 1502 5785 nunc
1525 5735 1546 5784 a
1568 5715 1742 5802 presentis
1765 5713 1952 5785 secundum
1976 5714 2088 5797 legem

234 5863 353 5947 recepi
376 5881 397 5930 a
421 5867 453 5932 te
476 5865 675 5933 nominatus
697 5839 787 5934 ¹falco
810 5868 980 5954 launegilt
995 5871 1126 5938 camiso
1140 5889 1261 5938 unum:
1280 5871 1448 5956 finitoque
1464 5869 1639 5955 launegilt
1656 5869 1769 5955 ipsum
1786 5868 1872 5952 aput
1887 5881 1950 5932 nos
1972 5881 2013 5931 ea
2035 5879 2090 5928 ra·
