5216 7092
593 556 655 618 158
1262 537 1425 612 CODEX
1467 537 1702 612 cnvbnsls

547 803 636 866 mea,
665 789 726 854 1111
749 785 791 854 de
813 783 897 852 meis
919 781 1002 850 filiis
1024 785 1059 850 et
1083 779 1247 860 heredes,
1272 783 1327 849 vel
1350 782 1477 867 cuiqua
1499 782 1709 852 hominibus.
1739 802 1854 870 exqua
1877 786 2022 871 promisi
2044 789 2080 854 et
2102 787 2233 872 guadia
2254 791 2315 859 tibi
2336 797 2388 880 qui

547 897 655 1024 supra
672 935 831 1005 radoaldi
847 907 942 1004 dedit
957 937 993 1003 et
1009 934 1234 1002 mediatorem
1258 934 1322 1002 tibi
1345 935 1514 1020 meipsum
1537 937 1675 1024 posuit3
1703 941 1739 1004 et
1760 955 1824 1022 per
1846 937 1966 1007 eadem
1987 939 2119 1024 guadia
2134 943 2251 1027 obligo
2273 961 2325 1012 me
2338 947 2389 1032 qui

546 1105 654 1173 supra
676 1089 797 1172 petrus
818 1089 852 1156 et
874 1087 960 1154 meis
983 1086 1067 1154 filiis
1089 1088 1124 1154 et
1145 1086 1232 1154 meis
1257 1085 1444 1154 heredibus
1466 1087 1529 1154 tibi
1554 1089 1614 1172 qui
1637 1106 1744 1172 supra
1766 1088 1922 1156 radoaldi
1946 1109 2051 1176 quam
2065 1093 2100 1160 et
2114 1092 2159 1160 ad
2182 1094 2250 1161 tuis
2265 1095 2390 1165 heredi-

544 1246 607 1310 bus
628 1240 784 1325 predicta
807 1259 885 1310 mea
908 1239 1110 1320 vinditionc,
1136 1243 1173 1308 ut
1195 1241 1355 1326 superius
1379 1241 1522 1326 legitur,
1542 1260 1564 1308 a
1586 1242 1742 1328 partibus
1765 1243 1869 1311 uxori
1892 1261 1967 1313 mee
1989 1245 2023 1313 et
2040 1243 2084 1311 da
2107 1246 2221 1312 omnis
2243 1247 2391 1317 homines

545 1395 715 1464 antistare
737 1397 772 1463 et
793 1395 974 1464 defensare
997 1395 1231 1479 promittimus
1254 1359 1416 1482 omnique
1440 1396 1608 1482 partibus.
1636 1396 1726 1482 quod
1748 1397 1778 1465 si
1801 1399 1867 1464 etc:
1893 1395 2071 1482 (Sequitur
2093 1401 2254 1470 consuetu
2272 1399 2393 1481 [11111

543 1549 606 1636 11).
633 1548 662 1616 si
689 1551 805 1616 autem
821 1548 865 1617 de
880 1548 1019 1617 exdicta
1034 1552 1136 1618 rebus
1159 1549 1252 1619 vohis
1266 1551 1319 1618 vel
1335 1549 1379 1616 ad
1402 1549 1528 1618 vestris
1550 1549 1732 1618 heredibus
1754 1550 1907 1618 causatio
1933 1552 2039 1620 suerit
2061 1555 2195 1632 exurte‚
2209 1555 2245 1621 ct
2266 1571 2326 1638 per
2340 1575 2392 1623 vo·

545 1704 598 1771 bis
622 1703 709 1788 ipsis
733 1703 814 1772 inde
836 1704 1015 1772 volueritis
1038 1721 1103 1771 exe
1119 1704 1257 1772 autores
1273 1707 1309 1771 et
1323 1703 1533 1783 defensores,
1552 1704 1590 1770 in
1606 1702 1764 1770 omnibus
1781 1701 1955 1771 licentiam
1970 1704 2005 1771 et
2020 1706 2223 1789 potestatem
2246 1709 2393 1776 habeatis

544 1872 605 1924 vos
624 1857 813 1940 vestrisque
827 1855 1012 1924 heredibus
1035 1854 1117 1923 inde
1132 1873 1278 1923 causare
1293 1874 1369 1922 cum
1387 1856 1456 1924 ista
1472 1857 1608 1923 cartula
1623 1857 1750 1924 etcum
1766 1854 1877 1924 omnis
1892 1855 1979 1922 alias
1995 1856 2170 1924 monimen
2186 1857 2390 1938 strabones,

543 2027 610 2093 que
625 2007 751 2076 exinde
767 2008 895 2076 habere
906 2009 1101 2094 potueritis,
1116 2007 1242 2077 exinde
1257 2027 1404 2076 causare
1419 2011 1454 2076 et
1469 2009 1587 2076 omnia
1602 2027 1709 2093 agere
1723 2010 1759 2076 et
1774 2009 1953 2093 perficere,
1968 2009 2137 2096 quomodo
2150 2011 2274 2080 melius
2289 2015 2396 2098 potue

544 2159 634 2238 ritis,
660 2161 695 2227 et
716 2161 819 2228 rebus
842 2159 918 2244 ipsa
941 2160 1038 2226 robis
1060 2158 1240 2229 defensare
1262 2157 2025 2245 11111111111111111111111111111111111111
2049 2163 2193 2232 heredes
2207 2165 2395 2250 quesieritis

543 2313 673 2379 habere
696 2313 860 2381 hantores
883 2315 918 2379 et
939 2311 1149 2388 defensores,
1167 2327 1231 2378 nos
1247 2313 1360 2378 autem
1377 2314 1433 2378 vel
1449 2311 1578 2378 nostris
1595 2269 1781 2379 heredibus
1797 2313 1901 2381 rebus
1916 2313 1990 2397 ipsu
2013 2314 2110 2384 vobis
2134 2314 2347 2387 defensemus
2366 2321 2397 2384 et

543 2463 661 2530 omnia
683 2463 946 2549 adimpleamus,
966 2464 1054 2534 sicut
1076 2465 1234 2550 superius
1250 2466 1393 2550 legitur.
1412 2483 1514 2550 quam
1530 2467 1564 2533 te
1580 2465 1761 2551 guisonem
1778 2465 1953 2533 notarium
1969 2467 2119 2537 scrihere
2137 2470 2276 2554 rogavi.
2292 2471 2396 2536 actum

543 2619 696 2687 nuceria.

576 2741 711 2854 -†eg0
727 2767 885 2838 ademari
987 2855 989 2859 Ι

600 2892 711 3007 †ego
728 2923 784 2990 aio

603 3047 633 3160 †
648 3093 715 3159 ego
731 3075 882 3144 ioannes,

1276 3673 1658 3756 CCCXXXJII.

1327 3926 1383 4003 A.
1419 3925 1471 4003 D.
1508 3923 1606 4004 981.

607 4218 706 4354 †In
731 4269 874 4337 nomine
903 4267 1035 4336 domini
1061 4271 1208 4355 septimo
1231 4287 1323 4337 anno
1346 4269 1567 4355 principatus
1589 4269 1721 4338 domini
1748 4270 1859 4338 nostri
1885 4269 2028 4356 paldolfi
2051 4271 2197 4357 gloriosi
2225 4272 2404 4358 principis,

550 4441 667 4493 mense
683 4424 828 4508 agustus
843 4440 937 4492 nona
950 4421 1152 4492 indictione.
1170 4423 1452 4493 memoratorium
1468 4423 1560 4490 factu
1588 4441 1610 4490 1
1625 4442 1680 4491 me
1696 4440 1798 4490 ursus
1821 4423 2018 4493 atrianense
2039 4424 2113 4492 filio
2139 4425 2354 4512 iannelgari,
2371 4443 2407 4492 11

550 4573 644 4660 quod
669 4577 750 4644 ante
765 4576 951 4663 subscripti
967 4578 1140 4648 nobilibus
1156 4527 1271 4647 wadia
1285 4577 1374 4645 mihi
1389 4577 1483 4648 dedit
1499 4577 1670 4646 martinus
1685 4576 1743 4662 qui
1760 4576 1825 4643 tuit
1841 4597 1877 4647 es
1894 4587 2026 4662 genere
2041 4579 2237 4646 solaborum
2253 4582 2289 4648 et
2304 4597 2341 4650 es
2354 4598 2408 4664 ge

551 4746 675 4797 nerum
693 4732 852 4809 cennani,
868 4731 928 4816 qui
939 4749 1030 4799 nunc
1046 4731 1218 4799 abitantes
1234 4731 1286 4799 est
1301 4731 1339 4798 in
1353 4730 1480 4798 finibus
1494 4729 1538 4797 de
1553 4729 1706 4808 nuceria,
1720 4733 1755 4799 11
1769 4729 1993 4799 mediatorem
2007 4729 2093 4798 mihi
2105 4731 2221 4814 posuit
2231 4749 2271 4800 se
2283 4733 2406 4816 ipsum;

552 4884 587 4951 et
603 4901 666 4969 per
681 4883 757 4968 ipsa
773 4883 890 4952 wadia
906 4883 1101 4969 hobligabit
1116 4901 1165 4962 se,
1180 4885 1220 4950 ut
1230 4849 1352 4976 amodo
1367 4885 1401 4950 et
1418 4900 1525 4967 usque
1540 4881 1652 4948 tribus
1667 4880 1783 4948 frudia
1799 4883 1983 4949 recollecta
1996 4885 2115 4950 tenere
2128 4881 2171 4949 ad
2184 4881 2409 4950 laborandum

553 5053 623 5106 una
638 5030 792 5130 clusoria
806 5036 850 5106 de
865 5039 963 5106 terra
977 5055 1055 5106 mea
1069 5054 1147 5104 eum
1163 5038 1353 5116 arbustum,
1372 5036 1462 5122 quod
1475 5038 1559 5104 abeo
1575 5035 1613 5104 in
1627 5035 1752 5104 finibus
1767 5035 1909 5103 nuceria
1924 5036 1980 5103 ubi
1997 5036 2141 5123 proprio
2164 5038 2297 5104 uniano
2313 5035 2410 5102 boca-

553 5196 621 5272 tur‚
640 5212 756 5278 pereo
772 5192 864 5262 finis:
882 5192 927 5262 de
941 5192 1053 5261 tribus
1069 5193 1227 5279 partibus
1242 5193 1312 5261 fine
1334 5209 1428 5260 mea:
1442 5191 1486 5260 de
1501 5191 1572 5260 alia
1585 5191 1686 5276 parte
1700 5189 1782 5264 fine,
1797 5190 1887 5276 quod
1903 5207 1970 5275 ego
1984 5189 2102 5258 datam
2118 5191 2228 5258 habeo
2244 5191 2413 5274 reimpen-

554 5345 592 5410 ti.
612 5362 675 5430 per
691 5346 756 5416 iste
770 5345 851 5414 finis
867 5345 1024 5414 inclitum
1042 5345 1120 5413 illut
1137 5363 1177 5413 oc
1196 5361 1325 5412 annum
1343 5361 1401 5413 eos
1418 5341 1589 5421 laborare,
1610 5343 1700 5410 sicut
1716 5343 1811 5410 iocus
1826 5342 1901 5427 ipso
1923 5343 2089 5411 meruerit
2111 5345 2149 5408 ut
2173 5343 2260 5410 bene
2283 5337 2412 5427 paread

555 5499 758 5578 laboratum,
773 5501 808 5567 et
823 5516 863 5566 oc
878 5519 1007 5569 annum
1024 5519 1082 5569 eos
1098 5498 1327 5579 hindemiare‚
1341 5503 1377 5569 et
1390 5500 1466 5586 ipso
1479 5498 1599 5566 binum
1616 5495 1659 5565 ad
1676 5498 1888 5583 palmentum
1906 5515 1968 5581 per
1986 5495 2135 5564 medium
2146 5495 2305 5564 dibidere
2322 5496 2414 5562 inter

554 5666 629 5716 nos:
649 5649 747 5716 nobis
763 5649 868 5718 deant
883 5652 962 5719 illut
978 5653 1211 5732 medietatem,
1230 5655 1266 5721 et
1281 5651 1340 5722 ille
1356 5651 1552 5738 medietate3
1570 5654 1604 5720 et
1620 5649 1664 5716 da
1678 5665 1718 5715 oc
1740 5667 1871 5716 annum
1895 5646 1951 5715 ubi
1974 5645 2169 5715 frudium.
2224 5699 2230 5712 .
2282 5683 2292 5713 ·.
2346 5697 2353 5712 .
2403 5697 2410 5709 .

618 5854 624 5867 .
678 5854 684 5867 .
737 5855 743 5867 .
763 5803 980 5871 recollectum
993 5804 1108 5884 tuerit,
1126 5806 1229 5874 rebus
1246 5805 1314 5874 ista
1328 5805 1369 5872 ad
1387 5803 1557 5872 nostrast
1572 5801 1614 5872 de
1629 5801 1758 5870 nostris
1774 5801 1935 5877 eredibus
1950 5798 2111 5870 remittad
2128 5797 2172 5866 ad
2189 5797 2411 5883 potestatem.
