5252 7102
1236 571 1398 644 CODEX
1436 574 1668 648 tuvuhsls
1712 637 1720 642 .

1288 1045 1628 1126 CCCCXLII.

1316 1315 1371 1392 A.
1407 1315 1458 1392 D.
1499 1312 1596 1392 991.

583 1570 620 1708 'i
642 1627 681 1690 ln
698 1623 837 1693 nomine
853 1624 983 1692 domini
1001 1627 1148 1692 hoctabo
1165 1644 1257 1693 anno
1273 1627 1492 1712 principatus
1515 1625 1633 1692 domni
1657 1627 1766 1693 nostri
1791 1627 1936 1695 iohanni
1959 1630 1994 1695 et
2017 1628 2120 1694 tertio
2141 1645 2234 1694 anno
2257 1628 2391 1712 prinei·

486 1847 491 1856 ,
530 1781 633 1862 patus
649 1777 766 1844 domni
784 1781 972 1864 guaimarii
987 1781 1062 1848 eius
1078 1781 1143 1848 filii
1160 1781 1305 1866 gloriosi
1324 1781 1552 1866 principibus,
1572 1799 1688 1849 mense
1704 1783 1845 1850 octuber
1861 1782 1981 1866 quinta
1996 1781 2194 1851 indictione.
2214 1781 2304 1865 ydeo
2319 1803 2388 1868 que

526 1951 593 2016 ego
609 1932 830 2017 guaimarius
842 1950 957 2000 comes
971 1934 1065 2000 filius
1078 1951 1166 2000 vone
1177 1931 1343 2001 memorie
1360 1933 1521 2018 guaiferii
1538 1935 1596 2018 qui
1614 1933 1804 2017 imperatus
1817 1934 1978 2012 vocabad,
1992 1935 2081 2024 sicut
2093 1934 2178 2001 mihi
2191 1951 2386 2018 congruum

529 2086 588 2150 est·
599 2102 673 2150 mea
689 2102 781 2151 vona
797 2086 983 2152 volumtate
999 2103 1061 2170 per
1078 2085 1169 2152 hanc
1185 2086 1355 2152 cartulam
1374 2085 1452 2152 ante
1468 2087 1640 2168 presentia
1657 2085 1744 2167 petri
1762 2083 1868 2186 iudici
1890 2089 1924 2153 et
1939 2086 2025 2152 alios
2048 2086 2259 2173 subscriptos
2281 2090 2387 2156 testes

531 2253 595 2320 per
605 2254 699 2303 *rona
715 2237 965 2305 combenicntia
981 2236 1262 2304 commutationis
1278 2237 1402 2304 ordine
1418 2235 1624 2304 tradidimus
1640 2237 1702 2303 tibi
1726 2231 1900 2304 dbmnello
1923 2239 2114 2322 presbitero
2136 2242 2171 2306 et
2191 2239 2309 2306 abbati
2331 2258 2388 2308 eo·

528 2389 641 2456 clesia·
658 2393 780 2456 sancte
803 2389 858 2455 dei
883 2390 1072 2472 genetricis
1096 2389 1216 2467 marie,
1236 2409 1336 2475 quem
1360 2389 1488 2456 domna
1511 2389 1714 2473 sichelgaita
1737 2391 1890 2473 gloriosa
1915 2389 2125 2476 principissa
2147 2409 2236 2460 uxor
2259 2411 2383 2476 supra-

529 2540 614 2608 dicti
637 2541 756 2607 domni
779 2540 925 2608 iohanni
947 2541 1118 2625 principis
1142 2559 1164 2607 a
1187 2543 1275 2606 nobo
1299 2539 1499 2607 fundamine
1526 2541 1722 2633 construxit
1748 2541 1842 2607 intus
1868 2543 1959 2608 hano
1988 2543 2234 2610 salernitanam
2264 2543 2388 2609 cibita-

531 2701 599 2764 tem
623 2697 660 2762 in
684 2699 782 2762 curte
805 2715 868 2764 sua
890 2693 979 2763 inter
1002 2714 1102 2762 muro
1124 2703 1159 2762 et
1182 2695 1376 2776 muricino,
1402 2715 1473 2762 una
1495 2707 1605 2764 mcum
1638 2695 1773 2763 adesset
1802 2694 2021 2766 theodericus
2055 2695 2240 2763 adbocator
2275 2697 2386 2781 ipsius

534 2849 698 2928 ecclesie,
725 2853 821 2918 terra
844 2852 881 2918 in
904 2869 971 2936 quo
995 2853 1070 2936 ipse
1093 2850 1206 2916 tribus
1230 2849 1346 2918 obside
1369 2849 1410 2916 do
1434 2850 1511 2934 ipsa
1533 2853 1677 2919 ecclesia
1700 2852 1895 2918 constructe
1917 2856 1997 2920 sunt
2027 2855 2061 2920 et
2090 2853 2179 2919 casis
2208 2851 2389 2936 lingnitiis

531 3005 577 3070 ibi
602 3003 757 3072 dedicate
780 3003 815 3069 in
839 3004 958 3072 eodem
982 3007 1057 3071 loco
1081 3007 1175 3069 retro
1204 3003 1282 3087 ipsa
1305 3003 1470 3081 ecclesia,
1498 3023 1601 3088 quam
1625 3005 1711 3070 mihi
1736 3005 1889 3089 pertinet
1911 3022 1974 3088 per
1998 3002 2084 3070 meis
2106 3003 2301 3070 rationibus
2323 3023 2390 3088 per

529 3158 593 3222 hec
618 3157 698 3222 linis
722 3158 756 3223 et
778 3156 985 3223 mensuriis:
1012 3157 1077 3221 hab
1100 3155 1234 3222 oriente
1259 3153 1327 3221 line
1350 3152 1460 3237 ipsius
1482 3153 1598 3219 domni
1617 3153 1798 3238 principia,
1818 3156 1868 3222 est
1883 3152 1963 3221 inde
1979 3171 2042 3238 per
2058 3155 2234 3241 mensuria
2249 3171 2271 3219 a
2287 3173 2390 3222 muro

531 3311 677 3374 subtano
700 3309 800 3375 istius
823 3309 976 3375 cibitatis
999 3315 1034 3374 et
1058 3325 1163 3392 usque
1186 3307 1223 3390 in
1247 3306 1302 3372 ria
1325 3305 1482 3373 carraria
1507 3307 1609 3390 pedes
1632 3308 1781 3391 triginta
1803 3324 1866 3373 sex
1889 3308 1924 3373 et
1947 3306 2049 3372 uncie
2064 3305 2253 3391 quadtuor:
2273 3325 2392 3392 asep-

528 3461 725 3528 temtrionis
748 3463 817 3529 fine
839 3462 915 3545 ipsa
938 3461 996 3527 bia
1018 3460 1188 3538 carraria,
1206 3463 1259 3527 est
1282 3459 1362 3526 indo
1387 3460 1489 3544 pedes
1513 3460 1758 3545 quadraginta:
1785 3461 1855 3528 hab
1878 3459 2052 3526 occidente
2074 3458 2303 3526 descendente
2327 3478 2393 3544 per

530 3615 644 3680 fronte
666 3613 708 3680 de
733 3613 811 3698 ipsa
844 3613 988 3681 ecclesia
1010 3617 1045 3681 et
1074 3617 1204 3683 rectum
1240 3613 1472 3698 coniungente
1499 3615 1536 3680 in
1564 3618 1713 3680 cantone
1736 3612 1779 3679 de
1807 3614 2003 3697 postomia,
2030 3612 2088 3698 qui
2120 3613 2156 3678 iu
2183 3614 2259 3697 ipso
2287 3631 2392 3680 muro

532 3769 681 3836 subtauo
705 3768 860 3836 dedicate
883 3769 948 3835 tuit
973 3767 1010 3834 in
1033 3768 1094 3834 illo
1118 3771 1263 3836 cantone
1286 3768 1346 3852 qui
1370 3770 1422 3836 est
1445 3769 1514 3834 hab
1537 3768 1690 3846 oriente,
1715 3771 1749 3834 et
1772 3767 1852 3835 inde
1876 3767 1980 3854 pedes
2002 3769 2063 3835 alii
2087 3769 2239 3872 triginta
2262 3787 2337 3836 sex:
2369 3788 2391 3836 a

530 3920 675 3988 meridie
692 3922 760 3988 fine
786 3921 862 4005 ipso
889 3938 1001 4000 mur0,
1020 3925 1055 3989 et
1078 3920 1159 3989 inde
1182 3899 1287 4008 pedes
1311 3923 1371 3988 alii
1395 3919 1641 4006 quadraginta,
1667 3925 1701 3987 et
1723 3920 1790 3988 due
1814 3920 1950 4005 partis.
1980 3971 1987 3985 .
2017 3969 2024 3985 .
2054 3971 2062 3986 .
2088 3924 2323 3988 mensuratum
2347 3922 2414 3988 ad·

529 4077 632 4142 talem
657 4075 802 4159 pedem,
829 4079 996 4160 quantum
1020 4075 1086 4144 ista
1107 4079 1242 4144 cartula
1265 4076 1303 4142 in
1326 4075 1439 4159 capite
1462 4080 1514 4142 est
1536 4076 1618 4142 lata.
1646 4073 1672 4162 ⁴)
1697 4077 1788 4141 hanc
1811 4091 1893 4141 vcro
1917 4077 2013 4140 terra
2035 4091 2097 4157 per
2120 4073 2285 4139 iamdicta
2308 4074 2391 4141 finis

529 4233 565 4294 et
588 4229 785 4304 mensuriis,
812 4230 850 4294 in
876 4246 955 4313 quo,
981 4231 1020 4294 ut
1042 4193 1209 4306 diximus,
1236 4227 1353 4296 obside
1366 4228 1440 4313 ipse
1455 4227 1498 4294 de
1511 4228 1586 4312 ipsa
1609 4227 1755 4294 ecclesia
1777 4227 1973 4294 constructe
1989 4232 2080 4303 sunt,
2094 4231 2217 4292 etcum
2231 4223 2394 4290 omnibus

527 4382 625 4446 intra
649 4399 686 4446 se
711 4379 921 4448 habentibus
946 4381 1173 4466 omnibusque
1195 4381 1268 4448 suis
1292 4380 1523 4464 pertinentiis,
1549 4387 1584 4446 et
1605 4398 1682 4445 cum
1700 4380 1775 4445 bice
1798 4378 1840 4446 de
1856 4378 1913 4444 bia
1935 4395 2000 4444 sua
2020 4376 2083 4441 tibi
2113 4373 2276 4441 iamdicto
2297 4373 2394 4440 dom·

532 4533 625 4600 nello
649 4531 841 4616 presbitero
865 4534 901 4599 et
927 4534 1045 4600 abbati
1069 4549 1134 4617 pro
1157 4532 1234 4599 vice
1258 4532 1367 4616 ipsius
1394 4533 1539 4599 ecclesie
1561 4550 1625 4616 per
1647 4549 1739 4599 vona
1761 4528 2013 4597 combeniontia
2036 4525 2317 4594 commutationis
2339 4543 2397 4592 or-

532 4681 614 4748 dine
636 4683 855 4766 tradidimus,
871 4684 923 4754 ad-
939 4685 1106 4753 securiter
1118 4689 1154 4752 et
1165 4685 1312 4752 firmiter
1336 4683 1459 4751 amodo
1472 4688 1506 4752 et
1517 4702 1652 4768 semper
1675 4686 1712 4751 tu
1736 4683 1855 4768 tuique
1866 4681 2119 4750 successoribus
2131 4685 2165 4749 et
2185 4699 2269 4766 pars
2283 4679 2392 4764 ipsius

437 4931 441 4940 Ι
532 4837 674 4904 ecclesio
690 4839 769 4905 illut
795 4839 1004 4919 habendum,
1023 4837 1286 4917 dominandum,
1314 4837 1557 4922 possidendum
1583 4845 1618 4904 et
1635 4836 1756 4931 omnia
1782 4835 1863 4924 inde
1889 4832 2082 4902 faciendum
2107 4851 2174 4917 que
2196 4831 2389 4910 volueritis,

530 4996 658 5078 absque
676 4993 769 5059 omni
788 4995 909 5060 nostra
923 4995 1192 5076 nostrorumque
1203 4990 1360 5060 eredibus
1373 4993 1408 5058 et
1423 4989 1513 5058 filios
1525 4990 1772 5058 contrarietate
1784 4990 1838 5056 vel
1854 4986 2089 5072 requisitione:
2108 4991 2244 5054 tantum
2259 4987 2392 5052 liceant

527 5149 686 5216 homines
703 5147 782 5233 ipsi,
800 5147 861 5232 qui
877 5163 956 5214 case
971 5143 1047 5232 ipsc
1064 5145 1229 5231 lingnitie
1245 5143 1293 5213 ibi
1311 5145 1399 5212 facte
1414 5145 1560 5221 habunt,
1579 5144 1657 5210 illas
1682 5141 1763 5210 inde
1778 5125 1942 5227 exsigere
1957 5149 1992 5210 et
2006 5160 2070 5226 yre
2084 5159 2161 5208 cum
2177 5158 2238 5212 eas
2252 5144 2288 5208 et
2310 5159 2391 5210 cum

526 5300 687 5368 omnibus
704 5301 776 5368 suis
793 5301 975 5368 mobilibus
992 5299 1050 5367 ubi
1074 5300 1260 5366 voluerint.
1287 5298 1383 5368 Unde
1409 5315 1474 5383 pro
1500 5297 1772 5365 confirmandam
1789 5300 1823 5365 et
1837 5296 2118 5364 stabiliscendam
2144 5298 2236 5364 hanc
2261 5301 2387 5364 nostra
2622 5331 2623 5340 ,

525 5453 805 5532 commutatione,
823 5471 886 5538 per
902 5451 974 5521 alia
995 5453 1141 5532 cartula,
1159 5470 1223 5537 que
1239 5453 1325 5536 aput
1347 5467 1411 5517 nos
1434 5449 1568 5535 scripta
1593 5449 1796 5526 retinemus,
1815 5445 2010 5533 recepimus
2025 5467 2047 5516 a
2061 5465 2122 5516 uos
2145 5450 2295 5516 terrain
2318 5469 2391 5536 quo

530 5607 662 5689 hebrey
677 5623 758 5674 case
774 5607 939 5692 lingnitie
954 5606 1113 5675 edificate
1128 5607 1245 5678 abunt.
1264 5623 1330 5690 que
1346 5621 1428 5689 pars
1444 5604 1553 5690 ipsius
1580 5603 1726 5672 ecclesie
1751 5600 1872 5670 habuit
1887 5601 1923 5669 in
1939 5599 2058 5670 eodem
2080 5603 2155 5669 loco
2177 5601 2272 5670 inter
2288 5621 2396 5670 muro

586 5931 610 6002 ⁴)
625 5931 760 5990 Mensura
774 5931 862 5989 huius
875 5932 1064 5988 membranae
1078 5939 1171 5987 metro
1186 5929 1374 6003 aequiparata
1387 5937 1502 5986 constat
1516 5926 1697 5985 centimetris
1710 5926 1829 6000 triginta
1843 5935 1872 5982 et
1887 5941 1956 5992 uuo,
1972 5935 2001 5981 ct
2015 5941 2073 5982 uno
2088 5925 2268 5982 millimotro.
