<?xml version="1.0" encoding="UTF-8"?>
<!DOCTYPE html PUBLIC "-//W3C//DTD XHTML 1.0 Transitional//EN"
    "http://www.w3.org/TR/xhtml1/DTD/xhtml1-transitional.dtd">
<html xmlns="http://www.w3.org/1999/xhtml" xml:lang="en" lang="en">
 <head>
  <title>
</title>
<meta http-equiv="Content-Type" content="text/html;charset=utf-8" />
  <meta name='ocr-system' content='tesseract 3.04.00' />
  <meta name='ocr-capabilities' content='ocr_page ocr_carea ocr_par ocr_line ocrx_word'/>
</head>
<body>
  <div class='ocr_page' id='page_1' title='image "./codexdiplomatic07aragoog_0206.png"; bbox 0 0 5216 7092; ppageno 0'>
   <div class='ocr_carea' id='block_1_1' title="bbox 955 569 2022 656">
    <p class='ocr_par' dir='ltr' id='par_1_1' title="bbox 955 569 2022 656">
     <span class='ocr_line' id='line_1_1' title="bbox 955 569 2022 656; baseline 0.015 -16"><span class='ocrx_word' id='word_1_1' title='bbox 955 569 1325 644; x_wconf 81' lang='lat' dir='ltr'>DIPLOMATICUS</span> <span class='ocrx_word' id='word_1_2' title='bbox 1962 591 2022 656; x_wconf 76' lang='lat'><strong>137</strong></span> 
     </span>
    </p>
   </div>
   <div class='ocr_carea' id='block_1_2' title="bbox 210 810 2074 2116">
    <p class='ocr_par' dir='ltr' id='par_1_2' title="bbox 210 810 2074 2116">
     <span class='ocr_line' id='line_1_2' title="bbox 213 810 2073 904; baseline 0.002 -18"><span class='ocrx_word' id='word_1_3' title='bbox 213 835 278 902; x_wconf 91' lang='lat' dir='ltr'><strong>per</strong></span> <span class='ocrx_word' id='word_1_4' title='bbox 290 816 553 902; x_wconf 86' lang='lat' dir='ltr'><strong>qualiscumque</strong></span> <span class='ocrx_word' id='word_1_5' title='bbox 566 814 708 882; x_wconf 87' lang='lat' dir='ltr'><strong>inbenta</strong></span> <span class='ocrx_word' id='word_1_6' title='bbox 720 811 856 881; x_wconf 88' lang='lat' dir='ltr'><strong>ratione</strong></span> <span class='ocrx_word' id='word_1_7' title='bbox 868 812 928 880; x_wconf 88' lang='lat' dir='ltr'><strong>aut</strong></span> <span class='ocrx_word' id='word_1_8' title='bbox 943 829 1023 880; x_wconf 90' lang='lat' dir='ltr'><strong>uma</strong></span> <span class='ocrx_word' id='word_1_9' title='bbox 1034 810 1062 898; x_wconf 84' lang='lat'><strong>¹)</strong></span> <span class='ocrx_word' id='word_1_10' title='bbox 1073 812 1233 891; x_wconf 88' lang='lat' dir='ltr'><strong>abstutia,</strong></span> <span class='ocrx_word' id='word_1_11' title='bbox 1248 813 1431 882; x_wconf 87' lang='lat' dir='ltr'><strong>volendum</strong></span> <span class='ocrx_word' id='word_1_12' title='bbox 1443 814 1523 883; x_wconf 90' lang='lat' dir='ltr'><strong>inde</strong></span> <span class='ocrx_word' id='word_1_13' title='bbox 1535 816 1633 884; x_wconf 88' lang='lat' dir='ltr'><strong>vobis</strong></span> <span class='ocrx_word' id='word_1_14' title='bbox 1649 818 1774 904; x_wconf 77' lang='lat' dir='ltr'>aliquit</span> <span class='ocrx_word' id='word_1_15' title='bbox 1788 823 1907 890; x_wconf 83' lang='lat' dir='ltr'><strong>tollere</strong></span> <span class='ocrx_word' id='word_1_16' title='bbox 1921 823 1981 889; x_wconf 90' lang='lat' dir='ltr'><strong>aut</strong></span> <span class='ocrx_word' id='word_1_17' title='bbox 1992 839 2073 890; x_wconf 90' lang='lat' dir='ltr'><strong>con-</strong></span> 
     </span>
     <span class='ocr_line' id='line_1_3' title="bbox 211 962 2074 1054; baseline 0.006 -18"><span class='ocrx_word' id='word_1_18' title='bbox 211 973 320 1053; x_wconf 77' lang='lat' dir='ltr'><strong>tram,</strong></span> <span class='ocrx_word' id='word_1_19' title='bbox 337 972 392 1037; x_wconf 83' lang='lat' dir='ltr'><strong>vel</strong></span> <span class='ocrx_word' id='word_1_20' title='bbox 410 967 640 1046; x_wconf 89' lang='lat' dir='ltr'><strong>amminuare‚</strong></span> <span class='ocrx_word' id='word_1_21' title='bbox 659 962 686 1054; x_wconf 83' lang='lat'><strong>²)</strong></span> <span class='ocrx_word' id='word_1_22' title='bbox 702 969 761 1034; x_wconf 90' lang='lat' dir='ltr'><strong>aut</strong></span> <span class='ocrx_word' id='word_1_23' title='bbox 776 967 806 1034; x_wconf 91' lang='lat' dir='ltr'><strong>si</strong></span> <span class='ocrx_word' id='word_1_24' title='bbox 822 983 862 1032; x_wconf 92' lang='lat' dir='ltr'><strong>oc</strong></span> <span class='ocrx_word' id='word_1_25' title='bbox 876 967 1059 1033; x_wconf 87' lang='lat' dir='ltr'><strong>retornare</strong></span> <span class='ocrx_word' id='word_1_26' title='bbox 1084 983 1145 1033; x_wconf 91' lang='lat' dir='ltr'><strong>seu</strong></span> <span class='ocrx_word' id='word_1_27' title='bbox 1171 967 1350 1035; x_wconf 90' lang='lat' dir='ltr'><strong>remobere</strong></span> <span class='ocrx_word' id='word_1_28' title='bbox 1377 969 1614 1052; x_wconf 75' lang='lat' dir='ltr'><strong>quesierimus,</strong></span> <span class='ocrx_word' id='word_1_29' title='bbox 1634 975 1696 1040; x_wconf 92' lang='lat' dir='ltr'><strong>aut</strong></span> <span class='ocrx_word' id='word_1_30' title='bbox 1722 975 1752 1041; x_wconf 88' lang='lat' dir='ltr'><strong>si</strong></span> <span class='ocrx_word' id='word_1_31' title='bbox 1779 974 1856 1043; x_wconf 87' lang='lat' dir='ltr'><strong>illut</strong></span> <span class='ocrx_word' id='word_1_32' title='bbox 1880 977 1978 1044; x_wconf 88' lang='lat' dir='ltr'><strong>vobis</strong></span> <span class='ocrx_word' id='word_1_33' title='bbox 2002 996 2074 1048; x_wconf 91' lang='lat' dir='ltr'><strong>nou</strong></span> 
     </span>
     <span class='ocr_line' id='line_1_4' title="bbox 212 1114 2074 1212; baseline 0.005 -26"><span class='ocrx_word' id='word_1_34' title='bbox 212 1119 512 1189; x_wconf 81' lang='lat' dir='ltr'><strong>defensaberimus</strong></span> <span class='ocrx_word' id='word_1_35' title='bbox 528 1120 572 1186; x_wconf 91' lang='lat' dir='ltr'><strong>ab</strong></span> <span class='ocrx_word' id='word_1_36' title='bbox 588 1119 749 1186; x_wconf 90' lang='lat' dir='ltr'><strong>omuibus</strong></span> <span class='ocrx_word' id='word_1_37' title='bbox 764 1114 961 1184; x_wconf 91' lang='lat' dir='ltr'><strong>hominibus</strong></span> <span class='ocrx_word' id='word_1_38' title='bbox 976 1117 1021 1184; x_wconf 89' lang='lat' dir='ltr'><strong>ab</strong></span> <span class='ocrx_word' id='word_1_39' title='bbox 1036 1117 1195 1202; x_wconf 91' lang='lat' dir='ltr'><strong>omnique</strong></span> <span class='ocrx_word' id='word_1_40' title='bbox 1210 1118 1369 1203; x_wconf 86' lang='lat' dir='ltr'><strong>pertibus</strong></span> <span class='ocrx_word' id='word_1_41' title='bbox 1384 1119 1569 1189; x_wconf 90' lang='lat' dir='ltr'><strong>secundum</strong></span> <span class='ocrx_word' id='word_1_42' title='bbox 1584 1121 1880 1207; x_wconf 84' lang='lat' dir='ltr'><strong>lagnobardorum</strong></span> <span class='ocrx_word' id='word_1_43' title='bbox 1901 1129 1981 1212; x_wconf 85' lang='lat' dir='ltr'><strong>lege</strong></span> <span class='ocrx_word' id='word_1_44' title='bbox 2003 1146 2074 1196; x_wconf 88' lang='lat' dir='ltr'><strong>una</strong></span> 
     </span>
     <span class='ocr_line' id='line_1_5' title="bbox 215 1268 2072 1366; baseline 0.008 -30"><span class='ocrx_word' id='word_1_45' title='bbox 215 1290 295 1339; x_wconf 90' lang='lat' dir='ltr'><strong>eum</strong></span> <span class='ocrx_word' id='word_1_46' title='bbox 311 1271 471 1340; x_wconf 90' lang='lat' dir='ltr'><strong>omnibus</strong></span> <span class='ocrx_word' id='word_1_47' title='bbox 486 1271 558 1340; x_wconf 89' lang='lat' dir='ltr'><strong>suis</strong></span> <span class='ocrx_word' id='word_1_48' title='bbox 574 1270 923 1348; x_wconf 83' lang='lat' dir='ltr'><strong>remeliorationibus,</strong></span> <span class='ocrx_word' id='word_1_49' title='bbox 942 1268 1019 1338; x_wconf 93' lang='lat' dir='ltr'><strong>ideo</strong></span> <span class='ocrx_word' id='word_1_50' title='bbox 1036 1272 1115 1337; x_wconf 91' lang='lat' dir='ltr'><strong>aute</strong></span> <span class='ocrx_word' id='word_1_51' title='bbox 1132 1271 1247 1338; x_wconf 89' lang='lat' dir='ltr'><strong>omnia</strong></span> <span class='ocrx_word' id='word_1_52' title='bbox 1269 1271 1397 1356; x_wconf 80' lang='lat' dir='ltr'><strong>viginti</strong></span> <span class='ocrx_word' id='word_1_53' title='bbox 1421 1273 1518 1342; x_wconf 90' lang='lat' dir='ltr'><strong>aurei</strong></span> <span class='ocrx_word' id='word_1_54' title='bbox 1540 1273 1667 1344; x_wconf 89' lang='lat' dir='ltr'><strong>solidos</strong></span> <span class='ocrx_word' id='word_1_55' title='bbox 1690 1279 1925 1348; x_wconf 86' lang='lat' dir='ltr'><strong>constantines</strong></span> <span class='ocrx_word' id='word_1_56' title='bbox 1947 1299 2014 1366; x_wconf 86' lang='lat' dir='ltr'><strong>ego</strong></span> <span class='ocrx_word' id='word_1_57' title='bbox 2036 1285 2072 1350; x_wconf 91' lang='lat' dir='ltr'><strong>et</strong></span> 
     </span>
     <span class='ocr_line' id='line_1_6' title="bbox 212 1387 2067 1516; baseline 0.007 -28"><span class='ocrx_word' id='word_1_58' title='bbox 212 1421 301 1489; x_wconf 88' lang='lat' dir='ltr'><strong>meis</strong></span> <span class='ocrx_word' id='word_1_59' title='bbox 322 1421 511 1490; x_wconf 91' lang='lat' dir='ltr'><strong>heredibus</strong></span> <span class='ocrx_word' id='word_1_60' title='bbox 532 1422 596 1488; x_wconf 91' lang='lat' dir='ltr'><strong>tibi</strong></span> <span class='ocrx_word' id='word_1_61' title='bbox 620 1422 679 1507; x_wconf 92' lang='lat' dir='ltr'><strong>qui</strong></span> <span class='ocrx_word' id='word_1_62' title='bbox 702 1427 810 1508; x_wconf 85' lang='lat' dir='ltr'><strong>supra</strong></span> <span class='ocrx_word' id='word_1_63' title='bbox 832 1421 949 1489; x_wconf 86' lang='lat' dir='ltr'><strong>dilecti</strong></span> <span class='ocrx_word' id='word_1_64' title='bbox 972 1423 1007 1488; x_wconf 88' lang='lat' dir='ltr'><strong>et</strong></span> <span class='ocrx_word' id='word_1_65' title='bbox 1029 1421 1074 1488; x_wconf 90' lang='lat' dir='ltr'><strong>ad</strong></span> <span class='ocrx_word' id='word_1_66' title='bbox 1097 1422 1167 1489; x_wconf 88' lang='lat' dir='ltr'><strong>tuis</strong></span> <span class='ocrx_word' id='word_1_67' title='bbox 1189 1421 1349 1491; x_wconf 88' lang='lat' dir='ltr'><strong>eredibus</strong></span> <span class='ocrx_word' id='word_1_68' title='bbox 1373 1424 1515 1508; x_wconf 87' lang='lat' dir='ltr'><strong>obligati</strong></span> <span class='ocrx_word' id='word_1_69' title='bbox 1538 1387 1667 1494; x_wconf 89' lang='lat' dir='ltr'><strong>siamus</strong></span> <span class='ocrx_word' id='word_1_70' title='bbox 1696 1428 1739 1494; x_wconf 90' lang='lat' dir='ltr'><strong>ad</strong></span> <span class='ocrx_word' id='word_1_71' title='bbox 1770 1430 2067 1516; x_wconf 88' lang='lat' dir='ltr'><strong>componendum,</strong></span> 
     </span>
     <span class='ocr_line' id='line_1_7' title="bbox 210 1572 2071 1664; baseline 0.008 -24"><span class='ocrx_word' id='word_1_72' title='bbox 210 1573 246 1640; x_wconf 91' lang='lat' dir='ltr'><strong>et</strong></span> <span class='ocrx_word' id='word_1_73' title='bbox 269 1572 306 1638; x_wconf 92' lang='lat' dir='ltr'><strong>in</strong></span> <span class='ocrx_word' id='word_1_74' title='bbox 328 1573 432 1642; x_wconf 87' lang='lat' dir='ltr'><strong>antea</strong></span> <span class='ocrx_word' id='word_1_75' title='bbox 453 1574 549 1640; x_wconf 92' lang='lat' dir='ltr'><strong>omui</strong></span> <span class='ocrx_word' id='word_1_76' title='bbox 571 1575 728 1659; x_wconf 91' lang='lat' dir='ltr'><strong>tempore</strong></span> <span class='ocrx_word' id='word_1_77' title='bbox 749 1573 875 1642; x_wconf 81' lang='lat' dir='ltr'>exinde</span> <span class='ocrx_word' id='word_1_78' title='bbox 898 1573 1063 1648; x_wconf 86' lang='lat' dir='ltr'><strong>adversus</strong></span> <span class='ocrx_word' id='word_1_79' title='bbox 1086 1591 1147 1644; x_wconf 91' lang='lat' dir='ltr'><strong>vos</strong></span> <span class='ocrx_word' id='word_1_80' title='bbox 1168 1594 1232 1661; x_wconf 89' lang='lat' dir='ltr'><strong>per</strong></span> <span class='ocrx_word' id='word_1_81' title='bbox 1255 1576 1375 1644; x_wconf 87' lang='lat' dir='ltr'><strong>inbitis</strong></span> <span class='ocrx_word' id='word_1_82' title='bbox 1397 1578 1498 1646; x_wconf 87' lang='lat' dir='ltr'><strong>vacui</strong></span> <span class='ocrx_word' id='word_1_83' title='bbox 1522 1581 1557 1645; x_wconf 91' lang='lat' dir='ltr'><strong>et</strong></span> <span class='ocrx_word' id='word_1_84' title='bbox 1571 1579 1668 1646; x_wconf 88' lang='lat' dir='ltr'><strong>taciti</strong></span> <span class='ocrx_word' id='word_1_85' title='bbox 1684 1598 1960 1664; x_wconf 83' lang='lat' dir='ltr'><strong>permaneamus,</strong></span> <span class='ocrx_word' id='word_1_86' title='bbox 1980 1587 2014 1654; x_wconf 91' lang='lat' dir='ltr'><strong>et</strong></span> <span class='ocrx_word' id='word_1_87' title='bbox 2028 1603 2071 1656; x_wconf 90' lang='lat' dir='ltr'><strong>ea</strong></span> 
     </span>
     <span class='ocr_line' id='line_1_8' title="bbox 211 1724 2071 1831; baseline 0.009 -39"><span class='ocrx_word' id='word_1_88' title='bbox 211 1744 276 1810; x_wconf 91' lang='lat' dir='ltr'><strong>que</strong></span> <span class='ocrx_word' id='word_1_89' title='bbox 288 1724 442 1794; x_wconf 81' lang='lat' dir='ltr'><strong>diximus</strong></span> <span class='ocrx_word' id='word_1_90' title='bbox 458 1725 708 1812; x_wconf 78' lang='lat' dir='ltr'><strong>adimpleamus</strong></span> <span class='ocrx_word' id='word_1_91' title='bbox 723 1727 819 1794; x_wconf 91' lang='lat' dir='ltr'><strong>vobis</strong></span> <span class='ocrx_word' id='word_1_92' title='bbox 835 1727 912 1795; x_wconf 91' lang='lat' dir='ltr'><strong>illut</strong></span> <span class='ocrx_word' id='word_1_93' title='bbox 925 1729 1124 1831; x_wconf 85' lang='lat' dir='ltr'><strong>perinbitis</strong></span> <span class='ocrx_word' id='word_1_94' title='bbox 1140 1747 1202 1814; x_wconf 89' lang='lat' dir='ltr'><strong>per</strong></span> <span class='ocrx_word' id='word_1_95' title='bbox 1218 1729 1415 1814; x_wconf 86' lang='lat' dir='ltr'><strong>supradicta</strong></span> <span class='ocrx_word' id='word_1_96' title='bbox 1431 1731 1588 1816; x_wconf 85' lang='lat' dir='ltr'><strong>obligata</strong></span> <span class='ocrx_word' id='word_1_97' title='bbox 1602 1751 1705 1818; x_wconf 90' lang='lat' dir='ltr'><strong>pena.</strong></span> <span class='ocrx_word' id='word_1_98' title='bbox 1724 1737 1829 1812; x_wconf 82' lang='lat' dir='ltr'><strong>Quam</strong></span> <span class='ocrx_word' id='word_1_99' title='bbox 1844 1738 1877 1806; x_wconf 87' lang='lat' dir='ltr'><strong>te</strong></span> <span class='ocrx_word' id='word_1_100' title='bbox 1892 1739 2071 1824; x_wconf 75' lang='lat' dir='ltr'><strong>lequinius</strong></span> 
     </span>
     <span class='ocr_line' id='line_1_9' title="bbox 211 1877 1622 1970; baseline 0.008 -28"><span class='ocrx_word' id='word_1_101' title='bbox 211 1877 360 1946; x_wconf 90' lang='lat' dir='ltr'><strong>clericus</strong></span> <span class='ocrx_word' id='word_1_102' title='bbox 376 1879 411 1944; x_wconf 92' lang='lat' dir='ltr'><strong>et</strong></span> <span class='ocrx_word' id='word_1_103' title='bbox 426 1879 584 1947; x_wconf 88' lang='lat' dir='ltr'><strong>notarius</strong></span> <span class='ocrx_word' id='word_1_104' title='bbox 599 1881 716 1947; x_wconf 83' lang='lat' dir='ltr'><strong>taliter</strong></span> <span class='ocrx_word' id='word_1_105' title='bbox 732 1879 884 1950; x_wconf 89' lang='lat' dir='ltr'><strong>scribere</strong></span> <span class='ocrx_word' id='word_1_106' title='bbox 898 1880 1045 1964; x_wconf 80' lang='lat' dir='ltr'><strong>rogabit.</strong></span> <span class='ocrx_word' id='word_1_107' title='bbox 1063 1881 1186 1948; x_wconf 86' lang='lat' dir='ltr'><strong>Actum</strong></span> <span class='ocrx_word' id='word_1_108' title='bbox 1202 1886 1440 1970; x_wconf 87' lang='lat' dir='ltr'><strong>monteaperto</strong></span> <span class='ocrx_word' id='word_1_109' title='bbox 1463 1885 1622 1954; x_wconf 80' lang='lat' dir='ltr'><strong>feliciter.</strong></span> 
     </span>
     <span class='ocr_line' id='line_1_10' title="bbox 270 2001 853 2116; baseline 0.005 -17"><span class='ocrx_word' id='word_1_110' title='bbox 270 2001 299 2115; x_wconf 92' lang='lat'>†</span> <span class='ocrx_word' id='word_1_111' title='bbox 314 2034 390 2115; x_wconf 84' lang='lat' dir='ltr'><strong>Ego</strong></span> <span class='ocrx_word' id='word_1_112' title='bbox 405 2032 462 2116; x_wconf 89' lang='lat' dir='ltr'><strong>qui</strong></span> <span class='ocrx_word' id='word_1_113' title='bbox 479 2049 585 2116; x_wconf 87' lang='lat' dir='ltr'><strong>supra</strong></span> <span class='ocrx_word' id='word_1_114' title='bbox 598 2033 673 2102; x_wconf 90' lang='lat' dir='ltr'><strong>risu</strong></span> <span class='ocrx_word' id='word_1_115' title='bbox 687 2013 853 2104; x_wconf 86' lang='lat' dir='ltr'><strong>diaconus</strong></span> 
     </span>
    </p>
   </div>
   <div class='ocr_carea' id='block_1_3' title="bbox 270 2156 746 2268">
    <p class='ocr_par' dir='ltr' id='par_1_3' title="bbox 270 2156 746 2268">
     <span class='ocr_line' id='line_1_11' title="bbox 270 2156 746 2268; baseline -0.002 -16"><span class='ocrx_word' id='word_1_116' title='bbox 270 2156 300 2265; x_wconf 83' lang='lat'>†</span> <span class='ocrx_word' id='word_1_117' title='bbox 314 2188 389 2268; x_wconf 84' lang='lat' dir='ltr'><strong>Ego</strong></span> <span class='ocrx_word' id='word_1_118' title='bbox 403 2184 549 2268; x_wconf 84' lang='lat' dir='ltr'><strong>angelus</strong></span> <span class='ocrx_word' id='word_1_119' title='bbox 565 2185 746 2268; x_wconf 86' lang='lat' dir='ltr'><strong>presbiter.</strong></span> 
     </span>
    </p>
   </div>
   <div class='ocr_carea' id='block_1_4' title="bbox 1005 2689 1309 2774">
    <p class='ocr_par' dir='ltr' id='par_1_4' title="bbox 1005 2689 1309 2774">
     <span class='ocr_line' id='line_1_12' title="bbox 1005 2689 1309 2774; baseline 0.003 -6"><span class='ocrx_word' id='word_1_120' title='bbox 1005 2689 1309 2774; x_wconf 85' lang='lat' dir='ltr'>CCCXVII.</span> 
     </span>
    </p>
   </div>
   <div class='ocr_carea' id='block_1_5' title="bbox 1012 2933 1300 3014">
    <p class='ocr_par' dir='ltr' id='par_1_5' title="bbox 1012 2933 1300 3014">
     <span class='ocr_line' id='line_1_13' title="bbox 1012 2933 1300 3014; baseline 0.014 -4"><span class='ocrx_word' id='word_1_121' title='bbox 1012 2935 1067 3011; x_wconf 91' lang='lat' dir='ltr'><strong>A.</strong></span> <span class='ocrx_word' id='word_1_122' title='bbox 1105 2935 1156 3014; x_wconf 91' lang='lat' dir='ltr'><strong>D.</strong></span> <span class='ocrx_word' id='word_1_123' title='bbox 1194 2933 1300 3014; x_wconf 84' lang='grc'><strong>979.</strong></span> 
     </span>
    </p>
   </div>
   <div class='ocr_carea' id='block_1_6' title="bbox 272 3193 2077 3339">
    <p class='ocr_par' dir='ltr' id='par_1_6' title="bbox 272 3193 2077 3339">
     <span class='ocr_line' id='line_1_14' title="bbox 272 3193 2077 3339; baseline 0.007 -29"><span class='ocrx_word' id='word_1_124' title='bbox 272 3193 363 3329; x_wconf 78' lang='lat' dir='ltr'><strong>†In</strong></span> <span class='ocrx_word' id='word_1_125' title='bbox 379 3243 520 3310; x_wconf 90' lang='lat' dir='ltr'><strong>nomine</strong></span> <span class='ocrx_word' id='word_1_126' title='bbox 535 3241 665 3310; x_wconf 89' lang='lat' dir='ltr'><strong>domini</strong></span> <span class='ocrx_word' id='word_1_127' title='bbox 682 3261 772 3311; x_wconf 87' lang='lat' dir='ltr'><strong>anuo</strong></span> <span class='ocrx_word' id='word_1_128' title='bbox 788 3244 963 3311; x_wconf 90' lang='lat' dir='ltr'><strong>tricesimo</strong></span> <span class='ocrx_word' id='word_1_129' title='bbox 978 3245 1126 3330; x_wconf 89' lang='lat' dir='ltr'><strong>septimo</strong></span> <span class='ocrx_word' id='word_1_130' title='bbox 1142 3245 1362 3330; x_wconf 82' lang='lat' dir='ltr'><strong>principatus</strong></span> <span class='ocrx_word' id='word_1_131' title='bbox 1376 3245 1494 3314; x_wconf 90' lang='lat' dir='ltr'><strong>domni</strong></span> <span class='ocrx_word' id='word_1_132' title='bbox 1509 3249 1619 3315; x_wconf 88' lang='lat' dir='ltr'><strong>nostri</strong></span> <span class='ocrx_word' id='word_1_133' title='bbox 1634 3248 1778 3334; x_wconf 88' lang='lat' dir='ltr'><strong>paldolfl</strong></span> <span class='ocrx_word' id='word_1_134' title='bbox 1802 3251 1955 3336; x_wconf 84' lang='lat' dir='ltr'><strong>glorioso</strong></span> <span class='ocrx_word' id='word_1_135' title='bbox 1979 3255 2077 3339; x_wconf 92' lang='lat' dir='ltr'><strong>prin-</strong></span> 
     </span>
    </p>
   </div>
   <div class='ocr_carea' id='block_1_7' title="bbox 214 3362 2079 5004">
    <p class='ocr_par' dir='ltr' id='par_1_7' title="bbox 214 3362 2079 5004">
     <span class='ocr_line' id='line_1_15' title="bbox 214 3362 2077 3504; baseline 0.006 -44"><span class='ocrx_word' id='word_1_136' title='bbox 214 3394 320 3480; x_wconf 85' lang='lat' dir='ltr'><strong>cipes,</strong></span> <span class='ocrx_word' id='word_1_137' title='bbox 338 3397 375 3463; x_wconf 90' lang='lat' dir='ltr'><strong>et</strong></span> <span class='ocrx_word' id='word_1_138' title='bbox 388 3395 537 3462; x_wconf 90' lang='lat' dir='ltr'><strong>secundo</strong></span> <span class='ocrx_word' id='word_1_139' title='bbox 553 3413 645 3462; x_wconf 86' lang='lat' dir='ltr'><strong>anno</strong></span> <span class='ocrx_word' id='word_1_140' title='bbox 660 3362 878 3480; x_wconf 84' lang='lat' dir='ltr'><strong>principatus</strong></span> <span class='ocrx_word' id='word_1_141' title='bbox 892 3397 965 3464; x_wconf 88' lang='lat' dir='ltr'><strong>eius</strong></span> <span class='ocrx_word' id='word_1_142' title='bbox 980 3397 1122 3480; x_wconf 88' lang='lat' dir='ltr'><strong>salerni,</strong></span> <span class='ocrx_word' id='word_1_143' title='bbox 1138 3398 1173 3464; x_wconf 91' lang='lat' dir='ltr'><strong>et</strong></span> <span class='ocrx_word' id='word_1_144' title='bbox 1195 3399 1316 3483; x_wconf 91' lang='lat' dir='ltr'><strong>quinto</strong></span> <span class='ocrx_word' id='word_1_145' title='bbox 1339 3417 1433 3466; x_wconf 87' lang='lat' dir='ltr'><strong>anno</strong></span> <span class='ocrx_word' id='word_1_146' title='bbox 1456 3399 1674 3484; x_wconf 88' lang='lat' dir='ltr'><strong>principatus</strong></span> <span class='ocrx_word' id='word_1_147' title='bbox 1696 3400 1814 3470; x_wconf 90' lang='lat' dir='ltr'><strong>domni</strong></span> <span class='ocrx_word' id='word_1_148' title='bbox 1837 3401 1981 3488; x_wconf 89' lang='lat' dir='ltr'><strong>paldolfl</strong></span> <span class='ocrx_word' id='word_1_149' title='bbox 2004 3405 2077 3504; x_wconf 86' lang='lat' dir='ltr'><strong>illio</strong></span> 
     </span>
     <span class='ocr_line' id='line_1_16' title="bbox 214 3545 2075 3634; baseline 0.006 -22"><span class='ocrx_word' id='word_1_150' title='bbox 214 3546 299 3625; x_wconf 91' lang='lat' dir='ltr'><strong>eius,</strong></span> <span class='ocrx_word' id='word_1_151' title='bbox 319 3563 439 3614; x_wconf 87' lang='lat' dir='ltr'><strong>mense</strong></span> <span class='ocrx_word' id='word_1_152' title='bbox 455 3547 662 3630; x_wconf 85' lang='lat' dir='ltr'><strong>septembris</strong></span> <span class='ocrx_word' id='word_1_153' title='bbox 677 3548 797 3614; x_wconf 87' lang='lat' dir='ltr'><strong>octaba</strong></span> <span class='ocrx_word' id='word_1_154' title='bbox 813 3545 1014 3615; x_wconf 89' lang='lat' dir='ltr'><strong>indictione.</strong></span> <span class='ocrx_word' id='word_1_155' title='bbox 1033 3547 1174 3616; x_wconf 88' lang='lat' dir='ltr'><strong>declaro</strong></span> <span class='ocrx_word' id='word_1_156' title='bbox 1189 3568 1255 3634; x_wconf 81' lang='lat' dir='ltr'><strong>ego</strong></span> <span class='ocrx_word' id='word_1_157' title='bbox 1279 3549 1445 3618; x_wconf 90' lang='lat' dir='ltr'><strong>iohannes</strong></span> <span class='ocrx_word' id='word_1_158' title='bbox 1468 3552 1584 3634; x_wconf 89' lang='lat' dir='ltr'><strong>presul</strong></span> <span class='ocrx_word' id='word_1_159' title='bbox 1607 3554 1725 3619; x_wconf 89' lang='lat' dir='ltr'><strong>sancte</strong></span> <span class='ocrx_word' id='word_1_160' title='bbox 1742 3551 1833 3622; x_wconf 91' lang='lat' dir='ltr'><strong>sedis</strong></span> <span class='ocrx_word' id='word_1_161' title='bbox 1849 3555 2075 3633; x_wconf 85' lang='lat' dir='ltr'><strong>salernitane,</strong></span> 
     </span>
     <span class='ocr_line' id='line_1_17' title="bbox 215 3695 2078 3793; baseline 0.006 -28"><span class='ocrx_word' id='word_1_162' title='bbox 215 3697 378 3783; x_wconf 88' lang='lat' dir='ltr'><strong>quoniam</strong></span> <span class='ocrx_word' id='word_1_163' title='bbox 401 3699 545 3767; x_wconf 86' lang='lat' dir='ltr'><strong>ecclesie</strong></span> <span class='ocrx_word' id='word_1_164' title='bbox 567 3699 676 3768; x_wconf 87' lang='lat' dir='ltr'><strong>sancti</strong></span> <span class='ocrx_word' id='word_1_165' title='bbox 698 3700 878 3768; x_wconf 89' lang='lat' dir='ltr'><strong>liveratori</strong></span> <span class='ocrx_word' id='word_1_166' title='bbox 895 3695 921 3788; x_wconf 70' lang='grc'><strong>8)</strong></span> <span class='ocrx_word' id='word_1_167' title='bbox 945 3703 980 3768; x_wconf 88' lang='lat' dir='ltr'><strong>et</strong></span> <span class='ocrx_word' id='word_1_168' title='bbox 1002 3703 1113 3769; x_wconf 89' lang='lat' dir='ltr'><strong>sancti</strong></span> <span class='ocrx_word' id='word_1_169' title='bbox 1137 3703 1201 3770; x_wconf 90' lang='lat' dir='ltr'><strong>biti</strong></span> <span class='ocrx_word' id='word_1_170' title='bbox 1225 3721 1291 3788; x_wconf 92' lang='lat' dir='ltr'><strong>que</strong></span> <span class='ocrx_word' id='word_1_171' title='bbox 1313 3701 1470 3771; x_wconf 88' lang='lat' dir='ltr'><strong>dedicate</strong></span> <span class='ocrx_word' id='word_1_172' title='bbox 1490 3703 1624 3772; x_wconf 88' lang='lat' dir='ltr'><strong>suntin</strong></span> <span class='ocrx_word' id='word_1_173' title='bbox 1639 3707 1774 3774; x_wconf 87' lang='lat' dir='ltr'><strong>montes</strong></span> <span class='ocrx_word' id='word_1_174' title='bbox 1791 3707 1882 3793; x_wconf 89' lang='lat' dir='ltr'><strong>apud</strong></span> <span class='ocrx_word' id='word_1_175' title='bbox 1899 3726 2078 3777; x_wconf 89' lang='lat' dir='ltr'><strong>marenon</strong></span> 
     </span>
     <span class='ocr_line' id='line_1_18' title="bbox 214 3825 2079 3949; baseline 0.006 -32"><span class='ocrx_word' id='word_1_176' title='bbox 214 3850 357 3934; x_wconf 80' lang='lat' dir='ltr'><strong>longius</strong></span> <span class='ocrx_word' id='word_1_177' title='bbox 380 3853 425 3917; x_wconf 89' lang='lat' dir='ltr'><strong>ab</strong></span> <span class='ocrx_word' id='word_1_178' title='bbox 448 3869 488 3918; x_wconf 91' lang='lat' dir='ltr'><strong>ac</strong></span> <span class='ocrx_word' id='word_1_179' title='bbox 511 3851 654 3920; x_wconf 88' lang='lat' dir='ltr'><strong>cibitate</strong></span> <span class='ocrx_word' id='word_1_180' title='bbox 675 3852 787 3949; x_wconf 79' lang='lat' dir='ltr'><strong>nestri</strong></span> <span class='ocrx_word' id='word_1_181' title='bbox 810 3853 979 3939; x_wconf 87' lang='lat' dir='ltr'><strong>episcopii</strong></span> <span class='ocrx_word' id='word_1_182' title='bbox 1002 3857 1083 3922; x_wconf 89' lang='lat' dir='ltr'><strong>sunt</strong></span> <span class='ocrx_word' id='word_1_183' title='bbox 1097 3855 1323 3940; x_wconf 84' lang='lat' dir='ltr'><strong>pertinentes,</strong></span> <span class='ocrx_word' id='word_1_184' title='bbox 1342 3857 1377 3925; x_wconf 92' lang='lat' dir='ltr'><strong>et</strong></span> <span class='ocrx_word' id='word_1_185' title='bbox 1391 3858 1489 3924; x_wconf 90' lang='lat' dir='ltr'><strong>venit</strong></span> <span class='ocrx_word' id='word_1_186' title='bbox 1503 3857 1547 3923; x_wconf 90' lang='lat' dir='ltr'><strong>ab</strong></span> <span class='ocrx_word' id='word_1_187' title='bbox 1563 3877 1618 3926; x_wconf 91' lang='lat' dir='ltr'><strong>me</strong></span> <span class='ocrx_word' id='word_1_188' title='bbox 1633 3825 1789 3926; x_wconf 76' lang='lat' dir='ltr'><strong>sosanna¹</strong></span> <span class='ocrx_word' id='word_1_189' title='bbox 1806 3859 1990 3944; x_wconf 82' lang='lat' dir='ltr'><strong>religionis</strong></span> <span class='ocrx_word' id='word_1_190' title='bbox 2005 3859 2079 3928; x_wconf 91' lang='lat' dir='ltr'><strong>abi·</strong></span> 
     </span>
     <span class='ocr_line' id='line_1_19' title="bbox 215 4000 2078 4094; baseline 0.006 -28"><span class='ocrx_word' id='word_1_191' title='bbox 215 4004 289 4068; x_wconf 89' lang='lat' dir='ltr'><strong>lum</strong></span> <span class='ocrx_word' id='word_1_192' title='bbox 313 4000 438 4069; x_wconf 89' lang='lat' dir='ltr'><strong>induta</strong></span> <span class='ocrx_word' id='word_1_193' title='bbox 486 4052 732 4069; x_wconf 93' lang='grc'><strong><em>.....</em></strong></span> <span class='ocrx_word' id='word_1_194' title='bbox 781 4004 1071 4087; x_wconf 83' lang='lat' dir='ltr'><strong>gubernationem</strong></span> <span class='ocrx_word' id='word_1_195' title='bbox 1095 4009 1130 4072; x_wconf 89' lang='lat' dir='ltr'><strong>et</strong></span> <span class='ocrx_word' id='word_1_196' title='bbox 1154 4007 1314 4090; x_wconf 87' lang='lat' dir='ltr'><strong>regimen</strong></span> <span class='ocrx_word' id='word_1_197' title='bbox 1337 4007 1480 4074; x_wconf 89' lang='lat' dir='ltr'><strong>ecclesie</strong></span> <span class='ocrx_word' id='word_1_198' title='bbox 1502 4006 1577 4091; x_wconf 91' lang='lat' dir='ltr'><strong>ipse</strong></span> <span class='ocrx_word' id='word_1_199' title='bbox 1600 4008 1727 4076; x_wconf 85' lang='lat' dir='ltr'><strong>retinet</strong></span> <span class='ocrx_word' id='word_1_200' title='bbox 1740 4029 1750 4094; x_wconf 92' lang='lat'>;</span> <span class='ocrx_word' id='word_1_201' title='bbox 1775 4011 1810 4074; x_wconf 92' lang='lat' dir='ltr'><strong>et</strong></span> <span class='ocrx_word' id='word_1_202' title='bbox 1831 4009 1923 4076; x_wconf 87' lang='lat' dir='ltr'><strong>dixit</strong></span> <span class='ocrx_word' id='word_1_203' title='bbox 1937 4010 2023 4078; x_wconf 91' lang='lat' dir='ltr'><strong>mihi</strong></span> <span class='ocrx_word' id='word_1_204' title='bbox 2047 4013 2078 4078; x_wconf 90' lang='lat' dir='ltr'><strong>si</strong></span> 
     </span>
     <span class='ocr_line' id='line_1_20' title="bbox 215 4155 2077 4254; baseline 0.004 -31"><span class='ocrx_word' id='word_1_205' title='bbox 215 4155 436 4224; x_wconf 81' lang='lat' dir='ltr'><strong>omiserimus</strong></span> <span class='ocrx_word' id='word_1_206' title='bbox 451 4157 483 4223; x_wconf 94' lang='lat' dir='ltr'><strong>ei</strong></span> <span class='ocrx_word' id='word_1_207' title='bbox 499 4157 723 4254; x_wconf 80' lang='lat' dir='ltr'><strong>securitatem</strong></span> <span class='ocrx_word' id='word_1_208' title='bbox 741 4157 830 4225; x_wconf 87' lang='lat' dir='ltr'><strong>sicut</strong></span> <span class='ocrx_word' id='word_1_209' title='bbox 833 4207 1200 4224; x_wconf 92' lang='lat'><strong>.......</strong></span> <span class='ocrx_word' id='word_1_210' title='bbox 1249 4159 1292 4228; x_wconf 92' lang='lat' dir='ltr'><strong>de</strong></span> <span class='ocrx_word' id='word_1_211' title='bbox 1314 4159 1394 4244; x_wconf 91' lang='lat' dir='ltr'><strong>ipsa</strong></span> <span class='ocrx_word' id='word_1_212' title='bbox 1416 4161 1563 4228; x_wconf 86' lang='lat' dir='ltr'><strong>ecclesia</strong></span> <span class='ocrx_word' id='word_1_213' title='bbox 1585 4162 1620 4228; x_wconf 92' lang='lat' dir='ltr'><strong>et</strong></span> <span class='ocrx_word' id='word_1_214' title='bbox 1642 4162 1768 4240; x_wconf 88' lang='lat' dir='ltr'><strong>rebus,</strong></span> <span class='ocrx_word' id='word_1_215' title='bbox 1795 4163 1829 4228; x_wconf 89' lang='lat' dir='ltr'><strong>et</strong></span> <span class='ocrx_word' id='word_1_216' title='bbox 1852 4179 1992 4230; x_wconf 88' lang='lat' dir='ltr'><strong>causam</strong></span> <span class='ocrx_word' id='word_1_217' title='bbox 2019 4181 2077 4232; x_wconf 87' lang='lat' dir='ltr'><strong>ea-</strong></span> 
     </span>
     <span class='ocr_line' id='line_1_21' title="bbox 215 4306 2076 4385; baseline 0.004 -13"><span class='ocrx_word' id='word_1_218' title='bbox 215 4324 307 4385; x_wconf 89' lang='lat' dir='ltr'><strong>rum,</strong></span> <span class='ocrx_word' id='word_1_219' title='bbox 326 4307 389 4373; x_wconf 89' lang='lat' dir='ltr'><strong>illa</strong></span> <span class='ocrx_word' id='word_1_220' title='bbox 404 4309 517 4375; x_wconf 89' lang='lat' dir='ltr'><strong>autem</strong></span> <span class='ocrx_word' id='word_1_221' title='bbox 540 4306 606 4374; x_wconf 92' lang='lat' dir='ltr'><strong>deo</strong></span> <span class='ocrx_word' id='word_1_222' title='bbox 627 4307 823 4376; x_wconf 83' lang='lat' dir='ltr'><strong>auxiliante</strong></span> <span class='ocrx_word' id='word_1_223' title='bbox 845 4309 1091 4378; x_wconf 87' lang='lat' dir='ltr'><strong>monasterium</strong></span> <span class='ocrx_word' id='word_1_224' title='bbox 1114 4310 1302 4379; x_wconf 86' lang='lat' dir='ltr'><strong>femineum</strong></span> <span class='ocrx_word' id='word_1_225' title='bbox 1327 4311 1452 4379; x_wconf 91' lang='lat' dir='ltr'><strong>ibidem</strong></span> <span class='ocrx_word' id='word_1_226' title='bbox 1469 4311 1594 4380; x_wconf 87' lang='lat' dir='ltr'><strong>facere.</strong></span> <span class='ocrx_word' id='word_1_227' title='bbox 1608 4355 1610 4360; x_wconf 66' lang='lat'><strong>,</strong></span> <span class='ocrx_word' id='word_1_228' title='bbox 1624 4330 1687 4381; x_wconf 88' lang='lat' dir='ltr'><strong>nos</strong></span> <span class='ocrx_word' id='word_1_229' title='bbox 1701 4313 1814 4380; x_wconf 88' lang='lat' dir='ltr'><strong>autem</strong></span> <span class='ocrx_word' id='word_1_230' title='bbox 1830 4313 1918 4378; x_wconf 86' lang='lat' dir='ltr'><strong>talia</strong></span> <span class='ocrx_word' id='word_1_231' title='bbox 1933 4310 2076 4381; x_wconf 91' lang='lat' dir='ltr'><strong>audien-</strong></span> 
     </span>
     <span class='ocr_line' id='line_1_22' title="bbox 216 4456 2078 4556; baseline 0.002 -31"><span class='ocrx_word' id='word_1_232' title='bbox 216 4461 268 4556; x_wconf 88' lang='lat' dir='ltr'><strong>tes</strong></span> <span class='ocrx_word' id='word_1_233' title='bbox 291 4459 328 4524; x_wconf 90' lang='lat' dir='ltr'><strong>et</strong></span> <span class='ocrx_word' id='word_1_234' title='bbox 350 4456 606 4526; x_wconf 88' lang='lat' dir='ltr'><strong>considerantes</strong></span> <span class='ocrx_word' id='word_1_235' title='bbox 628 4460 658 4527; x_wconf 90' lang='lat' dir='ltr'><strong>si</strong></span> <span class='ocrx_word' id='word_1_236' title='bbox 673 4460 891 4528; x_wconf 90' lang='lat' dir='ltr'><strong>boratorium</strong></span> <span class='ocrx_word' id='word_1_237' title='bbox 907 4459 1035 4528; x_wconf 91' lang='lat' dir='ltr'><strong>ibidem</strong></span> <span class='ocrx_word' id='word_1_238' title='bbox 1051 4464 1270 4542; x_wconf 90' lang='lat' dir='ltr'><strong>construere,</strong></span> <span class='ocrx_word' id='word_1_239' title='bbox 1290 4465 1519 4530; x_wconf 74' lang='lat' dir='ltr'><strong>saltationem</strong></span> <span class='ocrx_word' id='word_1_240' title='bbox 1536 4479 1611 4530; x_wconf 88' lang='lat' dir='ltr'><strong>esse</strong></span> <span class='ocrx_word' id='word_1_241' title='bbox 1633 4465 1751 4530; x_wconf 87' lang='lat' dir='ltr'><strong>nostre</strong></span> <span class='ocrx_word' id='word_1_242' title='bbox 1774 4463 1899 4547; x_wconf 88' lang='lat' dir='ltr'><strong>patrie,</strong></span> <span class='ocrx_word' id='word_1_243' title='bbox 1918 4481 1985 4547; x_wconf 82' lang='lat' dir='ltr'><strong>ego</strong></span> <span class='ocrx_word' id='word_1_244' title='bbox 2000 4464 2078 4550; x_wconf 90' lang='lat' dir='ltr'><strong>cepi</strong></span> 
     </span>
     <span class='ocr_line' id='line_1_23' title="bbox 216 4609 2079 4700; baseline 0.003 -21"><span class='ocrx_word' id='word_1_245' title='bbox 216 4609 346 4679; x_wconf 84' lang='lat' dir='ltr'><strong>exinde</strong></span> <span class='ocrx_word' id='word_1_246' title='bbox 369 4629 472 4679; x_wconf 91' lang='lat' dir='ltr'><strong>avere</strong></span> <span class='ocrx_word' id='word_1_247' title='bbox 494 4612 700 4697; x_wconf 86' lang='lat' dir='ltr'><strong>colloquium</strong></span> <span class='ocrx_word' id='word_1_248' title='bbox 723 4631 802 4680; x_wconf 93' lang='lat' dir='ltr'><strong>cum</strong></span> <span class='ocrx_word' id='word_1_249' title='bbox 826 4613 995 4681; x_wconf 90' lang='lat' dir='ltr'><strong>iohannes</strong></span> <span class='ocrx_word' id='word_1_250' title='bbox 1017 4611 1184 4682; x_wconf 90' lang='lat' dir='ltr'><strong>diaconus</strong></span> <span class='ocrx_word' id='word_1_251' title='bbox 1206 4619 1343 4683; x_wconf 88' lang='lat' dir='ltr'><strong>etcum</strong></span> <span class='ocrx_word' id='word_1_252' title='bbox 1365 4618 1485 4700; x_wconf 89' lang='lat' dir='ltr'><strong>petrus</strong></span> <span class='ocrx_word' id='word_1_253' title='bbox 1509 4613 1614 4682; x_wconf 85' lang='lat' dir='ltr'><strong>iudex</strong></span> <span class='ocrx_word' id='word_1_254' title='bbox 1638 4619 1864 4700; x_wconf 89' lang='lat' dir='ltr'><strong>nostrumque</strong></span> <span class='ocrx_word' id='word_1_255' title='bbox 1895 4616 2079 4684; x_wconf 86' lang='lat' dir='ltr'><strong>adbocatu-</strong></span> 
     </span>
     <span class='ocr_line' id='line_1_24' title="bbox 216 4747 2075 4850; baseline 0.006 -24"><span class='ocrx_word' id='word_1_256' title='bbox 216 4778 304 4840; x_wconf 90' lang='lat' dir='ltr'><strong>rem,</strong></span> <span class='ocrx_word' id='word_1_257' title='bbox 323 4765 358 4829; x_wconf 91' lang='lat' dir='ltr'><strong>et</strong></span> <span class='ocrx_word' id='word_1_258' title='bbox 380 4778 460 4828; x_wconf 87' lang='lat' dir='ltr'><strong>cum</strong></span> <span class='ocrx_word' id='word_1_259' title='bbox 483 4764 595 4831; x_wconf 91' lang='lat' dir='ltr'><strong>cleros</strong></span> <span class='ocrx_word' id='word_1_260' title='bbox 616 4761 725 4830; x_wconf 90' lang='lat' dir='ltr'><strong>nostri</strong></span> <span class='ocrx_word' id='word_1_261' title='bbox 748 4761 927 4849; x_wconf 90' lang='lat' dir='ltr'><strong>episcopii.</strong></span> <span class='ocrx_word' id='word_1_262' title='bbox 946 4763 1034 4831; x_wconf 90' lang='lat' dir='ltr'><strong>inito</strong></span> <span class='ocrx_word' id='word_1_263' title='bbox 1049 4747 1206 4845; x_wconf 86' lang='lat' dir='ltr'><strong>consilio,</strong></span> <span class='ocrx_word' id='word_1_264' title='bbox 1233 4757 1426 4850; x_wconf 91' lang='lat' dir='ltr'><strong>comparuit</strong></span> <span class='ocrx_word' id='word_1_265' title='bbox 1441 4765 1601 4832; x_wconf 88' lang='lat' dir='ltr'><strong>omuibus</strong></span> <span class='ocrx_word' id='word_1_266' title='bbox 1615 4765 1715 4833; x_wconf 90' lang='lat' dir='ltr'><strong>nobis</strong></span> <span class='ocrx_word' id='word_1_267' title='bbox 1732 4768 1854 4835; x_wconf 91' lang='lat' dir='ltr'><strong>melius</strong></span> <span class='ocrx_word' id='word_1_268' title='bbox 1869 4785 1944 4836; x_wconf 89' lang='lat' dir='ltr'><strong>esse</strong></span> <span class='ocrx_word' id='word_1_269' title='bbox 1958 4765 2075 4838; x_wconf 87' lang='lat' dir='ltr'><strong>mona·</strong></span> 
     </span>
     <span class='ocr_line' id='line_1_25' title="bbox 218 4881 2076 5004; baseline 0.006 -28"><span class='ocrx_word' id='word_1_270' title='bbox 218 4913 362 4982; x_wconf 89' lang='lat' dir='ltr'><strong>sterium</strong></span> <span class='ocrx_word' id='word_1_271' title='bbox 384 4913 574 4997; x_wconf 79' lang='lat' dir='ltr'><strong>oratorium</strong></span> <span class='ocrx_word' id='word_1_272' title='bbox 598 4915 809 4984; x_wconf 89' lang='lat' dir='ltr'><strong>cotidianum</strong></span> <span class='ocrx_word' id='word_1_273' title='bbox 832 4881 958 4984; x_wconf 91' lang='lat' dir='ltr'><strong>ibidem</strong></span> <span class='ocrx_word' id='word_1_274' title='bbox 982 4917 1248 5001; x_wconf 90' lang='lat' dir='ltr'><strong>prebordinare,</strong></span> <span class='ocrx_word' id='word_1_275' title='bbox 1274 4936 1379 5003; x_wconf 90' lang='lat' dir='ltr'><strong>quam</strong></span> <span class='ocrx_word' id='word_1_276' title='bbox 1401 4936 1475 4988; x_wconf 89' lang='lat' dir='ltr'><strong>esse</strong></span> <span class='ocrx_word' id='word_1_277' title='bbox 1497 4917 1642 4986; x_wconf 90' lang='lat' dir='ltr'><strong>ecclesie</strong></span> <span class='ocrx_word' id='word_1_278' title='bbox 1663 4919 1754 4986; x_wconf 90' lang='lat' dir='ltr'><strong>sicut</strong></span> <span class='ocrx_word' id='word_1_279' title='bbox 1769 4937 1876 5004; x_wconf 89' lang='lat' dir='ltr'><strong>usque</strong></span> <span class='ocrx_word' id='word_1_280' title='bbox 1891 4938 1983 4987; x_wconf 90' lang='lat' dir='ltr'><strong>nunc</strong></span> <span class='ocrx_word' id='word_1_281' title='bbox 2006 4921 2076 4989; x_wconf 86' lang='lat' dir='ltr'><strong>sue·</strong></span> 
     </span>
    </p>
   </div>
   <div class='ocr_carea' id='block_1_8' title="bbox 219 5065 2076 5154">
    <p class='ocr_par' dir='ltr' id='par_1_8' title="bbox 219 5065 2076 5154">
     <span class='ocr_line' id='line_1_26' title="bbox 219 5065 2076 5154; baseline 0.004 -25"><span class='ocrx_word' id='word_1_282' title='bbox 219 5067 312 5143; x_wconf 87' lang='lat' dir='ltr'><strong>runt,</strong></span> <span class='ocrx_word' id='word_1_283' title='bbox 337 5065 430 5133; x_wconf 89' lang='lat' dir='ltr'><strong>unde</strong></span> <span class='ocrx_word' id='word_1_284' title='bbox 451 5069 489 5132; x_wconf 90' lang='lat' dir='ltr'><strong>in</strong></span> <span class='ocrx_word' id='word_1_285' title='bbox 512 5069 631 5135; x_wconf 87' lang='lat' dir='ltr'><strong>nostro</strong></span> <span class='ocrx_word' id='word_1_286' title='bbox 653 5067 829 5152; x_wconf 91' lang='lat' dir='ltr'><strong>episcopio</strong></span> <span class='ocrx_word' id='word_1_287' title='bbox 852 5085 1001 5152; x_wconf 88' lang='lat' dir='ltr'><strong>paucum</strong></span> <span class='ocrx_word' id='word_1_288' title='bbox 1025 5069 1183 5138; x_wconf 83' lang='lat' dir='ltr'><strong>offectum</strong></span> <span class='ocrx_word' id='word_1_289' title='bbox 1206 5069 1334 5138; x_wconf 88' lang='lat' dir='ltr'><strong>evenit.</strong></span> <span class='ocrx_word' id='word_1_290' title='bbox 1352 5072 1387 5139; x_wconf 90' lang='lat' dir='ltr'><strong>et</strong></span> <span class='ocrx_word' id='word_1_291' title='bbox 1402 5068 1480 5138; x_wconf 92' lang='lat' dir='ltr'><strong>ideo</strong></span> <span class='ocrx_word' id='word_1_292' title='bbox 1496 5069 1652 5138; x_wconf 89' lang='lat' dir='ltr'><strong>omnibus</strong></span> <span class='ocrx_word' id='word_1_293' title='bbox 1675 5070 1773 5138; x_wconf 89' lang='lat' dir='ltr'><strong>nobis</strong></span> <span class='ocrx_word' id='word_1_294' title='bbox 1796 5071 2004 5154; x_wconf 87' lang='lat' dir='ltr'><strong>complacuit</strong></span> <span class='ocrx_word' id='word_1_295' title='bbox 2026 5074 2076 5138; x_wconf 87' lang='lat' dir='ltr'><strong>ta-</strong></span> 
     </span>
    </p>
   </div>
   <div class='ocr_carea' id='block_1_9' title="bbox 223 5356 2075 5811">
    <p class='ocr_par' dir='ltr' id='par_1_9' title="bbox 279 5356 634 5430">
     <span class='ocr_line' id='line_1_27' title="bbox 279 5356 634 5430; baseline 0.008 -18"><span class='ocrx_word' id='word_1_296' title='bbox 279 5356 303 5427; x_wconf 89' lang='lat'><strong>⁴)</strong></span> <span class='ocrx_word' id='word_1_297' title='bbox 327 5358 405 5429; x_wconf 78' lang='lat' dir='ltr'><strong>Uota,</strong></span> <span class='ocrx_word' id='word_1_298' title='bbox 421 5373 474 5430; x_wconf 90' lang='lat' dir='ltr'><strong>pro</strong></span> <span class='ocrx_word' id='word_1_299' title='bbox 493 5359 634 5416; x_wconf 85' lang='lat' dir='ltr'><strong>humana.</strong></span> 
     </span>
    </p>

    <p class='ocr_par' dir='ltr' id='par_1_10' title="bbox 277 5478 1513 5560">
     <span class='ocr_line' id='line_1_28' title="bbox 277 5478 1513 5560; baseline 0.006 -26"><span class='ocrx_word' id='word_1_300' title='bbox 277 5478 301 5549; x_wconf 85' lang='lat'><strong>²)</strong></span> <span class='ocrx_word' id='word_1_301' title='bbox 316 5479 512 5554; x_wconf 73' lang='lat' dir='ltr'><strong>Acumincum,</strong></span> <span class='ocrx_word' id='word_1_302' title='bbox 526 5483 605 5538; x_wconf 86' lang='lat' dir='ltr'><strong>valet</strong></span> <span class='ocrx_word' id='word_1_303' title='bbox 616 5485 791 5552; x_wconf 82' lang='lat' dir='ltr'><strong>imminuere,</strong></span> <span class='ocrx_word' id='word_1_304' title='bbox 808 5483 904 5541; x_wconf 84' lang='lat' dir='ltr'><strong>italice</strong></span> <span class='ocrx_word' id='word_1_305' title='bbox 918 5501 1086 5542; x_wconf 70' lang='lat' dir='ltr'><strong>launomaro.</strong></span> <span class='ocrx_word' id='word_1_306' title='bbox 1103 5485 1288 5544; x_wconf 75' lang='lat' dir='ltr'><strong>Desideratus</strong></span> <span class='ocrx_word' id='word_1_307' title='bbox 1301 5487 1330 5542; x_wconf 90' lang='lat' dir='ltr'><strong>iu</strong></span> <span class='ocrx_word' id='word_1_308' title='bbox 1345 5486 1389 5542; x_wconf 89' lang='lat' dir='ltr'><strong>Du</strong></span> <span class='ocrx_word' id='word_1_309' title='bbox 1403 5487 1513 5560; x_wconf 82' lang='lat' dir='ltr'><strong>Gange.</strong></span> 
     </span>
    </p>

    <p class='ocr_par' dir='ltr' id='par_1_11' title="bbox 223 5593 2075 5811">
     <span class='ocr_line' id='line_1_29' title="bbox 278 5593 2074 5684; baseline 0.003 -23"><span class='ocrx_word' id='word_1_310' title='bbox 278 5604 301 5677; x_wconf 83' lang='lat'><strong>³)</strong></span> <span class='ocrx_word' id='word_1_311' title='bbox 321 5603 377 5662; x_wconf 86' lang='lat' dir='ltr'><strong>Hic</strong></span> <span class='ocrx_word' id='word_1_312' title='bbox 398 5603 447 5661; x_wconf 89' lang='lat' dir='ltr'><strong>ille</strong></span> <span class='ocrx_word' id='word_1_313' title='bbox 467 5621 553 5662; x_wconf 87' lang='lat' dir='ltr'><strong>mons</strong></span> <span class='ocrx_word' id='word_1_314' title='bbox 573 5605 801 5664; x_wconf 87' lang='lat' dir='ltr'><strong>amoenissimus</strong></span> <span class='ocrx_word' id='word_1_315' title='bbox 820 5607 1019 5682; x_wconf 85' lang='lat' dir='ltr'><strong>Bulurnyuus,</strong></span> <span class='ocrx_word' id='word_1_316' title='bbox 1033 5593 1084 5684; x_wconf 87' lang='lat' dir='ltr'><strong>qui</strong></span> <span class='ocrx_word' id='word_1_317' title='bbox 1099 5627 1187 5684; x_wconf 88' lang='lat' dir='ltr'><strong>super</strong></span> <span class='ocrx_word' id='word_1_318' title='bbox 1200 5610 1356 5668; x_wconf 84' lang='lat' dir='ltr'><strong>Salernum</strong></span> <span class='ocrx_word' id='word_1_319' title='bbox 1376 5610 1487 5667; x_wconf 89' lang='lat' dir='ltr'><strong>eminet</strong></span> <span class='ocrx_word' id='word_1_320' title='bbox 1501 5617 1530 5666; x_wconf 88' lang='lat' dir='ltr'><strong>et</strong></span> <span class='ocrx_word' id='word_1_321' title='bbox 1544 5608 1652 5665; x_wconf 78' lang='lat' dir='ltr'><strong>Caram</strong></span> <span class='ocrx_word' id='word_1_322' title='bbox 1666 5608 1882 5683; x_wconf 81' lang='lat' dir='ltr'><strong>Tyrrhenorum</strong></span> <span class='ocrx_word' id='word_1_323' title='bbox 1896 5618 2074 5683; x_wconf 84' lang='lat' dir='ltr'><strong>prospectat,</strong></span> 
     </span>
     <span class='ocr_line' id='line_1_30' title="bbox 223 5729 2075 5811; baseline 0.005 -27"><span class='ocrx_word' id='word_1_324' title='bbox 223 5730 270 5785; x_wconf 89' lang='lat' dir='ltr'><strong>ubi</strong></span> <span class='ocrx_word' id='word_1_325' title='bbox 290 5729 327 5786; x_wconf 89' lang='lat' dir='ltr'><strong>ad</strong></span> <span class='ocrx_word' id='word_1_326' title='bbox 347 5729 492 5788; x_wconf 82' lang='lat' dir='ltr'><strong>orientem</strong></span> <span class='ocrx_word' id='word_1_327' title='bbox 513 5733 542 5789; x_wconf 91' lang='lat' dir='ltr'><strong>iu</strong></span> <span class='ocrx_word' id='word_1_328' title='bbox 564 5735 706 5794; x_wconf 85' lang='lat' dir='ltr'><strong>decliuem</strong></span> <span class='ocrx_word' id='word_1_329' title='bbox 726 5735 911 5793; x_wconf 84' lang='lat' dir='ltr'><strong>latitudinem</strong></span> <span class='ocrx_word' id='word_1_330' title='bbox 937 5754 969 5795; x_wconf 88' lang='lat' dir='ltr'><strong>se</strong></span> <span class='ocrx_word' id='word_1_331' title='bbox 993 5737 1152 5810; x_wconf 86' lang='lat' dir='ltr'><strong>protendit.</strong></span> <span class='ocrx_word' id='word_1_332' title='bbox 1175 5738 1268 5796; x_wconf 86' lang='lat' dir='ltr'><strong>Huius</strong></span> <span class='ocrx_word' id='word_1_333' title='bbox 1298 5739 1397 5796; x_wconf 85' lang='lat' dir='ltr'><strong>autem</strong></span> <span class='ocrx_word' id='word_1_334' title='bbox 1423 5738 1453 5794; x_wconf 89' lang='lat' dir='ltr'><strong>S.</strong></span> <span class='ocrx_word' id='word_1_335' title='bbox 1476 5737 1651 5795; x_wconf 77' lang='lat' dir='ltr'><strong>liberatoris</strong></span> <span class='ocrx_word' id='word_1_336' title='bbox 1672 5735 1814 5795; x_wconf 86' lang='lat' dir='ltr'><strong>Coenohii</strong></span> <span class='ocrx_word' id='word_1_337' title='bbox 1839 5739 1868 5794; x_wconf 90' lang='lat' dir='ltr'><strong>in</strong></span> <span class='ocrx_word' id='word_1_338' title='bbox 1896 5738 1960 5811; x_wconf 88' lang='lat' dir='ltr'><strong>ipso</strong></span> <span class='ocrx_word' id='word_1_339' title='bbox 1985 5739 2075 5795; x_wconf 85' lang='lat' dir='ltr'><strong>latere</strong></span> 
     </span>
    </p>
   </div>
   <div class='ocr_carea' id='block_1_10' title="bbox 225 5858 1944 6019">
    <p class='ocr_par' dir='ltr' id='par_1_12' title="bbox 225 5858 1944 6019">
     <span class='ocr_line' id='line_1_31' title="bbox 225 5858 981 5938; baseline 0.011 -24"><span class='ocrx_word' id='word_1_340' title='bbox 225 5858 332 5918; x_wconf 85' lang='lat' dir='ltr'><strong>montis</strong></span> <span class='ocrx_word' id='word_1_341' title='bbox 353 5859 513 5916; x_wconf 85' lang='lat' dir='ltr'><strong>constructi</strong></span> <span class='ocrx_word' id='word_1_342' title='bbox 534 5859 629 5920; x_wconf 90' lang='lat' dir='ltr'><strong>adhuc</strong></span> <span class='ocrx_word' id='word_1_343' title='bbox 649 5862 790 5937; x_wconf 88' lang='lat' dir='ltr'><strong>reliquiae</strong></span> <span class='ocrx_word' id='word_1_344' title='bbox 813 5875 981 5938; x_wconf 87' lang='lat' dir='ltr'><strong>supersunt.</strong></span> 
     </span>
     <span class='ocr_line' id='line_1_32' title="bbox 436 5955 1944 6019; baseline 0.011 -1"><span class='ocrx_word' id='word_1_345' title='bbox 436 5974 497 6018; x_wconf 73' lang='grc' dir='ltr'>τοι.</span> <span class='ocrx_word' id='word_1_346' title='bbox 511 5973 544 6019; x_wconf 85' lang='grc' dir='ltr'><strong>ιι.</strong></span> <span class='ocrx_word' id='word_1_347' title='bbox 1914 5955 1944 6002; x_wconf 80' lang='lat'><strong>¹⁸</strong></span> 
     </span>
    </p>
   </div>
   <div class='ocr_carea' id='block_1_11' title="bbox 0 0 2612 7092">
    <p class='ocr_par' dir='ltr' id='par_1_13' title="bbox 0 0 2612 7092">
     <span class='ocr_line' id='line_1_33' title="bbox 0 0 2612 7092; baseline 0 0"><span class='ocrx_word' id='word_1_348' title='bbox 0 0 2612 7092; x_wconf 95' lang='lat' dir='ltr'><strong> </strong></span> 
     </span>
    </p>
   </div>
  </div>
 </body>
</html>
