5286 7098
505 591 567 655 106
1177 574 1340 648 CODEX
1383 577 1616 650 olvnNsls

458 836 522 888 nes
537 817 708 904 presbiter
731 815 948 886 medietatem
971 819 1006 885 et
1020 814 1238 886 medietatem
1256 815 1500 902 adimplerent,
1518 819 1671 905 obligabi
1687 839 1725 888 se
1741 821 1816 904 ipse
1832 819 2000 890 iohannes
2015 823 2050 889 et
2066 821 2138 890 suis
2152 819 2311 891 eredibus

458 991 523 1059 pro
546 989 583 1039 se
607 971 642 1038 et
664 986 729 1054 pro
751 970 862 1055 ipsum
886 958 1065 1055 iaquintus
1086 969 1233 1040 clericus
1256 988 1425 1056 germano
1447 990 1519 1040 suo.
1538 973 1629 1057 quod
1652 973 1683 1039 si
1704 973 1821 1043 taliter
1842 974 1959 1042 omnia
1981 975 2218 1060 suprascripta
2240 991 2311 1043 non

460 1120 719 1207 adimpleberint
741 1122 776 1188 et
790 1121 955 1206 quesierit
978 1122 1101 1208 aliquit
1124 1121 1252 1190 exinde
1276 1125 1454 1192 remobere
1476 1125 1537 1192 aut
1552 1127 1726 1204 contrane,
1746 1119 1952 1210 componere
1967 1127 2211 1213 obligabernnt
2224 1147 2262 1198 se
2278 1132 2312 1199 et

458 1272 531 1342 suis
562 1271 748 1341 heredibus
774 1273 875 1342 nobis
902 1274 1096 1358 nostrisque
1118 1274 1368 1344 svccessoribus
1391 1276 1647 1362 quinquaginta
1670 1278 1749 1345 auri
1772 1275 1899 1345 solidos
1922 1279 2228 1347 constantinianus:
2256 1297 2313 1347 ve-

458 1424 656 1492 rumtamen
678 1421 917 1508 supradictum
941 1441 1133 1508 organeum
1156 1426 1312 1492 nostrum
1329 1423 1490 1493 coneiare
1505 1425 1540 1492 et
1553 1423 1710 1493 studiare
1725 1442 1789 1511 per
1805 1406 1971 1510 tempore
1983 1425 2072 1494 sicut
2086 1426 2262 1508 meruerit,
2277 1429 2312 1494 et

457 1575 508 1642 sic
534 1573 611 1658 ipso
633 1573 754 1680 vinum
769 1571 897 1642 ibidem
914 1574 1076 1643 miterent
1090 1575 1125 1643 et
1140 1576 1275 1642 salbum
1292 1575 1458 1654 facerent,
1477 1577 1516 1645 ut
1533 1575 1784 1660 supradictum
1800 1571 1864 1663 est3
1881 1579 1917 1644 et
1933 1581 2168 1676 apposuerunt
2181 1582 2216 1644 et
2228 1579 2312 1646 obli·

457 1724 633 1809 gubernat
648 1740 686 1791 se
701 1723 801 1791 nobis
815 1722 861 1790 ad
879 1723 1162 1810 pingnerandum
1187 1724 1299 1794 omnis
1320 1743 1383 1822 sua
1404 1743 1521 1806 causa,
1539 1729 1703 1818 quantum
1728 1726 1884 1812 legitimo
1909 1729 1944 1795 et
1969 1727 2164 1812 inlegitimo
2190 1729 2242 1796 est
2267 1728 2312 1796 ad

458 1870 753 1957 pingnerandum.
773 1873 809 1940 et
823 1873 916 1939 hunc
931 1874 1070 1943 brebem
1086 1873 1212 1960 scripsi
1227 1891 1294 1960 ego
1309 1874 1503 1944 madelmus
1518 1876 1676 1944 notarius
1691 1873 1750 1961 qui
1765 1875 1918 1945 interfui.

375 1988 378 1995 “
517 1991 628 2105 †ego
645 2022 764 2106 petrus

515 2141 544 2255 †
561 2187 628 2257 ego
644 2172 703 2256 qui
719 2191 827 2260 supra
841 2177 960 2259 petrus
975 2177 1132 2245 notarius
1147 2195 1201 2246 me
1216 2177 1405 2263 subscripsi

514 2302 545 2414 †
561 2346 629 2414 ego
644 2348 739 2398 ursu.

1239 2833 1520 2913 CCXCVI.

1208 3075 1264 3153 A.
1301 3077 1352 3154 D.
1390 3075 1494 3156 977.
1539 3081 1565 3172 ¹)

513 3333 603 3470 †ln
627 3381 766 3451 nomine
787 3381 921 3449 domini
944 3382 1212 3469 quadragesimo
1234 3383 1354 3468 quinto
1377 3400 1471 3452 anno
1493 3383 1710 3469 principatus
1732 3383 1850 3451 domni
1873 3385 1985 3452 nostri
2016 3384 2132 3470 gisolfi
2161 3383 2309 3468 gloriosi

453 3535 637 3620 principis,
657 3535 692 3602 et
706 3536 829 3619 quarto
845 3551 938 3602 anno
953 3535 1170 3621 principatus
1186 3499 1311 3604 domne
1325 3553 1464 3621 gemme
1478 3533 1639 3621 coniugis
1653 3535 1728 3604 eius
1751 3537 1787 3603 ei
1810 3535 1928 3602 domni
1944 3535 2087 3620 paldolfl
2102 3536 2221 3621 optato
2236 3535 2308 3602 illio

454 3701 600 3764 eorum,
627 3703 745 3754 mense
766 3685 953 3754 nobember
975 3688 1075 3756 sexta
1098 3687 1299 3756 indictione.
1328 3686 1468 3756 declaro
1489 3705 1557 3774 ego
1579 3687 1694 3774 pando
1710 3685 1737 3775 ²)
1759 3686 1876 3755 divina
1897 3689 2105 3772 protegente
2125 3687 2308 3756 clementia

454 3836 573 3921 presul
589 3837 707 3902 sancte
729 3833 821 3903 sedis
843 3801 1000 3922 pestana
1017 3838 1179 3922 quonism
1195 3856 1279 3924 pars
1293 3837 1404 3907 nostri
1427 3839 1596 3925 episcopii
1618 3840 1737 3924 plures
1759 3839 1865 3906 habet
1888 3856 1943 3907 res
1965 3857 2027 3924 per
2051 3838 2198 3908 diversis
2220 3838 2304 3907 locis

454 3986 549 4054 culta
571 3987 606 4052 et
628 3985 771 4056 inculta.
790 3988 989 4072 congruum
1012 3988 1119 4055 michi
1142 3988 1267 4067 fuerat,
1293 3989 1350 4057 ubi
1374 3989 1587 4075 potuerimus
1609 3989 1653 4057 de
1675 3991 1754 4075 ipsa
1775 4008 1831 4058 res
1853 3989 1949 4070 dare,
1966 3992 2001 4060 ei
2022 3967 2163 4076 accepto
2184 3988 2308 4059 exinde

453 4136 617 4220 pretium,
636 4135 728 4206 unde
743 4139 906 4206 ecclesias
922 4141 1128 4219 laboremus,
1147 4141 1264 4225 quein
1286 4142 1387 4223 ruine
1409 4142 1521 4227 posite
1542 4145 1634 4222 sunt,
1652 4145 1687 4212 et
1710 4143 1799 4211 alias
1821 4145 1938 4228 plures
1962 4141 2127 4210 utilitates
2142 4142 2309 4227 perlicere

454 4287 642 4365 valeamus,
661 4308 727 4373 que
750 4288 850 4358 nobis
872 4293 908 4358 et
921 4293 1033 4360 nostri
1057 4291 1224 4376 episcopii
1241 4292 1441 4360 necessaria
1462 4294 1555 4360 sunt.
1574 4295 1618 4361 lit
1639 4292 1721 4362 dum
1745 4295 1863 4378 piures
1886 4292 2006 4361 diebus
2029 4311 2132 4361 causa
2153 4293 2222 4362 ista
2242 4294 2309 4360 huc
2404 4363 2407 4366 .

454 4443 489 4506 et
504 4440 587 4506 illuc
602 4438 861 4524 divulgavimus
884 4443 919 4509 et
941 4441 1126 4534 divulgqre
1141 4441 1296 4521 fecimus,
1307 4418 1377 4510 „sed
1392 4461 1462 4512 non
1480 4444 1638 4513 invenire
1653 4445 1874 4530 potuivimus,
1894 4445 1953 4532 qui
1968 4445 2095 4514 exinde
2108 4446 2230 4515 tollere
2252 4462 2310 4511 vo·

454 4591 528 4657 lere
544 4589 587 4656 ad
605 4591 694 4658 iusto
709 4594 871 4675 pretium.
892 4585 1084 4664 Nobissime
1100 4597 1269 4664 venerunt
1282 4594 1324 4661 ad
1340 4615 1405 4664 nos
1420 4599 1554 4666 omines
1570 4599 1787 4669 atrianenses
1803 4602 1873 4666 tam
1901 4615 1966 4683 pro
1992 4617 2040 4678 se,
2066 4617 2167 4683 quam
2190 4602 2225 4666 et
2246 4615 2310 4684 pro

459 4743 727 4750 .--—-—--—.—-—
739 4746 887 4754 -—-—

512 4832 536 4904 ⁴)
552 4831 644 4890 liuius
660 4832 845 4891 instrumenti
861 4835 1037 4926 venditionis
1051 4836 1196 4910 originale
1210 4837 1284 4894 forte
1298 4851 1450 4894 corrosum
1465 4837 1566 4895 Petrus
1580 4836 1678 4896 Abbas
1693 4839 1832 4896 (lanensis
1846 4837 2013 4896 Monasterii
2023 4829 2106 4894 ‘anno
2122 4837 2196 4894 1102
2211 4845 2309 4895 osten-

455 4955 497 5010 dit
511 4953 600 5010 iudici
613 4953 780 5022 Ademario,
797 4955 848 5029 qui
862 4957 892 5012 in
907 4973 960 5014 suo
975 4959 1145 5016 authentico
1161 4957 1357 5017 instrumento
1371 4960 1508 5035 religiose
1522 4961 1729 5035 transcriptum
1742 4960 1870 5034 reliquit,
1887 4961 2012 5034 qualiter
2025 4977 2043 5018 a
2056 4960 2142 5018 nobis
2162 4960 2238 5034 typis
2257 4959 2308 5018 de·

453 5079 619 5136 mandatur.
637 5079 865 5138 instrumentum
879 5079 953 5138 Petri
969 5082 1009 5138 ita
1022 5083 1137 5157 incipit:

512 5198 534 5276 †
548 5203 580 5260 in
594 5203 717 5260 nomine
732 5203 844 5262 domini
858 5205 905 5262 dei
921 5206 1016 5263 eterni
1030 5214 1060 5263 et
1073 5206 1228 5264 salvatoris
1242 5207 1334 5265 nostri
1349 5207 1434 5264 ihesu
1448 5208 1526 5264 cristi
1537 5224 1616 5265 anuo
1630 5208 1665 5264 ab
1681 5205 1881 5264 incarnatione
1896 5205 1960 5262 ains
1974 5205 2133 5263 millesimo
2146 5205 2309 5263 cerrtesimo

457 5328 630 5411 usecundo,
645 5328 827 5401 temporibus
847 5327 949 5386 domni
962 5329 1056 5387 nostri
1068 5329 1176 5404 rogerii
1197 5328 1317 5404 gloriosi
1339 5329 1433 5402 ducis,
1448 5346 1551 5388 manse
1572 5337 1696 5406 anqusto
1717 5328 1831 5386 decima
1850 5327 2022 5386 indictione.
2038 5329 2109 5387 Ante
2129 5344 2177 5386 me
2191 5327 2306 5384 adema·

456 5467 469 5508 u
486 5451 562 5507 rium
576 5451 702 5510 iudicem
718 5453 862 5512 iohannes
876 5457 1039 5512 monachus
1052 5457 1224 5514 monasterii
1238 5465 1338 5516 sancte
1353 5465 1382 5514 et
1397 5457 1546 5515 individue
1560 5455 1709 5527 trinitatis,
1723 5455 1800 5530 quod
1815 5455 1902 5511 situm
1917 5463 1963 5510 est
1982 5453 2054 5510 ioris
2068 5454 2146 5512 hanc
2160 5453 2310 5511 civitatem

456 5593 469 5635 tt
487 5577 516 5633 in
532 5555 773 5649 ioco¹rnetiiiuno‚
790 5580 837 5637 cni
851 5580 977 5638 domnus
988 5590 1087 5654 petrus
1102 5582 1228 5640 eximius
1243 5584 1333 5640 abbas
1347 5591 1454 5659 preest,
1472 5583 1600 5641 ostendit
1620 5599 1709 5640 unam
1730 5583 1871 5639 cartulam
1893 5583 1933 5638 ita
1946 5581 2158 5639 continentem.
2174 5599 2187 5640 n
2204 5581 2306 5654 Sequi·
2383 5571 2386 5575 ’

452 5711 499 5760 tur
514 5711 647 5778 utsupra
661 5703 898 5760 instrumentum.

510 5828 533 5900 ²)
547 5827 731 5886 desideratur
744 5827 832 5886 huius
846 5827 976 5904 episcopi
990 5847 1099 5890 nomen
1113 5831 1143 5887 in
1158 5830 1332 5906 Ugheiiiana
1345 5833 1419 5892 serie
1433 5834 1644 5908 Episcoporuru
1659 5832 1806 5890 Ecclesiae
1820 5831 1991 5890 Poestnnne.
