<?xml version="1.0" encoding="UTF-8"?>
<!DOCTYPE html PUBLIC "-//W3C//DTD XHTML 1.0 Transitional//EN"
    "http://www.w3.org/TR/xhtml1/DTD/xhtml1-transitional.dtd">
<html xmlns="http://www.w3.org/1999/xhtml" xml:lang="en" lang="en">
 <head>
  <title>
</title>
<meta http-equiv="Content-Type" content="text/html;charset=utf-8" />
  <meta name='ocr-system' content='tesseract 3.04.00' />
  <meta name='ocr-capabilities' content='ocr_page ocr_carea ocr_par ocr_line ocrx_word'/>
</head>
<body>
  <div class='ocr_page' id='page_1' title='image "./codexdiplomatic07aragoog_0350.png"; bbox 0 0 5252 7102; ppageno 0'>
   <div class='ocr_carea' id='block_1_1' title="bbox 1063 568 2121 657">
    <p class='ocr_par' dir='ltr' id='par_1_1' title="bbox 1063 568 2121 657">
     <span class='ocr_line' id='line_1_1' title="bbox 1063 568 2121 657; baseline -0.005 -17"><span class='ocrx_word' id='word_1_1' title='bbox 1063 568 1432 644; x_wconf 72' lang='lat' dir='ltr'><strong>uranonsrruus</strong></span> <span class='ocrx_word' id='word_1_2' title='bbox 1994 592 2002 606; x_wconf 95' lang='lat'><strong>·</strong></span> <span class='ocrx_word' id='word_1_3' title='bbox 2063 595 2121 657; x_wconf 75' lang='lat' dir='ltr'><strong>sn</strong></span> 
     </span>
    </p>
   </div>
   <div class='ocr_carea' id='block_1_2' title="bbox 283 807 2238 5170">
    <p class='ocr_par' dir='ltr' id='par_1_2' title="bbox 283 807 2238 5170">
     <span class='ocr_line' id='line_1_2' title="bbox 314 807 2174 892; baseline 0.002 -5"><span class='ocrx_word' id='word_1_4' title='bbox 314 816 446 887; x_wconf 81' lang='lat' dir='ltr'><strong>exinde</strong></span> <span class='ocrx_word' id='word_1_5' title='bbox 470 815 602 884; x_wconf 76' lang='lat' dir='ltr'><strong>restitit</strong></span> <span class='ocrx_word' id='word_1_6' title='bbox 623 816 685 883; x_wconf 91' lang='lat' dir='ltr'><strong>aut</strong></span> <span class='ocrx_word' id='word_1_7' title='bbox 707 809 853 881; x_wconf 82' lang='lat' dir='ltr'><strong>dicimus</strong></span> <span class='ocrx_word' id='word_1_8' title='bbox 876 829 1057 882; x_wconf 88' lang='lat' dir='ltr'><strong>remanere</strong></span> <span class='ocrx_word' id='word_1_9' title='bbox 1080 807 1291 892; x_wconf 87' lang='lat' dir='ltr'><strong>sortionem,</strong></span> <span class='ocrx_word' id='word_1_10' title='bbox 1318 813 1369 882; x_wconf 91' lang='lat' dir='ltr'><strong>set</strong></span> <span class='ocrx_word' id='word_1_11' title='bbox 1395 815 1505 882; x_wconf 92' lang='lat' dir='ltr'><strong>totum</strong></span> <span class='ocrx_word' id='word_1_12' title='bbox 1533 817 1568 882; x_wconf 93' lang='lat' dir='ltr'><strong>et</strong></span> <span class='ocrx_word' id='word_1_13' title='bbox 1591 816 1747 885; x_wconf 92' lang='lat' dir='ltr'><strong>inclitum</strong></span> <span class='ocrx_word' id='word_1_14' title='bbox 1773 836 1849 886; x_wconf 94' lang='lat' dir='ltr'><strong>cum</strong></span> <span class='ocrx_word' id='word_1_15' title='bbox 1877 821 1995 889; x_wconf 92' lang='lat' dir='ltr'><strong>omnia</strong></span> <span class='ocrx_word' id='word_1_16' title='bbox 2021 823 2114 891; x_wconf 87' lang='lat' dir='ltr'><strong>inira</strong></span> <span class='ocrx_word' id='word_1_17' title='bbox 2135 841 2174 892; x_wconf 90' lang='lat' dir='ltr'><strong>se</strong></span> 
     </span>
     <span class='ocr_line' id='line_1_3' title="bbox 313 943 2173 1061; baseline 0.004 -25"><span class='ocrx_word' id='word_1_18' title='bbox 313 969 524 1037; x_wconf 78' lang='lat' dir='ltr'><strong>habentibus</strong></span> <span class='ocrx_word' id='word_1_19' title='bbox 546 970 583 1037; x_wconf 90' lang='lat' dir='ltr'><strong>et</strong></span> <span class='ocrx_word' id='word_1_20' title='bbox 604 967 677 1037; x_wconf 91' lang='lat' dir='ltr'><strong>suis</strong></span> <span class='ocrx_word' id='word_1_21' title='bbox 699 943 921 1054; x_wconf 87' lang='lat' dir='ltr'><strong>pertinentiis</strong></span> <span class='ocrx_word' id='word_1_22' title='bbox 944 967 1078 1035; x_wconf 90' lang='lat' dir='ltr'><strong>etcum</strong></span> <span class='ocrx_word' id='word_1_23' title='bbox 1101 963 1176 1035; x_wconf 91' lang='lat' dir='ltr'><strong>bice</strong></span> <span class='ocrx_word' id='word_1_24' title='bbox 1198 964 1242 1033; x_wconf 88' lang='lat' dir='ltr'><strong>de</strong></span> <span class='ocrx_word' id='word_1_25' title='bbox 1264 965 1330 1034; x_wconf 86' lang='lat' dir='ltr'><strong>viis</strong></span> <span class='ocrx_word' id='word_1_26' title='bbox 1353 967 1425 1035; x_wconf 87' lang='lat' dir='ltr'><strong>suis</strong></span> <span class='ocrx_word' id='word_1_27' title='bbox 1447 967 1526 1036; x_wconf 92' lang='lat' dir='ltr'><strong>illut</strong></span> <span class='ocrx_word' id='word_1_28' title='bbox 1549 969 1613 1036; x_wconf 91' lang='lat' dir='ltr'><strong>tibi</strong></span> <span class='ocrx_word' id='word_1_29' title='bbox 1637 970 1791 1040; x_wconf 88' lang='lat' dir='ltr'><strong>iamdicti</strong></span> <span class='ocrx_word' id='word_1_30' title='bbox 1815 971 1934 1046; x_wconf 90' lang='lat' dir='ltr'><strong>domni</strong></span> <span class='ocrx_word' id='word_1_31' title='bbox 1961 975 2077 1043; x_wconf 91' lang='lat' dir='ltr'><strong>abbati</strong></span> <span class='ocrx_word' id='word_1_32' title='bbox 2107 993 2173 1061; x_wconf 88' lang='lat' dir='ltr'><strong>pro</strong></span> 
     </span>
     <span class='ocr_line' id='line_1_4' title="bbox 313 1117 2231 1218; baseline 0.004 -30"><span class='ocrx_word' id='word_1_33' title='bbox 313 1139 402 1207; x_wconf 91' lang='lat' dir='ltr'><strong>pars</strong></span> <span class='ocrx_word' id='word_1_34' title='bbox 425 1119 536 1206; x_wconf 90' lang='lat' dir='ltr'><strong>ipsius</strong></span> <span class='ocrx_word' id='word_1_35' title='bbox 558 1119 762 1188; x_wconf 90' lang='lat' dir='ltr'><strong>monasterii</strong></span> <span class='ocrx_word' id='word_1_36' title='bbox 786 1118 1025 1189; x_wconf 87' lang='lat' dir='ltr'><strong>vicariationis</strong></span> <span class='ocrx_word' id='word_1_37' title='bbox 1047 1117 1170 1186; x_wconf 85' lang='lat' dir='ltr'><strong>ordine</strong></span> <span class='ocrx_word' id='word_1_38' title='bbox 1191 1117 1417 1186; x_wconf 86' lang='lat' dir='ltr'><strong>tradidimus:</strong></span> <span class='ocrx_word' id='word_1_39' title='bbox 1442 1121 1576 1188; x_wconf 89' lang='lat' dir='ltr'><strong>tantum</strong></span> <span class='ocrx_word' id='word_1_40' title='bbox 1601 1124 1853 1209; x_wconf 87' lang='lat' dir='ltr'><strong>sceptuavimus</strong></span> <span class='ocrx_word' id='word_1_41' title='bbox 1876 1126 1967 1212; x_wconf 91' lang='lat' dir='ltr'><strong>quod</strong></span> <span class='ocrx_word' id='word_1_42' title='bbox 1985 1126 2028 1194; x_wconf 90' lang='lat' dir='ltr'><strong>ad</strong></span> <span class='ocrx_word' id='word_1_43' title='bbox 2050 1129 2174 1198; x_wconf 79' lang='lat' dir='ltr'><strong>nostra</strong></span> <span class='ocrx_word' id='word_1_44' title='bbox 2226 1213 2231 1218; x_wconf 26' lang='grc' dir='ltr'>Ι</span> 
     </span>
     <span class='ocr_line' id='line_1_5' title="bbox 312 1271 2171 1362; baseline 0.004 -21"><span class='ocrx_word' id='word_1_45' title='bbox 312 1275 485 1360; x_wconf 79' lang='lat' dir='ltr'><strong>potestate</strong></span> <span class='ocrx_word' id='word_1_46' title='bbox 507 1273 762 1342; x_wconf 79' lang='lat' dir='ltr'><strong>reservabimus</strong></span> <span class='ocrx_word' id='word_1_47' title='bbox 783 1274 872 1354; x_wconf 84' lang='lat' dir='ltr'><strong>vice,</strong></span> <span class='ocrx_word' id='word_1_48' title='bbox 898 1271 989 1358; x_wconf 92' lang='lat' dir='ltr'><strong>quod</strong></span> <span class='ocrx_word' id='word_1_49' title='bbox 1012 1273 1180 1340; x_wconf 88' lang='lat' dir='ltr'><strong>habemus</strong></span> <span class='ocrx_word' id='word_1_50' title='bbox 1202 1272 1241 1338; x_wconf 92' lang='lat' dir='ltr'><strong>in</strong></span> <span class='ocrx_word' id='word_1_51' title='bbox 1264 1273 1409 1340; x_wconf 91' lang='lat' dir='ltr'><strong>ecclesia</strong></span> <span class='ocrx_word' id='word_1_52' title='bbox 1435 1274 1546 1340; x_wconf 89' lang='lat' dir='ltr'><strong>sancti</strong></span> <span class='ocrx_word' id='word_1_53' title='bbox 1572 1275 1663 1360; x_wconf 90' lang='lat' dir='ltr'><strong>petri</strong></span> <span class='ocrx_word' id='word_1_54' title='bbox 1690 1275 1734 1344; x_wconf 91' lang='lat' dir='ltr'><strong>de</strong></span> <span class='ocrx_word' id='word_1_55' title='bbox 1759 1276 1879 1346; x_wconf 91' lang='lat' dir='ltr'><strong>eodem</strong></span> <span class='ocrx_word' id='word_1_56' title='bbox 1913 1281 1988 1348; x_wconf 89' lang='lat' dir='ltr'><strong>loco</strong></span> <span class='ocrx_word' id='word_1_57' title='bbox 2010 1280 2171 1362; x_wconf 86' lang='lat' dir='ltr'><strong>cetaria,</strong></span> 
     </span>
     <span class='ocr_line' id='line_1_6' title="bbox 315 1415 2176 1510; baseline 0.003 -18"><span class='ocrx_word' id='word_1_58' title='bbox 315 1425 408 1492; x_wconf 88' lang='lat' dir='ltr'><strong>sicut</strong></span> <span class='ocrx_word' id='word_1_59' title='bbox 431 1426 553 1492; x_wconf 92' lang='lat' dir='ltr'><strong>nostra</strong></span> <span class='ocrx_word' id='word_1_60' title='bbox 576 1425 610 1492; x_wconf 89' lang='lat' dir='ltr'><strong>et</strong></span> <span class='ocrx_word' id='word_1_61' title='bbox 633 1425 752 1492; x_wconf 85' lang='lat' dir='ltr'><strong>vestra</strong></span> <span class='ocrx_word' id='word_1_62' title='bbox 774 1415 933 1492; x_wconf 88' lang='lat' dir='ltr'><strong>continet</strong></span> <span class='ocrx_word' id='word_1_63' title='bbox 952 1422 1120 1510; x_wconf 83' lang='lat' dir='ltr'><strong>scripti03</strong></span> <span class='ocrx_word' id='word_1_64' title='bbox 1145 1441 1228 1490; x_wconf 93' lang='lat' dir='ltr'><strong>nam</strong></span> <span class='ocrx_word' id='word_1_65' title='bbox 1253 1421 1329 1508; x_wconf 91' lang='lat' dir='ltr'><strong>ipso</strong></span> <span class='ocrx_word' id='word_1_66' title='bbox 1352 1423 1444 1503; x_wconf 91' lang='lat' dir='ltr'><strong>alio,</strong></span> <span class='ocrx_word' id='word_1_67' title='bbox 1470 1423 1557 1492; x_wconf 90' lang='lat' dir='ltr'><strong>sicut</strong></span> <span class='ocrx_word' id='word_1_68' title='bbox 1586 1425 1763 1502; x_wconf 88' lang='lat' dir='ltr'><strong>diximus,</strong></span> <span class='ocrx_word' id='word_1_69' title='bbox 1787 1428 1945 1497; x_wconf 90' lang='lat' dir='ltr'><strong>inclitum</strong></span> <span class='ocrx_word' id='word_1_70' title='bbox 1973 1430 2052 1498; x_wconf 93' lang='lat' dir='ltr'><strong>illut</strong></span> <span class='ocrx_word' id='word_1_71' title='bbox 2075 1430 2176 1498; x_wconf 90' lang='lat' dir='ltr'><strong>vobis</strong></span> 
     </span>
     <span class='ocr_line' id='line_1_7' title="bbox 320 1573 2177 1666; baseline 0.003 -22"><span class='ocrx_word' id='word_1_72' title='bbox 320 1575 563 1645; x_wconf 84' lang='lat' dir='ltr'><strong>vicariationis</strong></span> <span class='ocrx_word' id='word_1_73' title='bbox 587 1575 712 1644; x_wconf 91' lang='lat' dir='ltr'><strong>ordine</strong></span> <span class='ocrx_word' id='word_1_74' title='bbox 733 1576 943 1645; x_wconf 86' lang='lat' dir='ltr'><strong>tradidimus</strong></span> <span class='ocrx_word' id='word_1_75' title='bbox 966 1575 1011 1644; x_wconf 93' lang='lat' dir='ltr'><strong>ad</strong></span> <span class='ocrx_word' id='word_1_76' title='bbox 1035 1575 1204 1644; x_wconf 87' lang='lat' dir='ltr'><strong>securiter</strong></span> <span class='ocrx_word' id='word_1_77' title='bbox 1227 1579 1262 1642; x_wconf 91' lang='lat' dir='ltr'><strong>et</strong></span> <span class='ocrx_word' id='word_1_78' title='bbox 1283 1573 1431 1645; x_wconf 89' lang='lat' dir='ltr'><strong>firmiter</strong></span> <span class='ocrx_word' id='word_1_79' title='bbox 1455 1575 1578 1644; x_wconf 90' lang='lat' dir='ltr'><strong>amodo</strong></span> <span class='ocrx_word' id='word_1_80' title='bbox 1601 1581 1636 1647; x_wconf 91' lang='lat' dir='ltr'><strong>et</strong></span> <span class='ocrx_word' id='word_1_81' title='bbox 1658 1597 1797 1666; x_wconf 87' lang='lat' dir='ltr'><strong>semper</strong></span> <span class='ocrx_word' id='word_1_82' title='bbox 1819 1598 1901 1666; x_wconf 87' lang='lat' dir='ltr'><strong>pars</strong></span> <span class='ocrx_word' id='word_1_83' title='bbox 1924 1581 2034 1666; x_wconf 89' lang='lat' dir='ltr'><strong>ipsius</strong></span> <span class='ocrx_word' id='word_1_84' title='bbox 2058 1599 2177 1650; x_wconf 91' lang='lat' dir='ltr'><strong>mona·</strong></span> 
     </span>
     <span class='ocr_line' id='line_1_8' title="bbox 316 1725 2177 1813; baseline 0.003 -17"><span class='ocrx_word' id='word_1_85' title='bbox 316 1727 404 1796; x_wconf 89' lang='lat' dir='ltr'><strong>steri</strong></span> <span class='ocrx_word' id='word_1_86' title='bbox 426 1728 568 1813; x_wconf 89' lang='lat' dir='ltr'><strong>eiusque</strong></span> <span class='ocrx_word' id='word_1_87' title='bbox 589 1728 742 1796; x_wconf 90' lang='lat' dir='ltr'><strong>rectores</strong></span> <span class='ocrx_word' id='word_1_88' title='bbox 758 1728 837 1796; x_wconf 91' lang='lat' dir='ltr'><strong>illut</strong></span> <span class='ocrx_word' id='word_1_89' title='bbox 858 1726 1068 1808; x_wconf 89' lang='lat' dir='ltr'><strong>babendum,</strong></span> <span class='ocrx_word' id='word_1_90' title='bbox 1086 1725 1350 1808; x_wconf 91' lang='lat' dir='ltr'><strong>dominandum,</strong></span> <span class='ocrx_word' id='word_1_91' title='bbox 1369 1726 1623 1812; x_wconf 89' lang='lat' dir='ltr'><strong>possidendum,</strong></span> <span class='ocrx_word' id='word_1_92' title='bbox 1642 1733 1678 1798; x_wconf 92' lang='lat' dir='ltr'><strong>et</strong></span> <span class='ocrx_word' id='word_1_93' title='bbox 1693 1731 1812 1800; x_wconf 89' lang='lat' dir='ltr'><strong>omnia</strong></span> <span class='ocrx_word' id='word_1_94' title='bbox 1833 1732 1960 1801; x_wconf 88' lang='lat' dir='ltr'><strong>exinde</strong></span> <span class='ocrx_word' id='word_1_95' title='bbox 1983 1733 2177 1802; x_wconf 82' lang='lat' dir='ltr'><strong>faciendum</strong></span> 
     </span>
     <span class='ocr_line' id='line_1_9' title="bbox 315 1837 2178 1972; baseline 0.003 -23"><span class='ocrx_word' id='word_1_96' title='bbox 315 1863 407 1968; x_wconf 68' lang='lat' dir='ltr'><strong>orrod</strong></span> <span class='ocrx_word' id='word_1_97' title='bbox 425 1901 507 1968; x_wconf 93' lang='lat' dir='ltr'><strong>pars</strong></span> <span class='ocrx_word' id='word_1_98' title='bbox 522 1879 632 1968; x_wconf 91' lang='lat' dir='ltr'><strong>ipsius</strong></span> <span class='ocrx_word' id='word_1_99' title='bbox 655 1837 856 1949; x_wconf 89' lang='lat' dir='ltr'><strong>monasterii</strong></span> <span class='ocrx_word' id='word_1_100' title='bbox 874 1882 1022 1950; x_wconf 86' lang='lat' dir='ltr'><strong>voluerit</strong></span> <span class='ocrx_word' id='word_1_101' title='bbox 1037 1881 1113 1949; x_wconf 91' lang='lat' dir='ltr'><strong>sine</strong></span> <span class='ocrx_word' id='word_1_102' title='bbox 1136 1880 1320 1948; x_wconf 87' lang='lat' dir='ltr'><strong>cuiuslibet</strong></span> <span class='ocrx_word' id='word_1_103' title='bbox 1334 1881 1579 1950; x_wconf 81' lang='lat' dir='ltr'><strong>contrarietate</strong></span> <span class='ocrx_word' id='word_1_104' title='bbox 1595 1885 1650 1951; x_wconf 88' lang='lat' dir='ltr'><strong>vel</strong></span> <span class='ocrx_word' id='word_1_105' title='bbox 1666 1884 1902 1970; x_wconf 88' lang='lat' dir='ltr'><strong>requisitione.</strong></span> <span class='ocrx_word' id='word_1_106' title='bbox 1919 1889 1954 1955; x_wconf 92' lang='lat' dir='ltr'><strong>et</strong></span> <span class='ocrx_word' id='word_1_107' title='bbox 1971 1905 2035 1972; x_wconf 94' lang='lat' dir='ltr'><strong>pro</strong></span> <span class='ocrx_word' id='word_1_108' title='bbox 2052 1887 2178 1955; x_wconf 90' lang='lat' dir='ltr'><strong>confir·</strong></span> 
     </span>
     <span class='ocr_line' id='line_1_10' title="bbox 317 1983 2179 2125; baseline 0.003 -23"><span class='ocrx_word' id='word_1_109' title='bbox 317 2033 483 2103; x_wconf 91' lang='lat' dir='ltr'><strong>mandam</strong></span> <span class='ocrx_word' id='word_1_110' title='bbox 507 2037 543 2103; x_wconf 93' lang='lat' dir='ltr'><strong>et</strong></span> <span class='ocrx_word' id='word_1_111' title='bbox 564 2034 847 2105; x_wconf 90' lang='lat' dir='ltr'><strong>stabiliscendam</strong></span> <span class='ocrx_word' id='word_1_112' title='bbox 863 2052 930 2102; x_wconf 91' lang='lat' dir='ltr'><strong>anc</strong></span> <span class='ocrx_word' id='word_1_113' title='bbox 946 2037 1067 2102; x_wconf 90' lang='lat' dir='ltr'><strong>nostra</strong></span> <span class='ocrx_word' id='word_1_114' title='bbox 1082 2034 1316 2114; x_wconf 87' lang='lat' dir='ltr'><strong>commutatio,</strong></span> <span class='ocrx_word' id='word_1_115' title='bbox 1335 2034 1428 2102; x_wconf 89' lang='lat' dir='ltr'><strong>iusta</strong></span> <span class='ocrx_word' id='word_1_116' title='bbox 1442 2035 1651 2103; x_wconf 91' lang='lat' dir='ltr'><strong>consuetudo</strong></span> <span class='ocrx_word' id='word_1_117' title='bbox 1667 1983 1785 2105; x_wconf 79' lang='lat' dir='ltr'><strong>nostra</strong></span> <span class='ocrx_word' id='word_1_118' title='bbox 1798 2055 2033 2119; x_wconf 88' lang='lat' dir='ltr'><strong>romanorum,</strong></span> <span class='ocrx_word' id='word_1_119' title='bbox 2047 2040 2179 2125; x_wconf 90' lang='lat' dir='ltr'><strong>recepi·</strong></span> 
     </span>
     <span class='ocr_line' id='line_1_11' title="bbox 316 2187 2178 2274; baseline 0.003 -19"><span class='ocrx_word' id='word_1_120' title='bbox 316 2207 397 2256; x_wconf 91' lang='lat' dir='ltr'><strong>mus</strong></span> <span class='ocrx_word' id='word_1_121' title='bbox 419 2207 441 2256; x_wconf 92' lang='lat' dir='ltr'><strong>a</strong></span> <span class='ocrx_word' id='word_1_122' title='bbox 461 2191 497 2256; x_wconf 92' lang='lat' dir='ltr'><strong>te</strong></span> <span class='ocrx_word' id='word_1_123' title='bbox 519 2188 701 2260; x_wconf 89' lang='lat' dir='ltr'><strong>iamdictus</strong></span> <span class='ocrx_word' id='word_1_124' title='bbox 722 2187 867 2256; x_wconf 91' lang='lat' dir='ltr'><strong>domnus</strong></span> <span class='ocrx_word' id='word_1_125' title='bbox 890 2189 997 2256; x_wconf 89' lang='lat' dir='ltr'><strong>abbas</strong></span> <span class='ocrx_word' id='word_1_126' title='bbox 1019 2189 1114 2257; x_wconf 88' lang='lat' dir='ltr'><strong>terra</strong></span> <span class='ocrx_word' id='word_1_127' title='bbox 1137 2206 1214 2254; x_wconf 89' lang='lat' dir='ltr'><strong>cum</strong></span> <span class='ocrx_word' id='word_1_128' title='bbox 1229 2187 1333 2255; x_wconf 93' lang='lat' dir='ltr'><strong>binea</strong></span> <span class='ocrx_word' id='word_1_129' title='bbox 1348 2187 1437 2273; x_wconf 91' lang='lat' dir='ltr'><strong>quod</strong></span> <span class='ocrx_word' id='word_1_130' title='bbox 1461 2207 1546 2274; x_wconf 88' lang='lat' dir='ltr'><strong>pars</strong></span> <span class='ocrx_word' id='word_1_131' title='bbox 1562 2189 1670 2258; x_wconf 83' lang='lat' dir='ltr'><strong>uestri</strong></span> <span class='ocrx_word' id='word_1_132' title='bbox 1684 2193 1874 2260; x_wconf 88' lang='lat' dir='ltr'><strong>monasteri</strong></span> <span class='ocrx_word' id='word_1_133' title='bbox 1889 2193 1993 2261; x_wconf 89' lang='lat' dir='ltr'><strong>habet</strong></span> <span class='ocrx_word' id='word_1_134' title='bbox 2012 2193 2050 2260; x_wconf 91' lang='lat' dir='ltr'><strong>in</strong></span> <span class='ocrx_word' id='word_1_135' title='bbox 2064 2196 2178 2262; x_wconf 91' lang='lat' dir='ltr'><strong>locum</strong></span> 
     </span>
     <span class='ocr_line' id='line_1_12' title="bbox 317 2341 2238 2449; baseline 0.003 -39"><span class='ocrx_word' id='word_1_136' title='bbox 317 2341 440 2422; x_wconf 85' lang='lat' dir='ltr'><strong>boteri,</strong></span> <span class='ocrx_word' id='word_1_137' title='bbox 459 2341 519 2408; x_wconf 93' lang='lat' dir='ltr'><strong>ubi</strong></span> <span class='ocrx_word' id='word_1_138' title='bbox 535 2343 679 2412; x_wconf 85' lang='lat' dir='ltr'><strong>scrolele</strong></span> <span class='ocrx_word' id='word_1_139' title='bbox 694 2341 819 2410; x_wconf 89' lang='lat' dir='ltr'><strong>dicitur</strong></span> <span class='ocrx_word' id='word_1_140' title='bbox 834 2341 961 2410; x_wconf 88' lang='lat' dir='ltr'><strong>finibus</strong></span> <span class='ocrx_word' id='word_1_141' title='bbox 977 2341 1212 2420; x_wconf 87' lang='lat' dir='ltr'><strong>salernitanis,</strong></span> <span class='ocrx_word' id='word_1_142' title='bbox 1230 2359 1307 2407; x_wconf 90' lang='lat' dir='ltr'><strong>cum</strong></span> <span class='ocrx_word' id='word_1_143' title='bbox 1331 2359 1507 2409; x_wconf 89' lang='lat' dir='ltr'><strong>cammara</strong></span> <span class='ocrx_word' id='word_1_144' title='bbox 1523 2343 1652 2410; x_wconf 80' lang='lat' dir='ltr'><strong>trabita</strong></span> <span class='ocrx_word' id='word_1_145' title='bbox 1673 2345 1709 2410; x_wconf 91' lang='lat' dir='ltr'><strong>et</strong></span> <span class='ocrx_word' id='word_1_146' title='bbox 1731 2345 1907 2430; x_wconf 90' lang='lat' dir='ltr'><strong>palmenta</strong></span> <span class='ocrx_word' id='word_1_147' title='bbox 1921 2345 1992 2413; x_wconf 92' lang='lat' dir='ltr'><strong>dua</strong></span> <span class='ocrx_word' id='word_1_148' title='bbox 2014 2348 2179 2416; x_wconf 88' lang='lat' dir='ltr'><strong>habentes</strong></span> <span class='ocrx_word' id='word_1_149' title='bbox 2233 2421 2238 2449; x_wconf 23' lang='grc' dir='ltr'><em>Ι</em></span> 
     </span>
     <span class='ocr_line' id='line_1_13' title="bbox 315 2463 2175 2584; baseline 0.003 -22"><span class='ocrx_word' id='word_1_150' title='bbox 315 2494 399 2563; x_wconf 84' lang='lat' dir='ltr'><strong>finis</strong></span> <span class='ocrx_word' id='word_1_151' title='bbox 422 2497 457 2563; x_wconf 89' lang='lat' dir='ltr'><strong>et</strong></span> <span class='ocrx_word' id='word_1_152' title='bbox 479 2497 656 2564; x_wconf 89' lang='lat' dir='ltr'><strong>mensuria</strong></span> <span class='ocrx_word' id='word_1_153' title='bbox 677 2495 754 2582; x_wconf 89' lang='lat' dir='ltr'><strong>ipsa</strong></span> <span class='ocrx_word' id='word_1_154' title='bbox 776 2498 892 2566; x_wconf 85' lang='lat' dir='ltr'><strong>restra</strong></span> <span class='ocrx_word' id='word_1_155' title='bbox 915 2463 1123 2564; x_wconf 87' lang='lat' dir='ltr'><strong>tradictione</strong></span> <span class='ocrx_word' id='word_1_156' title='bbox 1138 2516 1146 2560; x_wconf 95' lang='lat'><strong>:</strong></span> <span class='ocrx_word' id='word_1_157' title='bbox 1172 2495 1333 2580; x_wconf 90' lang='lat' dir='ltr'><strong>desuper</strong></span> <span class='ocrx_word' id='word_1_158' title='bbox 1348 2496 1464 2580; x_wconf 89' lang='lat' dir='ltr'><strong>capite</strong></span> <span class='ocrx_word' id='word_1_159' title='bbox 1480 2496 1549 2564; x_wconf 87' lang='lat' dir='ltr'><strong>flne</strong></span> <span class='ocrx_word' id='word_1_160' title='bbox 1564 2514 1665 2564; x_wconf 88' lang='lat' dir='ltr'><strong>muro</strong></span> <span class='ocrx_word' id='word_1_161' title='bbox 1679 2497 1723 2566; x_wconf 89' lang='lat' dir='ltr'><strong>de</strong></span> <span class='ocrx_word' id='word_1_162' title='bbox 1738 2499 1882 2566; x_wconf 86' lang='lat' dir='ltr'><strong>castello</strong></span> <span class='ocrx_word' id='word_1_163' title='bbox 1896 2499 1956 2584; x_wconf 90' lang='lat' dir='ltr'><strong>qui</strong></span> <span class='ocrx_word' id='word_1_164' title='bbox 1970 2499 2175 2584; x_wconf 88' lang='lat' dir='ltr'><strong>aliquotiens</strong></span> 
     </span>
     <span class='ocr_line' id='line_1_14' title="bbox 317 2647 2178 2735; baseline 0.002 -20"><span class='ocrx_word' id='word_1_165' title='bbox 317 2647 447 2718; x_wconf 87' lang='lat' dir='ltr'><strong>ibidem</strong></span> <span class='ocrx_word' id='word_1_166' title='bbox 459 2647 535 2728; x_wconf 83' lang='lat' dir='ltr'><strong>tuit,</strong></span> <span class='ocrx_word' id='word_1_167' title='bbox 546 2650 625 2718; x_wconf 90' lang='lat' dir='ltr'><strong>sunt</strong></span> <span class='ocrx_word' id='word_1_168' title='bbox 636 2647 718 2716; x_wconf 92' lang='lat' dir='ltr'><strong>inde</strong></span> <span class='ocrx_word' id='word_1_169' title='bbox 729 2647 774 2716; x_wconf 92' lang='lat' dir='ltr'><strong>da</strong></span> <span class='ocrx_word' id='word_1_170' title='bbox 785 2649 855 2716; x_wconf 84' lang='lat' dir='ltr'><strong>fine</strong></span> <span class='ocrx_word' id='word_1_171' title='bbox 867 2647 1082 2717; x_wconf 88' lang='lat' dir='ltr'><strong>constantini</strong></span> <span class='ocrx_word' id='word_1_172' title='bbox 1099 2648 1285 2716; x_wconf 88' lang='lat' dir='ltr'><strong>ioncatella</strong></span> <span class='ocrx_word' id='word_1_173' title='bbox 1297 2649 1331 2714; x_wconf 89' lang='lat' dir='ltr'><strong>et</strong></span> <span class='ocrx_word' id='word_1_174' title='bbox 1343 2665 1450 2733; x_wconf 90' lang='lat' dir='ltr'><strong>usque</strong></span> <span class='ocrx_word' id='word_1_175' title='bbox 1463 2647 1506 2716; x_wconf 91' lang='lat' dir='ltr'><strong>ad</strong></span> <span class='ocrx_word' id='word_1_176' title='bbox 1519 2649 1588 2717; x_wconf 87' lang='lat' dir='ltr'><strong>fine</strong></span> <span class='ocrx_word' id='word_1_177' title='bbox 1599 2650 1743 2718; x_wconf 87' lang='lat' dir='ltr'><strong>ecclesie</strong></span> <span class='ocrx_word' id='word_1_178' title='bbox 1755 2650 1866 2718; x_wconf 91' lang='lat' dir='ltr'><strong>sancti</strong></span> <span class='ocrx_word' id='word_1_179' title='bbox 1879 2651 1970 2735; x_wconf 88' lang='lat' dir='ltr'><strong>petri</strong></span> <span class='ocrx_word' id='word_1_180' title='bbox 1983 2651 2178 2734; x_wconf 88' lang='lat' dir='ltr'><strong>passostri·</strong></span> 
     </span>
     <span class='ocr_line' id='line_1_15' title="bbox 317 2799 2192 2888; baseline 0.001 -19"><span class='ocrx_word' id='word_1_181' title='bbox 317 2801 421 2888; x_wconf 86' lang='lat' dir='ltr'><strong>ginta</strong></span> <span class='ocrx_word' id='word_1_182' title='bbox 430 2803 502 2870; x_wconf 91' lang='lat' dir='ltr'><strong>tres</strong></span> <span class='ocrx_word' id='word_1_183' title='bbox 514 2803 549 2869; x_wconf 91' lang='lat' dir='ltr'><strong>et</strong></span> <span class='ocrx_word' id='word_1_184' title='bbox 560 2800 725 2880; x_wconf 91' lang='lat' dir='ltr'><strong>medium,</strong></span> <span class='ocrx_word' id='word_1_185' title='bbox 736 2802 770 2868; x_wconf 91' lang='lat' dir='ltr'><strong>et</strong></span> <span class='ocrx_word' id='word_1_186' title='bbox 780 2801 826 2868; x_wconf 93' lang='lat' dir='ltr'><strong>da</strong></span> <span class='ocrx_word' id='word_1_187' title='bbox 837 2800 919 2869; x_wconf 92' lang='lat' dir='ltr'><strong>inde</strong></span> <span class='ocrx_word' id='word_1_188' title='bbox 929 2801 1154 2870; x_wconf 84' lang='lat' dir='ltr'><strong>descendente</strong></span> <span class='ocrx_word' id='word_1_189' title='bbox 1166 2818 1275 2886; x_wconf 90' lang='lat' dir='ltr'><strong>usque</strong></span> <span class='ocrx_word' id='word_1_190' title='bbox 1287 2799 1324 2866; x_wconf 92' lang='lat' dir='ltr'><strong>in</strong></span> <span class='ocrx_word' id='word_1_191' title='bbox 1336 2818 1446 2868; x_wconf 88' lang='lat' dir='ltr'><strong>mare:</strong></span> <span class='ocrx_word' id='word_1_192' title='bbox 1461 2817 1578 2886; x_wconf 91' lang='lat' dir='ltr'><strong>apars</strong></span> <span class='ocrx_word' id='word_1_193' title='bbox 1589 2801 1882 2886; x_wconf 89' lang='lat' dir='ltr'><strong>septemtrionalis</strong></span> <span class='ocrx_word' id='word_1_194' title='bbox 1893 2801 1964 2869; x_wconf 83' lang='lat' dir='ltr'><strong>fine</strong></span> <span class='ocrx_word' id='word_1_195' title='bbox 1976 2800 2085 2888; x_wconf 89' lang='lat' dir='ltr'><strong>ipsius</strong></span> <span class='ocrx_word' id='word_1_196' title='bbox 2097 2811 2192 2870; x_wconf 88' lang='lat' dir='ltr'><strong>con-&#39;</strong></span> 
     </span>
     <span class='ocr_line' id='line_1_16' title="bbox 283 2921 2180 3040; baseline -0.002 -17"><span class='ocrx_word' id='word_1_197' title='bbox 283 3025 287 3030; x_wconf 76' lang='grc'>,</span> <span class='ocrx_word' id='word_1_198' title='bbox 317 2954 479 3033; x_wconf 90' lang='lat' dir='ltr'><strong>stantini,</strong></span> <span class='ocrx_word' id='word_1_199' title='bbox 493 2953 583 3020; x_wconf 89' lang='lat' dir='ltr'><strong>sicut</strong></span> <span class='ocrx_word' id='word_1_200' title='bbox 594 2921 734 3021; x_wconf 86' lang='lat' dir='ltr'><strong>termini</strong></span> <span class='ocrx_word' id='word_1_201' title='bbox 749 2952 930 3030; x_wconf 86' lang='lat' dir='ltr'><strong>discernit,</strong></span> <span class='ocrx_word' id='word_1_202' title='bbox 947 2956 983 3022; x_wconf 90' lang='lat' dir='ltr'><strong>et</strong></span> <span class='ocrx_word' id='word_1_203' title='bbox 999 2971 1062 3038; x_wconf 91' lang='lat' dir='ltr'><strong>per</strong></span> <span class='ocrx_word' id='word_1_204' title='bbox 1086 2953 1163 3040; x_wconf 91' lang='lat' dir='ltr'><strong>ipsa</strong></span> <span class='ocrx_word' id='word_1_205' title='bbox 1185 2952 1255 3020; x_wconf 85' lang='lat' dir='ltr'><strong>tine</strong></span> <span class='ocrx_word' id='word_1_206' title='bbox 1277 2955 1446 3038; x_wconf 87' lang='lat' dir='ltr'><strong>pergente</strong></span> <span class='ocrx_word' id='word_1_207' title='bbox 1461 2969 1568 3038; x_wconf 90' lang='lat' dir='ltr'><strong>usque</strong></span> <span class='ocrx_word' id='word_1_208' title='bbox 1591 2952 1628 3020; x_wconf 92' lang='lat' dir='ltr'><strong>in</strong></span> <span class='ocrx_word' id='word_1_209' title='bbox 1643 2952 1731 3038; x_wconf 89' lang='lat' dir='ltr'><strong>pede</strong></span> <span class='ocrx_word' id='word_1_210' title='bbox 1754 2955 1789 3023; x_wconf 89' lang='lat' dir='ltr'><strong>et</strong></span> <span class='ocrx_word' id='word_1_211' title='bbox 1810 2954 2006 3023; x_wconf 89' lang='lat' dir='ltr'><strong>revolbente</strong></span> <span class='ocrx_word' id='word_1_212' title='bbox 2029 2971 2093 3038; x_wconf 91' lang='lat' dir='ltr'><strong>per</strong></span> <span class='ocrx_word' id='word_1_213' title='bbox 2108 2953 2180 3021; x_wconf 89' lang='lat' dir='ltr'><strong>fine</strong></span> 
     </span>
     <span class='ocr_line' id='line_1_17' title="bbox 317 3101 2179 3198; baseline -0.001 -26"><span class='ocrx_word' id='word_1_214' title='bbox 317 3105 429 3192; x_wconf 89' lang='lat' dir='ltr'><strong>ipsius</strong></span> <span class='ocrx_word' id='word_1_215' title='bbox 452 3105 665 3174; x_wconf 88' lang='lat' dir='ltr'><strong>constantini</strong></span> <span class='ocrx_word' id='word_1_216' title='bbox 678 3106 861 3176; x_wconf 84' lang='lat' dir='ltr'><strong>etrectum</strong></span> <span class='ocrx_word' id='word_1_217' title='bbox 876 3103 1015 3198; x_wconf 84' lang='lat' dir='ltr'><strong>exiente</strong></span> <span class='ocrx_word' id='word_1_218' title='bbox 1031 3104 1069 3170; x_wconf 90' lang='lat' dir='ltr'><strong>in</strong></span> <span class='ocrx_word' id='word_1_219' title='bbox 1083 3103 1153 3171; x_wconf 85' lang='lat' dir='ltr'><strong>fine</strong></span> <span class='ocrx_word' id='word_1_220' title='bbox 1167 3102 1310 3171; x_wconf 88' lang='lat' dir='ltr'><strong>ecclesie</strong></span> <span class='ocrx_word' id='word_1_221' title='bbox 1325 3102 1436 3170; x_wconf 88' lang='lat' dir='ltr'><strong>sancti</strong></span> <span class='ocrx_word' id='word_1_222' title='bbox 1453 3102 1578 3182; x_wconf 85' lang='lat' dir='ltr'><strong>cesari,</strong></span> <span class='ocrx_word' id='word_1_223' title='bbox 1597 3104 1633 3170; x_wconf 88' lang='lat' dir='ltr'><strong>et</strong></span> <span class='ocrx_word' id='word_1_224' title='bbox 1647 3104 1729 3170; x_wconf 90' lang='lat' dir='ltr'><strong>sunt</strong></span> <span class='ocrx_word' id='word_1_225' title='bbox 1745 3121 1808 3188; x_wconf 90' lang='lat' dir='ltr'><strong>per</strong></span> <span class='ocrx_word' id='word_1_226' title='bbox 1824 3101 1890 3170; x_wconf 86' lang='lat' dir='ltr'><strong>ista</strong></span> <span class='ocrx_word' id='word_1_227' title='bbox 1904 3103 1992 3171; x_wconf 87' lang='lat' dir='ltr'><strong>fines</strong></span> <span class='ocrx_word' id='word_1_228' title='bbox 2007 3103 2103 3188; x_wconf 87' lang='lat' dir='ltr'><strong>passi</strong></span> <span class='ocrx_word' id='word_1_229' title='bbox 2125 3120 2179 3171; x_wconf 90' lang='lat' dir='ltr'><strong>se·</strong></span> 
     </span>
     <span class='ocr_line' id='line_1_18' title="bbox 319 3251 2179 3350; baseline 0.001 -28"><span class='ocrx_word' id='word_1_230' title='bbox 319 3257 519 3342; x_wconf 85' lang='lat' dir='ltr'><strong>ptuaginta,</strong></span> <span class='ocrx_word' id='word_1_231' title='bbox 538 3258 573 3324; x_wconf 87' lang='lat' dir='ltr'><strong>et</strong></span> <span class='ocrx_word' id='word_1_232' title='bbox 587 3254 631 3322; x_wconf 90' lang='lat' dir='ltr'><strong>da</strong></span> <span class='ocrx_word' id='word_1_233' title='bbox 643 3253 723 3324; x_wconf 88' lang='lat' dir='ltr'><strong>inde</strong></span> <span class='ocrx_word' id='word_1_234' title='bbox 733 3254 780 3322; x_wconf 91' lang='lat' dir='ltr'><strong>da</strong></span> <span class='ocrx_word' id='word_1_235' title='bbox 791 3273 861 3322; x_wconf 93' lang='lat' dir='ltr'><strong>uno</strong></span> <span class='ocrx_word' id='word_1_236' title='bbox 876 3253 1026 3322; x_wconf 90' lang='lat' dir='ltr'><strong>termine</strong></span> <span class='ocrx_word' id='word_1_237' title='bbox 1041 3252 1131 3338; x_wconf 91' lang='lat' dir='ltr'><strong>quod</strong></span> <span class='ocrx_word' id='word_1_238' title='bbox 1147 3251 1272 3321; x_wconf 91' lang='lat' dir='ltr'><strong>ibidem</strong></span> <span class='ocrx_word' id='word_1_239' title='bbox 1289 3253 1443 3332; x_wconf 84' lang='lat' dir='ltr'><strong>fiximus,</strong></span> <span class='ocrx_word' id='word_1_240' title='bbox 1461 3254 1594 3319; x_wconf 89' lang='lat' dir='ltr'><strong>rectum</strong></span> <span class='ocrx_word' id='word_1_241' title='bbox 1609 3251 1836 3322; x_wconf 87' lang='lat' dir='ltr'><strong>descendente</strong></span> <span class='ocrx_word' id='word_1_242' title='bbox 1851 3272 1957 3340; x_wconf 90' lang='lat' dir='ltr'><strong>usque</strong></span> <span class='ocrx_word' id='word_1_243' title='bbox 1969 3272 2067 3350; x_wconf 76' lang='lat' dir='ltr'><strong>mare</strong></span> <span class='ocrx_word' id='word_1_244' title='bbox 2080 3257 2117 3330; x_wconf 86' lang='lat' dir='ltr'><strong>et</strong></span> <span class='ocrx_word' id='word_1_245' title='bbox 2126 3258 2179 3323; x_wconf 91' lang='lat' dir='ltr'><strong>est</strong></span> 
     </span>
     <span class='ocr_line' id='line_1_19' title="bbox 317 3403 2179 3496; baseline -0.002 -18"><span class='ocrx_word' id='word_1_246' title='bbox 317 3427 382 3496; x_wconf 89' lang='lat' dir='ltr'><strong>per</strong></span> <span class='ocrx_word' id='word_1_247' title='bbox 405 3407 584 3478; x_wconf 86' lang='lat' dir='ltr'><strong>mensoria</strong></span> <span class='ocrx_word' id='word_1_248' title='bbox 606 3405 651 3474; x_wconf 89' lang='lat' dir='ltr'><strong>de</strong></span> <span class='ocrx_word' id='word_1_249' title='bbox 665 3409 787 3492; x_wconf 90' lang='lat' dir='ltr'><strong>suptus</strong></span> <span class='ocrx_word' id='word_1_250' title='bbox 802 3425 865 3492; x_wconf 91' lang='lat' dir='ltr'><strong>per</strong></span> <span class='ocrx_word' id='word_1_251' title='bbox 879 3405 967 3474; x_wconf 81' lang='lat' dir='ltr'><strong>facie</strong></span> <span class='ocrx_word' id='word_1_252' title='bbox 981 3405 1024 3474; x_wconf 93' lang='lat' dir='ltr'><strong>de</strong></span> <span class='ocrx_word' id='word_1_253' title='bbox 1039 3406 1117 3492; x_wconf 88' lang='lat' dir='ltr'><strong>ipsa</strong></span> <span class='ocrx_word' id='word_1_254' title='bbox 1132 3422 1311 3472; x_wconf 90' lang='lat' dir='ltr'><strong>cammara</strong></span> <span class='ocrx_word' id='word_1_255' title='bbox 1326 3421 1446 3490; x_wconf 85' lang='lat' dir='ltr'><strong>passos</strong></span> <span class='ocrx_word' id='word_1_256' title='bbox 1458 3403 1586 3489; x_wconf 87' lang='lat' dir='ltr'><strong>viginti</strong></span> <span class='ocrx_word' id='word_1_257' title='bbox 1602 3406 1673 3472; x_wconf 90' lang='lat' dir='ltr'><strong>tres</strong></span> <span class='ocrx_word' id='word_1_258' title='bbox 1689 3405 1723 3473; x_wconf 94' lang='lat' dir='ltr'><strong>et</strong></span> <span class='ocrx_word' id='word_1_259' title='bbox 1738 3404 1859 3490; x_wconf 86' lang='lat' dir='ltr'><strong>gubito</strong></span> <span class='ocrx_word' id='word_1_260' title='bbox 1871 3422 1952 3473; x_wconf 88' lang='lat' dir='ltr'><strong>uno:</strong></span> <span class='ocrx_word' id='word_1_261' title='bbox 1970 3404 2012 3474; x_wconf 89' lang='lat' dir='ltr'><strong>de</strong></span> <span class='ocrx_word' id='word_1_262' title='bbox 2027 3409 2129 3492; x_wconf 89' lang='lat' dir='ltr'><strong>supto</strong></span> <span class='ocrx_word' id='word_1_263' title='bbox 2141 3407 2179 3475; x_wconf 93' lang='lat' dir='ltr'><strong>in</strong></span> 
     </span>
     <span class='ocr_line' id='line_1_20' title="bbox 317 3515 2179 3648; baseline -0.005 -17"><span class='ocrx_word' id='word_1_264' title='bbox 317 3561 406 3648; x_wconf 88' lang='lat' dir='ltr'><strong>pede</strong></span> <span class='ocrx_word' id='word_1_265' title='bbox 422 3562 493 3630; x_wconf 87' lang='lat' dir='ltr'><strong>fine</strong></span> <span class='ocrx_word' id='word_1_266' title='bbox 508 3557 619 3647; x_wconf 90' lang='lat' dir='ltr'><strong>ipsius</strong></span> <span class='ocrx_word' id='word_1_267' title='bbox 633 3559 845 3628; x_wconf 88' lang='lat' dir='ltr'><strong>constantini</strong></span> <span class='ocrx_word' id='word_1_268' title='bbox 861 3557 1008 3627; x_wconf 90' lang='lat' dir='ltr'><strong>latitudo</strong></span> <span class='ocrx_word' id='word_1_269' title='bbox 1023 3575 1043 3624; x_wconf 95' lang='lat' dir='ltr'><strong>a</strong></span> <span class='ocrx_word' id='word_1_270' title='bbox 1058 3558 1129 3625; x_wconf 87' lang='lat' dir='ltr'><strong>fine</strong></span> <span class='ocrx_word' id='word_1_271' title='bbox 1144 3557 1254 3642; x_wconf 92' lang='lat' dir='ltr'><strong>ipsius</strong></span> <span class='ocrx_word' id='word_1_272' title='bbox 1270 3558 1379 3628; x_wconf 89' lang='lat' dir='ltr'><strong>sancti</strong></span> <span class='ocrx_word' id='word_1_273' title='bbox 1392 3555 1481 3641; x_wconf 90' lang='lat' dir='ltr'><strong>petri</strong></span> <span class='ocrx_word' id='word_1_274' title='bbox 1499 3574 1606 3641; x_wconf 90' lang='lat' dir='ltr'><strong>usque</strong></span> <span class='ocrx_word' id='word_1_275' title='bbox 1622 3554 1665 3623; x_wconf 89' lang='lat' dir='ltr'><strong>ad</strong></span> <span class='ocrx_word' id='word_1_276' title='bbox 1678 3556 1747 3623; x_wconf 86' lang='lat' dir='ltr'><strong>fine</strong></span> <span class='ocrx_word' id='word_1_277' title='bbox 1762 3515 1952 3642; x_wconf 87' lang='lat' dir='ltr'><strong>supradicti</strong></span> <span class='ocrx_word' id='word_1_278' title='bbox 1966 3555 2179 3624; x_wconf 89' lang='lat' dir='ltr'><strong>constantini</strong></span> 
     </span>
     <span class='ocr_line' id='line_1_21' title="bbox 318 3707 2180 3800; baseline -0.004 -18"><span class='ocrx_word' id='word_1_279' title='bbox 318 3731 440 3800; x_wconf 90' lang='lat' dir='ltr'><strong>passos</strong></span> <span class='ocrx_word' id='word_1_280' title='bbox 455 3711 606 3798; x_wconf 82' lang='lat' dir='ltr'><strong>triginta</strong></span> <span class='ocrx_word' id='word_1_281' title='bbox 621 3715 709 3790; x_wconf 91' lang='lat' dir='ltr'><strong>octo,</strong></span> <span class='ocrx_word' id='word_1_282' title='bbox 727 3716 761 3779; x_wconf 92' lang='lat' dir='ltr'><strong>et</strong></span> <span class='ocrx_word' id='word_1_283' title='bbox 776 3709 838 3778; x_wconf 89' lang='lat' dir='ltr'><strong>sub</strong></span> <span class='ocrx_word' id='word_1_284' title='bbox 855 3709 932 3794; x_wconf 90' lang='lat' dir='ltr'><strong>ipsa</strong></span> <span class='ocrx_word' id='word_1_285' title='bbox 947 3710 1016 3776; x_wconf 87' lang='lat' dir='ltr'><strong>fine</strong></span> <span class='ocrx_word' id='word_1_286' title='bbox 1032 3709 1143 3794; x_wconf 90' lang='lat' dir='ltr'><strong>ipsius</strong></span> <span class='ocrx_word' id='word_1_287' title='bbox 1159 3709 1372 3777; x_wconf 91' lang='lat' dir='ltr'><strong>constantini</strong></span> <span class='ocrx_word' id='word_1_288' title='bbox 1387 3708 1534 3776; x_wconf 91' lang='lat' dir='ltr'><strong>latitudo</strong></span> <span class='ocrx_word' id='word_1_289' title='bbox 1551 3709 1655 3775; x_wconf 87' lang='lat' dir='ltr'><strong>atine</strong></span> <span class='ocrx_word' id='word_1_290' title='bbox 1670 3708 1781 3777; x_wconf 88' lang='lat' dir='ltr'><strong>sancti</strong></span> <span class='ocrx_word' id='word_1_291' title='bbox 1797 3708 1896 3793; x_wconf 83' lang='lat' dir='ltr'><strong>petri.</strong></span> <span class='ocrx_word' id='word_1_292' title='bbox 1913 3725 2022 3793; x_wconf 89' lang='lat' dir='ltr'><strong>usque</strong></span> <span class='ocrx_word' id='word_1_293' title='bbox 2044 3707 2087 3774; x_wconf 93' lang='lat' dir='ltr'><strong>ad</strong></span> <span class='ocrx_word' id='word_1_294' title='bbox 2110 3707 2180 3774; x_wconf 86' lang='lat' dir='ltr'><strong>fine</strong></span> 
     </span>
     <span class='ocr_line' id='line_1_22' title="bbox 319 3856 2179 3950; baseline -0.006 -14"><span class='ocrx_word' id='word_1_295' title='bbox 319 3867 430 3936; x_wconf 90' lang='lat' dir='ltr'><strong>sancti</strong></span> <span class='ocrx_word' id='word_1_296' title='bbox 455 3863 567 3934; x_wconf 88' lang='lat' dir='ltr'><strong>cesari</strong></span> <span class='ocrx_word' id='word_1_297' title='bbox 584 3864 678 3950; x_wconf 90' lang='lat' dir='ltr'><strong>passi</strong></span> <span class='ocrx_word' id='word_1_298' title='bbox 695 3861 928 3949; x_wconf 85' lang='lat' dir='ltr'><strong>quadraginta</strong></span> <span class='ocrx_word' id='word_1_299' title='bbox 942 3862 1074 3946; x_wconf 87' lang='lat' dir='ltr'><strong>septem</strong></span> <span class='ocrx_word' id='word_1_300' title='bbox 1090 3863 1125 3927; x_wconf 95' lang='lat' dir='ltr'><strong>et</strong></span> <span class='ocrx_word' id='word_1_301' title='bbox 1139 3859 1304 3940; x_wconf 88' lang='lat' dir='ltr'><strong>medium,</strong></span> <span class='ocrx_word' id='word_1_302' title='bbox 1321 3863 1356 3929; x_wconf 89' lang='lat' dir='ltr'><strong>et</strong></span> <span class='ocrx_word' id='word_1_303' title='bbox 1369 3859 1415 3927; x_wconf 91' lang='lat' dir='ltr'><strong>da</strong></span> <span class='ocrx_word' id='word_1_304' title='bbox 1431 3858 1507 3944; x_wconf 88' lang='lat' dir='ltr'><strong>ipsa</strong></span> <span class='ocrx_word' id='word_1_305' title='bbox 1521 3859 1602 3944; x_wconf 90' lang='lat' dir='ltr'><strong>ripa</strong></span> <span class='ocrx_word' id='word_1_306' title='bbox 1618 3857 1661 3926; x_wconf 92' lang='lat' dir='ltr'><strong>de</strong></span> <span class='ocrx_word' id='word_1_307' title='bbox 1675 3859 1821 3932; x_wconf 85' lang='lat' dir='ltr'><strong>scrosole</strong></span> <span class='ocrx_word' id='word_1_308' title='bbox 1837 3856 1875 3926; x_wconf 94' lang='lat' dir='ltr'><strong>in</strong></span> <span class='ocrx_word' id='word_1_309' title='bbox 1889 3876 1972 3926; x_wconf 91' lang='lat' dir='ltr'><strong>susu</strong></span> <span class='ocrx_word' id='word_1_310' title='bbox 1995 3857 2179 3944; x_wconf 86' lang='lat' dir='ltr'><strong>longitudo</strong></span> 
     </span>
     <span class='ocr_line' id='line_1_23' title="bbox 321 4006 2179 4104; baseline -0.005 -19"><span class='ocrx_word' id='word_1_311' title='bbox 321 4018 417 4104; x_wconf 86' lang='lat' dir='ltr'><strong>passi</strong></span> <span class='ocrx_word' id='word_1_312' title='bbox 440 4016 678 4103; x_wconf 82' lang='lat' dir='ltr'><strong>quadraginta</strong></span> <span class='ocrx_word' id='word_1_313' title='bbox 692 4019 775 4093; x_wconf 78' lang='lat' dir='ltr'><strong>tres,</strong></span> <span class='ocrx_word' id='word_1_314' title='bbox 791 4017 826 4084; x_wconf 92' lang='lat' dir='ltr'><strong>et</strong></span> <span class='ocrx_word' id='word_1_315' title='bbox 841 4012 876 4078; x_wconf 92' lang='lat' dir='ltr'><strong>in</strong></span> <span class='ocrx_word' id='word_1_316' title='bbox 893 4011 959 4099; x_wconf 92' lang='lat' dir='ltr'><strong>ipsi</strong></span> <span class='ocrx_word' id='word_1_317' title='bbox 976 4011 1212 4098; x_wconf 83' lang='lat' dir='ltr'><strong>quadraginta</strong></span> <span class='ocrx_word' id='word_1_318' title='bbox 1227 4011 1339 4078; x_wconf 88' lang='lat' dir='ltr'><strong>tribus</strong></span> <span class='ocrx_word' id='word_1_319' title='bbox 1354 4010 1448 4094; x_wconf 89' lang='lat' dir='ltr'><strong>passi</strong></span> <span class='ocrx_word' id='word_1_320' title='bbox 1462 4013 1515 4078; x_wconf 90' lang='lat' dir='ltr'><strong>est</strong></span> <span class='ocrx_word' id='word_1_321' title='bbox 1530 4027 1592 4094; x_wconf 91' lang='lat' dir='ltr'><strong>per</strong></span> <span class='ocrx_word' id='word_1_322' title='bbox 1607 4006 1783 4076; x_wconf 82' lang='lat' dir='ltr'><strong>mensuris</strong></span> <span class='ocrx_word' id='word_1_323' title='bbox 1806 4008 1849 4074; x_wconf 93' lang='lat' dir='ltr'><strong>de</strong></span> <span class='ocrx_word' id='word_1_324' title='bbox 1872 4006 2056 4076; x_wconf 92' lang='lat' dir='ltr'><strong>latitudine</strong></span> <span class='ocrx_word' id='word_1_325' title='bbox 2071 4027 2093 4075; x_wconf 91' lang='lat' dir='ltr'><strong>a</strong></span> <span class='ocrx_word' id='word_1_326' title='bbox 2108 4009 2179 4076; x_wconf 90' lang='lat' dir='ltr'><strong>flne</strong></span> 
     </span>
     <span class='ocr_line' id='line_1_24' title="bbox 319 4158 2177 4256; baseline -0.007 -19"><span class='ocrx_word' id='word_1_327' title='bbox 319 4171 431 4256; x_wconf 90' lang='lat' dir='ltr'><strong>ipsius</strong></span> <span class='ocrx_word' id='word_1_328' title='bbox 453 4169 563 4238; x_wconf 89' lang='lat' dir='ltr'><strong>sancti</strong></span> <span class='ocrx_word' id='word_1_329' title='bbox 580 4166 672 4254; x_wconf 87' lang='lat' dir='ltr'><strong>petri</strong></span> <span class='ocrx_word' id='word_1_330' title='bbox 688 4165 852 4251; x_wconf 89' lang='lat' dir='ltr'><strong>usquead</strong></span> <span class='ocrx_word' id='word_1_331' title='bbox 870 4167 938 4234; x_wconf 87' lang='lat' dir='ltr'><strong>fine</strong></span> <span class='ocrx_word' id='word_1_332' title='bbox 956 4165 1068 4234; x_wconf 89' lang='lat' dir='ltr'><strong>sancti</strong></span> <span class='ocrx_word' id='word_1_333' title='bbox 1085 4163 1210 4233; x_wconf 89' lang='lat' dir='ltr'><strong>cesarii</strong></span> <span class='ocrx_word' id='word_1_334' title='bbox 1226 4163 1320 4248; x_wconf 89' lang='lat' dir='ltr'><strong>passi</strong></span> <span class='ocrx_word' id='word_1_335' title='bbox 1335 4161 1485 4246; x_wconf 83' lang='lat' dir='ltr'><strong>triginta</strong></span> <span class='ocrx_word' id='word_1_336' title='bbox 1498 4163 1581 4238; x_wconf 90' lang='lat' dir='ltr'><strong>tres,</strong></span> <span class='ocrx_word' id='word_1_337' title='bbox 1600 4160 1706 4227; x_wconf 91' lang='lat' dir='ltr'><strong>totum</strong></span> <span class='ocrx_word' id='word_1_338' title='bbox 1731 4158 1775 4227; x_wconf 87' lang='lat' dir='ltr'><strong>ad</strong></span> <span class='ocrx_word' id='word_1_339' title='bbox 1791 4159 1882 4227; x_wconf 92' lang='lat' dir='ltr'><strong>iusto</strong></span> <span class='ocrx_word' id='word_1_340' title='bbox 1897 4177 2046 4244; x_wconf 88' lang='lat' dir='ltr'><strong>passum.</strong></span> <span class='ocrx_word' id='word_1_341' title='bbox 2067 4177 2125 4228; x_wconf 90' lang='lat' dir='ltr'><strong>seu</strong></span> <span class='ocrx_word' id='word_1_342' title='bbox 2143 4163 2177 4228; x_wconf 87' lang='lat' dir='ltr'><strong>et</strong></span> 
     </span>
     <span class='ocr_line' id='line_1_25' title="bbox 319 4309 2176 4408; baseline -0.009 -15"><span class='ocrx_word' id='word_1_343' title='bbox 319 4325 545 4393; x_wconf 89' lang='lat' dir='ltr'><strong>adiunximus</strong></span> <span class='ocrx_word' id='word_1_344' title='bbox 560 4322 670 4408; x_wconf 88' lang='lat' dir='ltr'><strong>ipsius</strong></span> <span class='ocrx_word' id='word_1_345' title='bbox 686 4320 803 4389; x_wconf 93' lang='lat' dir='ltr'><strong>domni</strong></span> <span class='ocrx_word' id='word_1_346' title='bbox 817 4321 935 4388; x_wconf 91' lang='lat' dir='ltr'><strong>abbati</strong></span> <span class='ocrx_word' id='word_1_347' title='bbox 950 4336 1015 4404; x_wconf 91' lang='lat' dir='ltr'><strong>pro</strong></span> <span class='ocrx_word' id='word_1_348' title='bbox 1030 4337 1114 4404; x_wconf 90' lang='lat' dir='ltr'><strong>pars</strong></span> <span class='ocrx_word' id='word_1_349' title='bbox 1129 4317 1240 4402; x_wconf 90' lang='lat' dir='ltr'><strong>ipsius</strong></span> <span class='ocrx_word' id='word_1_350' title='bbox 1255 4314 1458 4383; x_wconf 90' lang='lat' dir='ltr'><strong>monasterii</strong></span> <span class='ocrx_word' id='word_1_351' title='bbox 1476 4313 1594 4384; x_wconf 90' lang='lat' dir='ltr'><strong>decem</strong></span> <span class='ocrx_word' id='word_1_352' title='bbox 1610 4314 1684 4382; x_wconf 92' lang='lat' dir='ltr'><strong>auri</strong></span> <span class='ocrx_word' id='word_1_353' title='bbox 1700 4312 1828 4381; x_wconf 90' lang='lat' dir='ltr'><strong>solidos</strong></span> <span class='ocrx_word' id='word_1_354' title='bbox 1843 4311 1970 4380; x_wconf 84' lang='lat' dir='ltr'><strong>dotari</strong></span> <span class='ocrx_word' id='word_1_355' title='bbox 1987 4329 2056 4378; x_wconf 87' lang='lat' dir='ltr'><strong>ana</strong></span> <span class='ocrx_word' id='word_1_356' title='bbox 2067 4309 2176 4396; x_wconf 84' lang='lat' dir='ltr'><strong>quad·</strong></span> 
     </span>
     <span class='ocr_line' id='line_1_26' title="bbox 318 4429 2178 4563; baseline -0.009 -17"><span class='ocrx_word' id='word_1_357' title='bbox 318 4481 398 4546; x_wconf 94' lang='lat' dir='ltr'><strong>tuor</strong></span> <span class='ocrx_word' id='word_1_358' title='bbox 421 4477 491 4545; x_wconf 91' lang='lat' dir='ltr'><strong>tari</strong></span> <span class='ocrx_word' id='word_1_359' title='bbox 506 4495 570 4563; x_wconf 92' lang='lat' dir='ltr'><strong>per</strong></span> <span class='ocrx_word' id='word_1_360' title='bbox 588 4475 747 4550; x_wconf 88' lang='lat' dir='ltr'><strong>solidum,</strong></span> <span class='ocrx_word' id='word_1_361' title='bbox 765 4473 855 4543; x_wconf 93' lang='lat' dir='ltr'><strong>sicut</strong></span> <span class='ocrx_word' id='word_1_362' title='bbox 870 4429 959 4540; x_wconf 84' lang='lat' dir='ltr'><strong>inter</strong></span> <span class='ocrx_word' id='word_1_363' title='bbox 975 4491 1039 4539; x_wconf 90' lang='lat' dir='ltr'><strong>nos</strong></span> <span class='ocrx_word' id='word_1_364' title='bbox 1053 4471 1225 4538; x_wconf 91' lang='lat' dir='ltr'><strong>combenit</strong></span> <span class='ocrx_word' id='word_1_365' title='bbox 1239 4469 1277 4535; x_wconf 89' lang='lat' dir='ltr'><strong>in</strong></span> <span class='ocrx_word' id='word_1_366' title='bbox 1292 4469 1405 4534; x_wconf 93' lang='lat' dir='ltr'><strong>omnis</strong></span> <span class='ocrx_word' id='word_1_367' title='bbox 1420 4466 1637 4534; x_wconf 90' lang='lat' dir='ltr'><strong>liberatione.</strong></span> <span class='ocrx_word' id='word_1_368' title='bbox 1655 4465 1823 4550; x_wconf 86' lang='lat' dir='ltr'><strong>finitoque</strong></span> <span class='ocrx_word' id='word_1_369' title='bbox 1836 4463 1967 4532; x_wconf 85' lang='lat' dir='ltr'><strong>vicaria</strong></span> <span class='ocrx_word' id='word_1_370' title='bbox 1989 4464 2068 4549; x_wconf 90' lang='lat' dir='ltr'><strong>ipsa</strong></span> <span class='ocrx_word' id='word_1_371' title='bbox 2091 4465 2178 4549; x_wconf 91' lang='lat' dir='ltr'><strong>aput</strong></span> 
     </span>
     <span class='ocr_line' id='line_1_27' title="bbox 318 4613 2179 4714; baseline -0.009 -16"><span class='ocrx_word' id='word_1_372' title='bbox 318 4649 384 4699; x_wconf 92' lang='lat' dir='ltr'><strong>nos</strong></span> <span class='ocrx_word' id='word_1_373' title='bbox 400 4647 442 4698; x_wconf 90' lang='lat' dir='ltr'><strong>ea</strong></span> <span class='ocrx_word' id='word_1_374' title='bbox 457 4628 604 4706; x_wconf 91' lang='lat' dir='ltr'><strong>ratione,</strong></span> <span class='ocrx_word' id='word_1_375' title='bbox 622 4645 686 4714; x_wconf 89' lang='lat' dir='ltr'><strong>per</strong></span> <span class='ocrx_word' id='word_1_376' title='bbox 702 4643 792 4694; x_wconf 92' lang='lat' dir='ltr'><strong>vona</strong></span> <span class='ocrx_word' id='word_1_377' title='bbox 806 4622 1055 4692; x_wconf 88' lang='lat' dir='ltr'><strong>combenientia</strong></span> <span class='ocrx_word' id='word_1_378' title='bbox 1071 4622 1188 4706; x_wconf 86' lang='lat' dir='ltr'><strong>obligo</strong></span> <span class='ocrx_word' id='word_1_379' title='bbox 1205 4638 1260 4687; x_wconf 90' lang='lat' dir='ltr'><strong>mc</strong></span> <span class='ocrx_word' id='word_1_380' title='bbox 1272 4619 1331 4705; x_wconf 92' lang='lat' dir='ltr'><strong>qui</strong></span> <span class='ocrx_word' id='word_1_381' title='bbox 1345 4636 1452 4703; x_wconf 92' lang='lat' dir='ltr'><strong>supra</strong></span> <span class='ocrx_word' id='word_1_382' title='bbox 1467 4615 1623 4685; x_wconf 89' lang='lat' dir='ltr'><strong>marinus</strong></span> <span class='ocrx_word' id='word_1_383' title='bbox 1636 4617 1670 4684; x_wconf 92' lang='lat' dir='ltr'><strong>et</strong></span> <span class='ocrx_word' id='word_1_384' title='bbox 1681 4615 1768 4684; x_wconf 86' lang='lat' dir='ltr'><strong>meis</strong></span> <span class='ocrx_word' id='word_1_385' title='bbox 1780 4615 1862 4683; x_wconf 83' lang='lat' dir='ltr'><strong>filiis</strong></span> <span class='ocrx_word' id='word_1_386' title='bbox 1876 4618 1911 4683; x_wconf 91' lang='lat' dir='ltr'><strong>et</strong></span> <span class='ocrx_word' id='word_1_387' title='bbox 1926 4613 2072 4682; x_wconf 87' lang='lat' dir='ltr'><strong>heredes</strong></span> <span class='ocrx_word' id='word_1_388' title='bbox 2084 4631 2179 4682; x_wconf 88' lang='lat' dir='ltr'><strong>amo·</strong></span> 
     </span>
     <span class='ocr_line' id='line_1_28' title="bbox 317 4745 2180 4876; baseline -0.009 -28"><span class='ocrx_word' id='word_1_389' title='bbox 317 4781 363 4850; x_wconf 92' lang='lat' dir='ltr'><strong>do</strong></span> <span class='ocrx_word' id='word_1_390' title='bbox 377 4783 411 4850; x_wconf 92' lang='lat' dir='ltr'><strong>et</strong></span> <span class='ocrx_word' id='word_1_391' title='bbox 426 4797 562 4866; x_wconf 90' lang='lat' dir='ltr'><strong>semper</strong></span> <span class='ocrx_word' id='word_1_392' title='bbox 578 4776 814 4847; x_wconf 90' lang='lat' dir='ltr'><strong>antistandum</strong></span> <span class='ocrx_word' id='word_1_393' title='bbox 827 4779 861 4844; x_wconf 91' lang='lat' dir='ltr'><strong>et</strong></span> <span class='ocrx_word' id='word_1_394' title='bbox 872 4745 1118 4844; x_wconf 83' lang='lat' dir='ltr'><strong>defensandum</strong></span> <span class='ocrx_word' id='word_1_395' title='bbox 1135 4771 1172 4838; x_wconf 94' lang='lat' dir='ltr'><strong>in</strong></span> <span class='ocrx_word' id='word_1_396' title='bbox 1189 4788 1273 4858; x_wconf 88' lang='lat' dir='ltr'><strong>pars</strong></span> <span class='ocrx_word' id='word_1_397' title='bbox 1288 4765 1481 4854; x_wconf 89' lang='lat' dir='ltr'><strong>supradicti</strong></span> <span class='ocrx_word' id='word_1_398' title='bbox 1496 4765 1684 4835; x_wconf 89' lang='lat' dir='ltr'><strong>monasteri</strong></span> <span class='ocrx_word' id='word_1_399' title='bbox 1699 4767 1771 4832; x_wconf 87' lang='lat' dir='ltr'><strong>tota</strong></span> <span class='ocrx_word' id='word_1_400' title='bbox 1785 4767 1820 4833; x_wconf 92' lang='lat' dir='ltr'><strong>et</strong></span> <span class='ocrx_word' id='word_1_401' title='bbox 1835 4762 1956 4832; x_wconf 91' lang='lat' dir='ltr'><strong>inclita</strong></span> <span class='ocrx_word' id='word_1_402' title='bbox 1978 4764 2180 4876; x_wconf 87' lang='lat' dir='ltr'><strong>supradicta</strong></span> 
     </span>
     <span class='ocr_line' id='line_1_29' title="bbox 318 4918 2178 5016; baseline -0.01 -15"><span class='ocrx_word' id='word_1_403' title='bbox 318 4937 439 5004; x_wconf 89' lang='lat' dir='ltr'><strong>nostra</strong></span> <span class='ocrx_word' id='word_1_404' title='bbox 454 4933 664 5001; x_wconf 88' lang='lat' dir='ltr'><strong>tradictione</strong></span> <span class='ocrx_word' id='word_1_405' title='bbox 676 4949 698 4999; x_wconf 90' lang='lat' dir='ltr'><strong>a</strong></span> <span class='ocrx_word' id='word_1_406' title='bbox 709 4947 791 5016; x_wconf 90' lang='lat' dir='ltr'><strong>pars</strong></span> <span class='ocrx_word' id='word_1_407' title='bbox 807 4926 998 5013; x_wconf 87' lang='lat' dir='ltr'><strong>supradicti</strong></span> <span class='ocrx_word' id='word_1_408' title='bbox 1013 4925 1104 4992; x_wconf 92' lang='lat' dir='ltr'><strong>leoni</strong></span> <span class='ocrx_word' id='word_1_409' title='bbox 1117 4940 1308 5010; x_wconf 83' lang='lat' dir='ltr'><strong>germanus</strong></span> <span class='ocrx_word' id='word_1_410' title='bbox 1319 4939 1416 4990; x_wconf 90' lang='lat' dir='ltr'><strong>meus</strong></span> <span class='ocrx_word' id='word_1_411' title='bbox 1427 4925 1462 4989; x_wconf 89' lang='lat' dir='ltr'><strong>et</strong></span> <span class='ocrx_word' id='word_1_412' title='bbox 1475 4939 1497 4988; x_wconf 91' lang='lat' dir='ltr'><strong>a</strong></span> <span class='ocrx_word' id='word_1_413' title='bbox 1508 4937 1589 5005; x_wconf 91' lang='lat' dir='ltr'><strong>pars</strong></span> <span class='ocrx_word' id='word_1_414' title='bbox 1604 4919 1773 4986; x_wconf 83' lang='lat' dir='ltr'><strong>uxoribus</strong></span> <span class='ocrx_word' id='word_1_415' title='bbox 1784 4919 1901 4986; x_wconf 90' lang='lat' dir='ltr'><strong>nostre</strong></span> <span class='ocrx_word' id='word_1_416' title='bbox 1917 4923 1952 4985; x_wconf 93' lang='lat' dir='ltr'><strong>et</strong></span> <span class='ocrx_word' id='word_1_417' title='bbox 1964 4919 2008 4986; x_wconf 87' lang='lat' dir='ltr'><strong>ab</strong></span> <span class='ocrx_word' id='word_1_418' title='bbox 2020 4918 2178 4984; x_wconf 90' lang='lat' dir='ltr'><strong>omnibus</strong></span> 
     </span>
     <span class='ocr_line' id='line_1_30' title="bbox 317 5065 2178 5170; baseline -0.011 -15"><span class='ocrx_word' id='word_1_419' title='bbox 317 5087 518 5156; x_wconf 88' lang='lat' dir='ltr'><strong>hominibus</strong></span> <span class='ocrx_word' id='word_1_420' title='bbox 534 5086 694 5170; x_wconf 88' lang='lat' dir='ltr'><strong>omnique</strong></span> <span class='ocrx_word' id='word_1_421' title='bbox 709 5084 878 5170; x_wconf 90' lang='lat' dir='ltr'><strong>partibus.</strong></span> <span class='ocrx_word' id='word_1_422' title='bbox 897 5081 928 5149; x_wconf 93' lang='lat' dir='ltr'><strong>si</strong></span> <span class='ocrx_word' id='word_1_423' title='bbox 944 5083 1070 5159; x_wconf 87' lang='lat' dir='ltr'><strong>autem,</strong></span> <span class='ocrx_word' id='word_1_424' title='bbox 1088 5079 1179 5149; x_wconf 92' lang='lat' dir='ltr'><strong>sicut</strong></span> <span class='ocrx_word' id='word_1_425' title='bbox 1201 5077 1333 5146; x_wconf 89' lang='lat' dir='ltr'><strong>dictum</strong></span> <span class='ocrx_word' id='word_1_426' title='bbox 1356 5078 1420 5156; x_wconf 91' lang='lat' dir='ltr'><strong>est,</strong></span> <span class='ocrx_word' id='word_1_427' title='bbox 1444 5074 1563 5144; x_wconf 85' lang='lat' dir='ltr'><strong>taliter</strong></span> <span class='ocrx_word' id='word_1_428' title='bbox 1587 5074 1667 5141; x_wconf 89' lang='lat' dir='ltr'><strong>illut</strong></span> <span class='ocrx_word' id='word_1_429' title='bbox 1689 5073 1727 5140; x_wconf 91' lang='lat' dir='ltr'><strong>in</strong></span> <span class='ocrx_word' id='word_1_430' title='bbox 1749 5088 1833 5158; x_wconf 89' lang='lat' dir='ltr'><strong>pars</strong></span> <span class='ocrx_word' id='word_1_431' title='bbox 1857 5072 1966 5158; x_wconf 93' lang='lat' dir='ltr'><strong>ipsius</strong></span> <span class='ocrx_word' id='word_1_432' title='bbox 1989 5065 2178 5138; x_wconf 84' lang='lat' dir='ltr'><strong>monasteri</strong></span> 
     </span>
    </p>
   </div>
   <div class='ocr_carea' id='block_1_3' title="bbox 282 5219 2178 5323">
    <p class='ocr_par' dir='ltr' id='par_1_3' title="bbox 282 5219 2178 5323">
     <span class='ocr_line' id='line_1_31' title="bbox 282 5219 2178 5323; baseline -0.012 -16"><span class='ocrx_word' id='word_1_433' title='bbox 282 5243 290 5254; x_wconf 93' lang='lat'>&#39;</span> <span class='ocrx_word' id='word_1_434' title='bbox 316 5239 500 5308; x_wconf 81' lang='lat' dir='ltr'><strong>defensare</strong></span> <span class='ocrx_word' id='word_1_435' title='bbox 514 5255 586 5306; x_wconf 91' lang='lat' dir='ltr'><strong>non</strong></span> <span class='ocrx_word' id='word_1_436' title='bbox 603 5237 828 5323; x_wconf 69' lang='lat' dir='ltr'><strong>potuerimus</strong></span> <span class='ocrx_word' id='word_1_437' title='bbox 843 5232 967 5303; x_wconf 92' lang='lat' dir='ltr'><strong>amodo</strong></span> <span class='ocrx_word' id='word_1_438' title='bbox 984 5232 1191 5319; x_wconf 88' lang='lat' dir='ltr'><strong>apponimus</strong></span> <span class='ocrx_word' id='word_1_439' title='bbox 1207 5228 1250 5298; x_wconf 86' lang='lat' dir='ltr'><strong>ad</strong></span> <span class='ocrx_word' id='word_1_440' title='bbox 1267 5248 1351 5315; x_wconf 90' lang='lat' dir='ltr'><strong>pars</strong></span> <span class='ocrx_word' id='word_1_441' title='bbox 1366 5228 1475 5314; x_wconf 91' lang='lat' dir='ltr'><strong>ipsius</strong></span> <span class='ocrx_word' id='word_1_442' title='bbox 1489 5225 1596 5294; x_wconf 90' lang='lat' dir='ltr'><strong>vestri</strong></span> <span class='ocrx_word' id='word_1_443' title='bbox 1613 5221 1813 5301; x_wconf 90' lang='lat' dir='ltr'><strong>monasteri,</strong></span> <span class='ocrx_word' id='word_1_444' title='bbox 1829 5223 1866 5287; x_wconf 94' lang='lat' dir='ltr'><strong>ut</strong></span> <span class='ocrx_word' id='word_1_445' title='bbox 1877 5219 2089 5287; x_wconf 86' lang='lat' dir='ltr'><strong>aliatantam</strong></span> <span class='ocrx_word' id='word_1_446' title='bbox 2102 5235 2178 5285; x_wconf 90' lang='lat' dir='ltr'><strong>rem</strong></span> 
     </span>
    </p>
   </div>
   <div class='ocr_carea' id='block_1_4' title="bbox 319 5369 2179 5473">
    <p class='ocr_par' dir='ltr' id='par_1_4' title="bbox 319 5369 2179 5473">
     <span class='ocr_line' id='line_1_32' title="bbox 319 5369 2179 5473; baseline -0.011 -15"><span class='ocrx_word' id='word_1_447' title='bbox 319 5409 401 5461; x_wconf 89' lang='lat' dir='ltr'><strong>cum</strong></span> <span class='ocrx_word' id='word_1_448' title='bbox 426 5389 499 5460; x_wconf 90' lang='lat' dir='ltr'><strong>suis</strong></span> <span class='ocrx_word' id='word_1_449' title='bbox 522 5389 669 5460; x_wconf 88' lang='lat' dir='ltr'><strong>edificiis</strong></span> <span class='ocrx_word' id='word_1_450' title='bbox 691 5389 810 5458; x_wconf 91' lang='lat' dir='ltr'><strong>demus</strong></span> <span class='ocrx_word' id='word_1_451' title='bbox 833 5389 870 5454; x_wconf 93' lang='lat' dir='ltr'><strong>in</strong></span> <span class='ocrx_word' id='word_1_452' title='bbox 893 5389 969 5473; x_wconf 92' lang='lat' dir='ltr'><strong>ipso</strong></span> <span class='ocrx_word' id='word_1_453' title='bbox 992 5385 1218 5462; x_wconf 88' lang='lat' dir='ltr'><strong>monasterio,</strong></span> <span class='ocrx_word' id='word_1_454' title='bbox 1243 5382 1286 5452; x_wconf 90' lang='lat' dir='ltr'><strong>de</strong></span> <span class='ocrx_word' id='word_1_455' title='bbox 1309 5385 1474 5468; x_wconf 90' lang='lat' dir='ltr'><strong>quantum</strong></span> <span class='ocrx_word' id='word_1_456' title='bbox 1497 5376 1624 5447; x_wconf 91' lang='lat' dir='ltr'><strong>exinde</strong></span> <span class='ocrx_word' id='word_1_457' title='bbox 1647 5372 1839 5460; x_wconf 89' lang='lat' dir='ltr'><strong>perdiderit</strong></span> <span class='ocrx_word' id='word_1_458' title='bbox 1860 5370 1903 5438; x_wconf 90' lang='lat' dir='ltr'><strong>de</strong></span> <span class='ocrx_word' id='word_1_459' title='bbox 1926 5371 2005 5439; x_wconf 89' lang='lat' dir='ltr'><strong>illut</strong></span> <span class='ocrx_word' id='word_1_460' title='bbox 2027 5369 2116 5456; x_wconf 90' lang='lat' dir='ltr'><strong>quod</strong></span> <span class='ocrx_word' id='word_1_461' title='bbox 2141 5369 2179 5438; x_wconf 92' lang='lat' dir='ltr'><strong>in</strong></span> 
     </span>
    </p>
   </div>
   <div class='ocr_carea' id='block_1_5' title="bbox 313 5521 2180 5780">
    <p class='ocr_par' dir='ltr' id='par_1_5' title="bbox 313 5521 2180 5780">
     <span class='ocr_line' id='line_1_33' title="bbox 316 5521 2178 5633; baseline -0.011 -24"><span class='ocrx_word' id='word_1_462' title='bbox 316 5543 476 5633; x_wconf 90' lang='lat' dir='ltr'><strong>predicto</strong></span> <span class='ocrx_word' id='word_1_463' title='bbox 499 5544 611 5612; x_wconf 91' lang='lat' dir='ltr'><strong>locum</strong></span> <span class='ocrx_word' id='word_1_464' title='bbox 635 5543 674 5609; x_wconf 89' lang='lat' dir='ltr'><strong>in</strong></span> <span class='ocrx_word' id='word_1_465' title='bbox 697 5541 849 5609; x_wconf 91' lang='lat' dir='ltr'><strong>sortione</strong></span> <span class='ocrx_word' id='word_1_466' title='bbox 872 5538 1010 5606; x_wconf 91' lang='lat' dir='ltr'><strong>obbenit</strong></span> <span class='ocrx_word' id='word_1_467' title='bbox 1034 5536 1145 5622; x_wconf 90' lang='lat' dir='ltr'><strong>ipsius</strong></span> <span class='ocrx_word' id='word_1_468' title='bbox 1167 5536 1259 5604; x_wconf 91' lang='lat' dir='ltr'><strong>leoni</strong></span> <span class='ocrx_word' id='word_1_469' title='bbox 1283 5551 1474 5620; x_wconf 79' lang='lat' dir='ltr'><strong>germanus</strong></span> <span class='ocrx_word' id='word_1_470' title='bbox 1497 5548 1605 5606; x_wconf 75' lang='lat' dir='ltr'><strong>meus</strong></span> <span class='ocrx_word' id='word_1_471' title='bbox 1625 5528 1659 5596; x_wconf 91' lang='lat' dir='ltr'><strong>et</strong></span> <span class='ocrx_word' id='word_1_472' title='bbox 1681 5526 1723 5595; x_wconf 92' lang='lat' dir='ltr'><strong>de</strong></span> <span class='ocrx_word' id='word_1_473' title='bbox 1746 5521 1896 5594; x_wconf 92' lang='lat' dir='ltr'><strong>colludio</strong></span> <span class='ocrx_word' id='word_1_474' title='bbox 1912 5522 1956 5589; x_wconf 93' lang='lat' dir='ltr'><strong>ad</strong></span> <span class='ocrx_word' id='word_1_475' title='bbox 1973 5539 2056 5608; x_wconf 91' lang='lat' dir='ltr'><strong>pars</strong></span> <span class='ocrx_word' id='word_1_476' title='bbox 2071 5521 2178 5591; x_wconf 86' lang='lat' dir='ltr'><strong>vestri</strong></span> 
     </span>
     <span class='ocr_line' id='line_1_34' title="bbox 313 5672 2180 5780; baseline -0.012 -16"><span class='ocrx_word' id='word_1_477' title='bbox 313 5699 509 5765; x_wconf 87' lang='lat' dir='ltr'><strong>monasteri</strong></span> <span class='ocrx_word' id='word_1_478' title='bbox 532 5696 688 5763; x_wconf 89' lang='lat' dir='ltr'><strong>iuremus</strong></span> <span class='ocrx_word' id='word_1_479' title='bbox 709 5712 772 5780; x_wconf 92' lang='lat' dir='ltr'><strong>per</strong></span> <span class='ocrx_word' id='word_1_480' title='bbox 795 5691 851 5760; x_wconf 90' lang='lat' dir='ltr'><strong>dei</strong></span> <span class='ocrx_word' id='word_1_481' title='bbox 876 5691 1057 5778; x_wconf 88' lang='lat' dir='ltr'><strong>misteria;</strong></span> <span class='ocrx_word' id='word_1_482' title='bbox 1082 5693 1116 5758; x_wconf 91' lang='lat' dir='ltr'><strong>et</strong></span> <span class='ocrx_word' id='word_1_483' title='bbox 1138 5689 1217 5758; x_wconf 84' lang='lat' dir='ltr'><strong>illut</strong></span> <span class='ocrx_word' id='word_1_484' title='bbox 1240 5687 1330 5774; x_wconf 90' lang='lat' dir='ltr'><strong>quod</strong></span> <span class='ocrx_word' id='word_1_485' title='bbox 1354 5687 1392 5753; x_wconf 92' lang='lat' dir='ltr'><strong>in</strong></span> <span class='ocrx_word' id='word_1_486' title='bbox 1423 5687 1500 5771; x_wconf 90' lang='lat' dir='ltr'><strong>ipso</strong></span> <span class='ocrx_word' id='word_1_487' title='bbox 1535 5679 1765 5757; x_wconf 82' lang='lat' dir='ltr'><strong>monasterio,</strong></span> <span class='ocrx_word' id='word_1_488' title='bbox 1791 5676 1882 5744; x_wconf 88' lang='lat' dir='ltr'><strong>sicut</strong></span> <span class='ocrx_word' id='word_1_489' title='bbox 1913 5672 2089 5752; x_wconf 89' lang='lat' dir='ltr'><strong>diximus,</strong></span> <span class='ocrx_word' id='word_1_490' title='bbox 2115 5691 2180 5759; x_wconf 94' lang='lat' dir='ltr'><strong>pro</strong></span> 
     </span>
    </p>
   </div>
   <div class='ocr_carea' id='block_1_6' title="bbox 315 5829 2179 6018">
    <p class='ocr_par' dir='ltr' id='par_1_6' title="bbox 315 5829 2179 6018">
     <span class='ocr_line' id='line_1_35' title="bbox 315 5829 2179 5928; baseline -0.011 -12"><span class='ocrx_word' id='word_1_491' title='bbox 315 5847 609 5919; x_wconf 89' lang='lat' dir='ltr'><strong>restaurationem</strong></span> <span class='ocrx_word' id='word_1_492' title='bbox 630 5845 838 5926; x_wconf 88' lang='lat' dir='ltr'><strong>dederimus,</strong></span> <span class='ocrx_word' id='word_1_493' title='bbox 857 5845 951 5914; x_wconf 95' lang='lat' dir='ltr'><strong>omni</strong></span> <span class='ocrx_word' id='word_1_494' title='bbox 974 5847 1128 5928; x_wconf 89' lang='lat' dir='ltr'><strong>tempore</strong></span> <span class='ocrx_word' id='word_1_495' title='bbox 1151 5837 1366 5910; x_wconf 78' lang='lat' dir='ltr'><strong>defensemus</strong></span> <span class='ocrx_word' id='word_1_496' title='bbox 1388 5836 1467 5904; x_wconf 92' lang='lat' dir='ltr'><strong>illut</strong></span> <span class='ocrx_word' id='word_1_497' title='bbox 1490 5836 1528 5902; x_wconf 89' lang='lat' dir='ltr'><strong>in</strong></span> <span class='ocrx_word' id='word_1_498' title='bbox 1551 5851 1632 5920; x_wconf 91' lang='lat' dir='ltr'><strong>pars</strong></span> <span class='ocrx_word' id='word_1_499' title='bbox 1656 5830 1767 5918; x_wconf 89' lang='lat' dir='ltr'><strong>ipsius</strong></span> <span class='ocrx_word' id='word_1_500' title='bbox 1789 5833 1978 5900; x_wconf 80' lang='lat' dir='ltr'><strong>monasteri</strong></span> <span class='ocrx_word' id='word_1_501' title='bbox 2001 5845 2078 5896; x_wconf 93' lang='lat' dir='ltr'><strong>cum</strong></span> <span class='ocrx_word' id='word_1_502' title='bbox 2103 5829 2179 5896; x_wconf 86' lang='lat' dir='ltr'><strong>bico</strong></span> 
     </span>
     <span class='ocr_line' id='line_1_36' title="bbox 531 5957 2031 6018; baseline 0.001 -2"><span class='ocrx_word' id='word_1_503' title='bbox 531 5973 593 6018; x_wconf 75' lang='lat' dir='ltr'><strong>ron.</strong></span> <span class='ocrx_word' id='word_1_504' title='bbox 608 5973 638 6018; x_wconf 89' lang='lat' dir='ltr'><strong>u.</strong></span> <span class='ocrx_word' id='word_1_505' title='bbox 1822 6005 1826 6016; x_wconf 94' lang='lat'><em>.</em></span> <span class='ocrx_word' id='word_1_506' title='bbox 1999 5957 2031 6003; x_wconf 78' lang='lat'><strong>³⁶</strong></span> 
     </span>
    </p>
   </div>
   <div class='ocr_carea' id='block_1_7' title="bbox 0 0 2630 7092">
    <p class='ocr_par' dir='ltr' id='par_1_7' title="bbox 0 0 2630 7092">
     <span class='ocr_line' id='line_1_37' title="bbox 0 0 2630 7092; baseline 0 0"><span class='ocrx_word' id='word_1_507' title='bbox 0 0 2630 7092; x_wconf 95' lang='lat' dir='ltr'><strong> </strong></span> 
     </span>
    </p>
   </div>
  </div>
 </body>
</html>
