5286 7098
530 544 594 608 110
1154 559 1156 562 ·
1198 528 1359 602 CODEX
1397 529 1630 604 olvnltsls

486 777 705 863 agnoverunt
719 776 758 842 ut
772 791 897 842 vonum
912 772 955 840 ad
971 788 1051 857 pars
1066 771 1175 840 nostri
1190 772 1358 858 episcopii
1374 773 1565 853 evenirent,
1584 775 1791 844 solutionem
1801 777 1900 846 nobis
1911 776 2063 845 dandum
2075 779 2197 845 tribuit
2208 795 2270 864 per
2286 779 2343 864 ip-

487 945 630 1013 sumque
645 929 764 1012 petrus
778 923 882 994 iudex
897 926 961 992 hec
978 925 1229 994 combenientia
1244 926 1336 994 inter
1352 943 1415 994 nos
1430 927 1635 996 faceremus:
1655 928 1761 996 etiarn
1776 930 1812 998 et
1825 927 1869 997 de
1882 929 1953 999 suis
1969 931 2154 1016 presentiis
2177 929 2340 998 111111119-

485 1080 580 1149 dium
595 1081 752 1148 nostrum
768 1079 899 1147 direxit
914 1079 1021 1164 gaido
1036 1078 1142 1148 iudex
1190 1132 1197 1147 .
1249 1131 1256 1146 .
1309 1082 2217 1168 .111111111111111111111111111111111,1111111
2232 1081 2337 1150 edicti
2446 1122 2449 1130 ·

485 1231 619 1318 pagina
641 1232 815 1300 adfertum
841 1232 903 1311 est,
933 1231 1206 1299 convocavimus
1231 1231 1376 1314 ydoneis
1404 1232 1614 1312 hominibus,
1643 1235 1681 1302 ut
1707 1251 1774 1320 quo
1800 1237 1982 1320 utrumque
2009 1235 2221 1315 faceremus,
2246 1237 2341 1302 omni

484 1387 641 1469 tempore
654 1385 793 1450 firmum
809 1383 1035 1468 stabilemque
1050 1384 1242 1450 manerent.
1269 1383 1319 1452 sic
1334 1384 1460 1468 ytaque
1475 1384 1565 1462 acta,
1592 1402 1658 1468 ego
1673 1385 1832 1470 superius
1847 1386 1964 1471 gratia
1979 1385 2034 1453 dei
2049 1388 2230 1471 episeopus
2246 1386 2341 1485 intus

485 1537 654 1622 prefatam
671 1536 845 1602 cibitatem
861 1536 1108 1615 salernitanam
1120 1536 1201 1604 ante
1213 1534 1390 1620 presentia
1403 1535 1559 1620 ipsorum
1574 1533 1745 1604 iudicibus
1756 1537 1790 1603 et
1800 1538 1879 1605 ante
1891 1537 1952 1605 alii
1964 1539 2068 1606 testes
2080 1542 2115 1605 et
2126 1557 2197 1606 una
2207 1557 2341 1606 mecum

487 1690 646 1757 adessent
660 1688 807 1772 predicti
823 1686 1014 1755 atvocatori
1030 1685 1139 1754 nostri
1153 1702 1315 1770 perrona
1330 1685 1584 1754 combenicntia
1600 1687 1805 1756 tradidimus
1821 1689 1923 1773 atque
1937 1687 1981 1754 ad
1997 1707 2134 1774 semper
2150 1690 2342 1760 habendum

488 1843 733 1910 confirmamus
744 1840 806 1908 tibi
819 1841 997 1908 nominato
1012 1839 1130 1924 lupeni
1145 1838 1265 1906 inclita
1278 1840 1356 1923 ipsa
1371 1839 1554 1908 medietate
1568 1841 1612 1908 de
1627 1814 1791 1910 iamdicta
1806 1842 1977 1910 hecclesia
1993 1845 2120 1908 etcum
2137 1842 2258 1909 inclita
2273 1860 2343 1911 me-

490 1995 618 2064 dietate
634 1995 677 2061 de
692 1994 846 2094 predicte
863 1995 964 2062 robus
979 1993 1020 2062 do
1035 1991 1154 2060 eodem
1171 1994 1246 2060 loco
1262 1993 1350 2061 fonti
1366 1995 1579 2078 pertinentes
1595 1995 1702 2079 ipsius
1717 1995 1886 2064 hecclesie
1900 1996 2010 2062 nostri
2023 1995 2192 2081 episcopii
2204 2014 2267 2080 per
2278 1999 2343 2066 hec

492 2147 591 2214 finis:
612 2166 633 2213 a
650 2165 733 2230 pars
748 2144 903 2222 orientis
922 2143 1010 2211 sicut
1032 2142 1147 2210 medio
1168 2143 1256 2211 riale
1278 2143 1446 2211 discernit
1460 2144 1547 2212 unde
1570 2161 1659 2229 aqua
1680 2143 1846 2224 decurrit,
1865 2144 1955 2214 11611
1970 2148 2086 2216 monte
2107 2146 2150 2216 de
2174 2148 2345 2217 ieleezano

492 2300 657 2366 discernit
672 2299 729 2384 qui
746 2300 797 2366 est
814 2297 861 2363 im
878 2297 1034 2382 partibus
1049 2297 1211 2365 meridie:
1231 2316 1253 2364 a
1268 2316 1352 2382 pars
1368 2297 1555 2365 occidentis
1581 2298 1650 2366 fine
1673 2317 1844 2385 aquaque
1870 2299 2021 2367 decurrit
2047 2318 2109 2385 per
2134 2301 2247 2368 medie
2269 2302 2345 2386 ipsa

494 2455 586 2519 lama
601 2451 644 2518 de
660 2451 772 2537 ipsum
788 2449 1018 2534 carpinitum:
1034 2466 1151 2533 apars
1168 2447 1313 2515 meridie
1329 2451 1364 2514 et
1380 2448 1525 2534 indeque
1540 2451 1684 2518 saliente
1699 2452 1857 2538 usquein
1873 2455 1989 2522 monte
2003 2453 2047 2519 de
2061 2454 2192 2520 faleczu
2204 2455 2239 2520 et
2250 2453 2346 2522 inde-
2410 2475 2413 2480 ·

493 2625 560 2692 que
572 2607 771 2672 rebolbente
781 2609 815 2673 et
825 2602 1050 2671 descendente
1061 2602 1099 2668 in
1111 2620 1218 2670 mare:
1233 2600 1276 2670 dc
1290 2604 1408 2687 supter
1423 2604 1521 2686 parte
1532 2604 1602 2672 line
1614 2623 1705 2690 aqua
1720 2605 1778 2674 ubi
1791 2605 1865 2691 ipsa
1876 2607 1986 2672 forma
1997 2611 2059 2676 est.
2074 2611 2139 2675 hec
2150 2625 2234 2676 vero
2245 2611 2346 2678 rebus

495 2773 558 2840 per
573 2755 809 2840 suprascripte
824 2753 905 2820 finis
921 2754 955 2820 11
966 2770 1048 2828 ,cum
1063 2752 1141 2836 ipsa
1156 2751 1325 2822 hecclesia
1340 2752 1459 2819 inclita
1473 2751 1631 2837 predicta
1647 2752 1831 2823 medietate
1845 2756 1881 2822 et
1902 2773 1980 2822 cum
2003 2756 2187 2824 medietate
2209 2757 2251 2826 de
2271 2758 2345 2844 ipse

495 2909 595 2974 vinee
610 2926 675 2992 que
691 2905 816 2974 ibidem
832 2910 925 2984 snut,
943 2905 1054 2971 totum
1069 2904 1148 2972 illut
1163 2922 1227 2989 per
1242 2921 1332 2970 vona
1354 2887 1607 2972 combenientia
1629 2905 1691 2972 tibi
1714 2905 1894 2974 nominato
1910 2908 2029 2992 lupeni
2046 2907 2255 2977 tradidimus
2269 2926 2346 2977 cum

496 3059 570 3125 vioe
586 3057 628 3126 de
644 3057 701 3124 bia
718 3058 830 3126 suaet
845 3075 923 3123 curn
938 3055 1057 3124 omnia
1071 3055 1164 3123 infra
1178 3073 1216 3124 se
1232 3057 1372 3124 abentes
1387 3055 1425 3122 at
1439 3055 1607 3123 securiter
1621 3057 1656 3122 et
1670 3056 1819 3124 firmiter
1834 3055 1982 3124 hamodo
1998 3058 2033 3127 et
2048 3076 2183 3160 semper
2205 3063 2243 3126 11
2265 3058 2348 3127 tuis-

494 3229 561 3294 que
576 3209 759 3278 heredibus
775 3210 929 3279 11111111
945 3209 1127 3287 abendum,
1145 3207 1406 3286 dominandum,
1425 3209 1512 3275 9111
1528 3207 1605 3291 ipsa
1627 3207 1813 3276 medietate
1835 3209 1879 3276 de
1902 3208 2068 3277 iamdicta
2083 3209 2228 3278 ecclesia
2249 3211 2349 3278 liceat

496 3379 559 3429 vos
575 3361 735 3430 sacerdos
751 3359 878 3428 ibidem
894 3359 1057 3426 ordinare
1072 3359 1106 3424 91
1122 3358 1237 3424 omnia
1251 3356 1292 3426 de
1308 3357 1431 3424 inclita
1445 3357 1521 3440 ipsa
1537 3355 1719 3425 medietate
1734 3357 1930 3426 faciendum
1946 3377 2011 3444 que
2026 3359 2204 3428 volueritis
2225 3377 2350 3446 apsque

496 3517 618 3580 nostra
633 3515 687 3581 vel
710 3513 753 3580 do
776 3512 905 3580 nostris
926 3510 1180 3579 suecessoribus
1204 3511 1451 3586 contrarietate
1466 3511 1519 3577 111
1545 3510 1781 3595 requisitione,
1801 3513 1862 3578 aut
1887 3511 1930 3578 de
1956 3529 2038 3596 pars
2064 3509 2219 3578 iamdicti
2240 3513 2348 3580 nostri

499 3666 668 3785 episcopii
684 3667 745 3733 aut
761 3667 887 3751 cuique
909 3665 1116 3733 hominibus.
1133 3664 1240 3734 1111111
1255 3683 1319 3750 pro
1342 3662 1613 3731 confirmandam
1637 3667 1672 3733 et
1692 3665 1970 3734 stabiliscendam
1991 3667 2083 3733 hanc
2105 3668 2224 3734 nostra
2244 3665 2351 3734 tradi·

500 3818 626 3898 ctione,
644 3837 737 3888 nunc
754 3837 776 3886 a
791 3819 962 3905 presentis
979 3819 1173 3904 recepimus
1188 3835 1209 3883 a
1222 3822 1258 3885 te
1280 3819 1456 3886 nominato
1484 3819 1630 3903 lupenus
1656 3819 1730 3903 ipse
1756 3818 1876 3886 decem
1892 3819 1980 3888 libre
1997 3818 2168 3920 argentei:
2187 3818 2350 3904 finitoque

497 3988 581 4041 vero
597 3973 782 4056 argentum
798 3971 913 4056 ipsum
929 3971 1015 4054 aput
1028 3984 1103 4048 nos,
1122 3967 1211 4036 siout
1226 3967 1318 4035 inter
1333 3987 1397 4035 nos
1413 3968 1596 4047 comvenit,
1614 3986 1652 4035 es
1675 3986 1742 4052 qua
1764 3986 1804 4036 re
1826 3970 1996 4054 promicto
2019 3971 2054 4039 et
2076 3970 2193 4055 obligo
2216 3987 2271 4036 me
2292 3968 2350 4054 qui

498 4144 604 4212 supra
619 4124 750 4192 domini
766 4122 1006 4191 misericordia
1020 4122 1175 4208 pontifex
1190 4125 1225 4191 et
1242 4138 1403 4206 meosque
1427 4083 1640 4190 successores
1663 4123 1698 4190 et
1719 4140 1803 4207 pars
1826 4123 1934 4191 nostri
1958 4123 2125 4209 episcopii
2148 4121 2294 4190 hamodo
2317 4125 2351 4189 et

500 4299 639 4367 semper
655 4278 891 4349 antistandum
908 4278 944 4346 et
958 4276 1204 4347 defensandum
1220 4279 1295 4362 ipsa
1320 4277 1439 4344 nostra
1464 4275 1627 4344 tradictio
1650 4275 1745 4344 vobis
1771 4278 1950 4344 nominato
1973 4276 2104 4383 lupeni,
2122 4295 2227 4362 quarn
2252 4279 2286 4345 91
2309 4275 2350 4343 ad

499 4433 623 4500 vestris
641 4432 836 4510 heredibus,
852 4433 888 4497 11
899 4448 1004 4515 supra
1020 4428 1149 4497 dudum
1165 4428 1373 4507 dictumest,
1391 4446 1469 4495 cum
1485 4426 1558 4497 bice
1573 4429 1616 4496 de
1632 4429 1688 4495 via
1699 4447 1763 4496 sua
1777 4427 1846 4496 hab
1861 4428 2017 4496 omnibus
2030 4428 2228 4496 hominibus
2244 4429 2352 4494 omni-

499 4601 566 4667 que
577 4583 746 4666 partibus.
761 4581 848 4666 quod
864 4582 894 4649 si
905 4581 1036 4654 taliter,
1048 4583 1086 4649 ut
1101 4579 1304 4658 dictumest,
1325 4581 1403 4648 illut
1418 4597 1555 4663 semper
1566 4581 1630 4647 tibi
1641 4581 1760 4666 tuique
1774 4579 1957 4648 heredibus
1967 4598 2039 4647 non
2049 4579 2348 4658 defensaverimus,

501 4733 589 4802 haut
600 4732 630 4800 si
641 4750 704 4800 nos
718 4731 915 4817 nostrisque
929 4732 1183 4800 successoribus
1195 4732 1279 4798 haut
1289 4748 1372 4822 pars
1388 4732 1498 4816 ipsius
1514 4730 1689 4817 episcopii,
1696 4730 1818 4816 aliquit
1829 4733 1884 4800 vel
1898 4730 2024 4800 exinde
2039 4731 2258 4798 tollerehaut
2273 4745 2354 4795 con·

501 4887 596 4952 trare
611 4883 706 4952 vobis
721 4884 958 4969 quesierimus,
977 4885 1059 4952 tuno
1074 4903 1138 4970 per
1153 4902 1245 4953 vona
1258 4875 1509 4952 convenientia
1531 4884 1650 4969 obligo
1676 4902 1732 4952 me
1757 4887 1793 4952 et
1821 4885 1905 4952 meis
1933 4884 2185 4953 successoribus
2211 4885 2247 4950 et
2271 4895 2354 4966 pars

501 5001 612 5124 ipsius
626 5037 794 5124 episcopii
809 5037 854 5105 ad
870 5037 1143 5122 componendum
1157 5039 1254 5105 vobis
1268 5039 1461 5124 vestrisque
1477 5037 1659 5106 heredibus
1675 5038 1838 5106 tricentos
1859 5037 1933 5104 auri
1957 5036 2085 5104 solidos
2107 5033 2355 5102 constantinia-

500 5209 575 5261 nos.
591 5196 720 5270 tamen,
734 5193 773 5258 ut
785 5191 832 5257 im
844 5193 1018 5276 posterum
1030 5189 1242 5268 recordetur,
1257 5191 1331 5274 ipse
1345 5193 1491 5275 lupenus
1506 5153 1561 5257 vel
1573 5190 1646 5258 6111
1662 5189 1807 5258 heredes
1821 5189 2020 5257 annualiter
2036 5206 2098 5273 pro
2110 5175 2238 5256 exinde
2252 5186 2356 5254 deant

499 5347 548 5412 im
563 5364 646 5431 pars
659 5346 771 5412 nostri
786 5343 953 5430 episcopii
968 5361 1110 5416 censum
1127 5364 1233 5412 unum
1250 5345 1323 5412 tari
1345 5362 1472 5412 vonum
1496 5349 1531 5412 et
1557 5343 1727 5429 medium3
1744 5345 1779 5410 et
1805 5343 1836 5411 si
1862 5342 2059 5410 annualiter
2086 5342 2198 5426 ipsum
2224 5340 2295 5408 tari
2319 5340 2356 5406 et

474 5529 477 5534 ·
501 5493 653 5562 medium
669 5495 713 5562 ad
728 5513 812 5580 pars
827 5495 935 5580 ipsius
951 5471 1281 5582 episcopii'noluerit
1292 5494 1389 5574 dare,
1407 5493 1450 5561 ad
1462 5494 1606 5578 duplum
1621 5495 1735 5579 ipsum
1750 5493 1818 5559 tari
1830 5495 1865 5560 et
1879 5491 2029 5572 medium
2045 5493 2082 5558 in
2094 5491 2170 5576 ipso
2181 5487 2357 5575 episcopio
2383 5452 2385 5464 Ι

500 5643 585 5712 darc
601 5646 660 5712 ille
674 5646 709 5712 et
723 5660 803 5714 suos
818 5644 974 5715 heredes.
992 5649 1027 5714 et
1042 5645 1102 5714 ubi
1117 5647 1237 5714 taliter
1253 5646 1328 5732 ipse
1343 5646 1492 5730 lupenus
1518 5646 1572 5712 vel
1596 5644 1670 5713 eius
1698 5641 1842 5713 heredes
1868 5642 1986 5709 taliter
2014 5643 2051 5708 11
2077 5641 2153 5727 ipso
2180 5639 2358 5726 episcopio

503 5796 760 5882 adimpleverit,
779 5797 839 5866 ille
854 5800 970 5866 autern
985 5800 1020 5866 et
1033 5815 1112 5867 suos
1126 5797 1272 5869 heredes
1286 5815 1422 5884 semper
1441 5797 1561 5865 inolita
1577 5796 1730 5883 predicta
1745 5793 1926 5864 medietate
1949 5813 2025 5860 1111
2054 5793 2173 5860 inclita
2190 5791 2264 5878 ipsa
2285 5809 2359 5860 me·
