<?xml version="1.0" encoding="UTF-8"?>
<!DOCTYPE html PUBLIC "-//W3C//DTD XHTML 1.0 Transitional//EN"
    "http://www.w3.org/TR/xhtml1/DTD/xhtml1-transitional.dtd">
<html xmlns="http://www.w3.org/1999/xhtml" xml:lang="en" lang="en">
 <head>
  <title>
</title>
<meta http-equiv="Content-Type" content="text/html;charset=utf-8" />
  <meta name='ocr-system' content='tesseract 3.04.00' />
  <meta name='ocr-capabilities' content='ocr_page ocr_carea ocr_par ocr_line ocrx_word'/>
</head>
<body>
  <div class='ocr_page' id='page_1' title='image "./codexdiplomatic07aragoog_0272.png"; bbox 0 0 5216 7092; ppageno 0'>
   <div class='ocr_carea' id='block_1_1' title="bbox 976 581 2035 664">
    <p class='ocr_par' dir='ltr' id='par_1_1' title="bbox 976 581 2035 664">
     <span class='ocr_line' id='line_1_1' title="bbox 976 581 2035 664; baseline 0.01 -12"><span class='ocrx_word' id='word_1_1' title='bbox 976 581 1347 657; x_wconf 78' lang='lat' dir='ltr'>DIPLOMATICUS</span> <span class='ocrx_word' id='word_1_2' title='bbox 1973 599 2035 664; x_wconf 71' lang='lat'><strong>203</strong></span> 
     </span>
    </p>
   </div>
   <div class='ocr_carea' id='block_1_2' title="bbox 225 800 2103 3059">
    <p class='ocr_par' dir='ltr' id='par_1_2' title="bbox 225 800 2103 2598">
     <span class='ocr_line' id='line_1_2' title="bbox 225 800 2089 919; baseline 0.001 -20"><span class='ocrx_word' id='word_1_3' title='bbox 225 830 364 919; x_wconf 82' lang='lat' dir='ltr'>aliquod</span> <span class='ocrx_word' id='word_1_4' title='bbox 388 829 552 899; x_wconf 89' lang='lat' dir='ltr'><strong>damnum</strong></span> <span class='ocrx_word' id='word_1_5' title='bbox 575 829 703 897; x_wconf 82' lang='lat' dir='ltr'><strong>ibidem</strong></span> <span class='ocrx_word' id='word_1_6' title='bbox 727 846 797 895; x_wconf 93' lang='lat' dir='ltr'><strong>non</strong></span> <span class='ocrx_word' id='word_1_7' title='bbox 822 827 991 904; x_wconf 88' lang='lat' dir='ltr'><strong>habeatis,</strong></span> <span class='ocrx_word' id='word_1_8' title='bbox 1010 830 1044 896; x_wconf 88' lang='lat' dir='ltr'><strong>el</strong></span> <span class='ocrx_word' id='word_1_9' title='bbox 1065 844 1175 912; x_wconf 88' lang='lat' dir='ltr'><strong>neque</strong></span> <span class='ocrx_word' id='word_1_10' title='bbox 1197 843 1258 894; x_wconf 89' lang='lat' dir='ltr'><strong>vos</strong></span> <span class='ocrx_word' id='word_1_11' title='bbox 1280 800 1400 912; x_wconf 82' lang='lat' dir='ltr'><strong>nequo</strong></span> <span class='ocrx_word' id='word_1_12' title='bbox 1416 829 1520 896; x_wconf 90' lang='lat' dir='ltr'><strong>homo</strong></span> <span class='ocrx_word' id='word_1_13' title='bbox 1534 831 1650 898; x_wconf 87' lang='lat' dir='ltr'><strong>vester</strong></span> <span class='ocrx_word' id='word_1_14' title='bbox 1667 829 1763 898; x_wconf 82' lang='lat' dir='ltr'><strong>vobis</strong></span> <span class='ocrx_word' id='word_1_15' title='bbox 1779 829 1906 898; x_wconf 82' lang='lat' dir='ltr'><strong>ibidem</strong></span> <span class='ocrx_word' id='word_1_16' title='bbox 1925 831 2089 900; x_wconf 89' lang='lat' dir='ltr'><strong>virtutem</strong></span> 
     </span>
     <span class='ocr_line' id='line_1_3' title="bbox 227 980 2088 1078; baseline -0.001 -25"><span class='ocrx_word' id='word_1_17' title='bbox 227 987 284 1059; x_wconf 84' lang='lat' dir='ltr'><strong>vel</strong></span> <span class='ocrx_word' id='word_1_18' title='bbox 307 984 524 1054; x_wconf 86' lang='lat' dir='ltr'><strong>inbasionem</strong></span> <span class='ocrx_word' id='word_1_19' title='bbox 548 1001 619 1052; x_wconf 93' lang='lat' dir='ltr'><strong>non</strong></span> <span class='ocrx_word' id='word_1_20' title='bbox 642 981 793 1061; x_wconf 84' lang='lat' dir='ltr'><strong>iacietis,</strong></span> <span class='ocrx_word' id='word_1_21' title='bbox 813 983 866 1050; x_wconf 88' lang='lat' dir='ltr'><strong>set</strong></span> <span class='ocrx_word' id='word_1_22' title='bbox 888 980 1074 1048; x_wconf 89' lang='lat' dir='ltr'><strong>vindicetis</strong></span> <span class='ocrx_word' id='word_1_23' title='bbox 1089 980 1189 1047; x_wconf 87' lang='lat' dir='ltr'><strong>nobis</strong></span> <span class='ocrx_word' id='word_1_24' title='bbox 1205 997 1263 1050; x_wconf 88' lang='lat' dir='ltr'><strong>eos</strong></span> <span class='ocrx_word' id='word_1_25' title='bbox 1277 982 1322 1078; x_wconf 90' lang='lat' dir='ltr'><strong>ab</strong></span> <span class='ocrx_word' id='word_1_26' title='bbox 1338 981 1497 1068; x_wconf 89' lang='lat' dir='ltr'><strong>omnibus</strong></span> <span class='ocrx_word' id='word_1_27' title='bbox 1513 983 1724 1052; x_wconf 89' lang='lat' dir='ltr'><strong>hominibus.</strong></span> <span class='ocrx_word' id='word_1_28' title='bbox 1742 983 1835 1062; x_wconf 84' lang='lat' dir='ltr'><strong>Quod</strong></span> <span class='ocrx_word' id='word_1_29' title='bbox 1852 984 1882 1052; x_wconf 90' lang='lat' dir='ltr'><strong>si</strong></span> <span class='ocrx_word' id='word_1_30' title='bbox 1897 983 2088 1070; x_wconf 79' lang='lat' dir='ltr'><strong>predictam</strong></span> 
     </span>
     <span class='ocr_line' id='line_1_4' title="bbox 226 1102 2088 1220; baseline -0.002 -12"><span class='ocrx_word' id='word_1_31' title='bbox 226 1102 454 1211; x_wconf 88' lang='lat' dir='ltr'><strong>hereditatem</strong></span> <span class='ocrx_word' id='word_1_32' title='bbox 468 1149 550 1204; x_wconf 77' lang='lat' dir='ltr'><strong>&#39;non</strong></span> <span class='ocrx_word' id='word_1_33' title='bbox 567 1138 652 1206; x_wconf 86' lang='lat' dir='ltr'><strong>hene</strong></span> <span class='ocrx_word' id='word_1_34' title='bbox 668 1135 952 1213; x_wconf 71' lang='lat' dir='ltr'><strong>laboraverimus</strong></span> <span class='ocrx_word' id='word_1_35' title='bbox 971 1134 1120 1220; x_wconf 78' lang='lat' dir='ltr'><strong>qualiter</strong></span> <span class='ocrx_word' id='word_1_36' title='bbox 1136 1133 1407 1219; x_wconf 79' lang='lat' dir='ltr'><strong>supradiximus,</strong></span> <span class='ocrx_word' id='word_1_37' title='bbox 1425 1135 1593 1205; x_wconf 81' lang='lat' dir='ltr'><strong>faciamus</strong></span> <span class='ocrx_word' id='word_1_38' title='bbox 1608 1137 1706 1205; x_wconf 87' lang='lat' dir='ltr'><strong>vobis</strong></span> <span class='ocrx_word' id='word_1_39' title='bbox 1721 1137 1889 1206; x_wconf 86' lang='lat' dir='ltr'><strong>iustitiam</strong></span> <span class='ocrx_word' id='word_1_40' title='bbox 1906 1140 1940 1206; x_wconf 89' lang='lat' dir='ltr'><strong>et</strong></span> <span class='ocrx_word' id='word_1_41' title='bbox 1954 1138 2088 1207; x_wconf 79' lang='lat' dir='ltr'><strong>iactatis</strong></span> 
     </span>
     <span class='ocr_line' id='line_1_5' title="bbox 226 1285 2103 1376; baseline -0.002 -16"><span class='ocrx_word' id='word_1_42' title='bbox 226 1309 291 1360; x_wconf 90' lang='lat' dir='ltr'><strong>nos</strong></span> <span class='ocrx_word' id='word_1_43' title='bbox 313 1289 442 1360; x_wconf 83' lang='lat' dir='ltr'><strong>exinde</strong></span> <span class='ocrx_word' id='word_1_44' title='bbox 463 1287 605 1376; x_wconf 84' lang='lat' dir='ltr'><strong>baou0s3</strong></span> <span class='ocrx_word' id='word_1_45' title='bbox 622 1291 658 1356; x_wconf 86' lang='lat' dir='ltr'><strong>et</strong></span> <span class='ocrx_word' id='word_1_46' title='bbox 680 1287 710 1356; x_wconf 92' lang='lat' dir='ltr'><strong>si</strong></span> <span class='ocrx_word' id='word_1_47' title='bbox 732 1307 797 1356; x_wconf 91' lang='lat' dir='ltr'><strong>nos</strong></span> <span class='ocrx_word' id='word_1_48' title='bbox 819 1289 904 1357; x_wconf 86' lang='lat' dir='ltr'><strong>bene</strong></span> <span class='ocrx_word' id='word_1_49' title='bbox 926 1287 1118 1355; x_wconf 87' lang='lat' dir='ltr'><strong>laborando</strong></span> <span class='ocrx_word' id='word_1_50' title='bbox 1141 1290 1176 1355; x_wconf 92' lang='lat' dir='ltr'><strong>et</strong></span> <span class='ocrx_word' id='word_1_51' title='bbox 1199 1285 1374 1367; x_wconf 91' lang='lat' dir='ltr'><strong>cultandc,</strong></span> <span class='ocrx_word' id='word_1_52' title='bbox 1392 1289 1426 1355; x_wconf 88' lang='lat' dir='ltr'><strong>et</strong></span> <span class='ocrx_word' id='word_1_53' title='bbox 1447 1305 1565 1356; x_wconf 88' lang='lat' dir='ltr'><strong>curam</strong></span> <span class='ocrx_word' id='word_1_54' title='bbox 1590 1290 1625 1355; x_wconf 86' lang='lat' dir='ltr'><strong>et</strong></span> <span class='ocrx_word' id='word_1_55' title='bbox 1639 1287 1860 1373; x_wconf 87' lang='lat' dir='ltr'><strong>vigilantiam</strong></span> <span class='ocrx_word' id='word_1_56' title='bbox 1875 1289 2032 1358; x_wconf 88' lang='lat' dir='ltr'><strong>habendo</strong></span> <span class='ocrx_word' id='word_1_57' title='bbox 2045 1289 2103 1357; x_wconf 87' lang='lat' dir='ltr'><strong>de·</strong></span> 
     </span>
     <span class='ocr_line' id='line_1_6' title="bbox 226 1407 2085 1532; baseline -0.003 -17"><span class='ocrx_word' id='word_1_58' title='bbox 226 1445 420 1532; x_wconf 81' lang='lat' dir='ltr'><strong>predictam</strong></span> <span class='ocrx_word' id='word_1_59' title='bbox 437 1442 678 1522; x_wconf 83' lang='lat' dir='ltr'><strong>hereditatem,</strong></span> <span class='ocrx_word' id='word_1_60' title='bbox 697 1449 732 1510; x_wconf 91' lang='lat' dir='ltr'><strong>et</strong></span> <span class='ocrx_word' id='word_1_61' title='bbox 747 1443 856 1528; x_wconf 88' lang='lat' dir='ltr'><strong>ipsam</strong></span> <span class='ocrx_word' id='word_1_62' title='bbox 874 1443 989 1528; x_wconf 85' lang='lat' dir='ltr'><strong>legem</strong></span> <span class='ocrx_word' id='word_1_63' title='bbox 1005 1444 1157 1510; x_wconf 87' lang='lat' dir='ltr'><strong>vestram</strong></span> <span class='ocrx_word' id='word_1_64' title='bbox 1173 1407 1379 1528; x_wconf 87' lang='lat' dir='ltr'><strong>completam</strong></span> <span class='ocrx_word' id='word_1_65' title='bbox 1394 1443 1490 1510; x_wconf 87' lang='lat' dir='ltr'><strong>vobis</strong></span> <span class='ocrx_word' id='word_1_66' title='bbox 1506 1441 1631 1522; x_wconf 89' lang='lat' dir='ltr'><strong>dando,</strong></span> <span class='ocrx_word' id='word_1_67' title='bbox 1650 1442 1796 1528; x_wconf 87' lang='lat' dir='ltr'><strong>qualiter</strong></span> <span class='ocrx_word' id='word_1_68' title='bbox 1811 1431 2085 1528; x_wconf 82' lang='lat' dir='ltr'><strong>supradiximus,</strong></span> 
     </span>
     <span class='ocr_line' id='line_1_7' title="bbox 227 1593 2085 1689; baseline -0.001 -23"><span class='ocrx_word' id='word_1_69' title='bbox 227 1601 265 1666; x_wconf 89' lang='lat' dir='ltr'><strong>ct</strong></span> <span class='ocrx_word' id='word_1_70' title='bbox 287 1615 348 1666; x_wconf 87' lang='lat' dir='ltr'><strong>vos</strong></span> <span class='ocrx_word' id='word_1_71' title='bbox 370 1615 432 1666; x_wconf 91' lang='lat' dir='ltr'><strong>seu</strong></span> <span class='ocrx_word' id='word_1_72' title='bbox 455 1596 562 1667; x_wconf 85' lang='lat' dir='ltr'><strong>vestri</strong></span> <span class='ocrx_word' id='word_1_73' title='bbox 586 1595 731 1666; x_wconf 86' lang='lat' dir='ltr'><strong>heredes</strong></span> <span class='ocrx_word' id='word_1_74' title='bbox 753 1594 931 1664; x_wconf 88' lang='lat' dir='ltr'><strong>volueritis</strong></span> <span class='ocrx_word' id='word_1_75' title='bbox 953 1614 1017 1663; x_wconf 91' lang='lat' dir='ltr'><strong>nos</strong></span> <span class='ocrx_word' id='word_1_76' title='bbox 1040 1593 1121 1689; x_wconf 80' lang='lat' dir='ltr'><strong>inde</strong></span> <span class='ocrx_word' id='word_1_77' title='bbox 1143 1595 1285 1675; x_wconf 84' lang='lat' dir='ltr'><strong>iactare,</strong></span> <span class='ocrx_word' id='word_1_78' title='bbox 1304 1596 1466 1663; x_wconf 89' lang='lat' dir='ltr'><strong>similiter</strong></span> <span class='ocrx_word' id='word_1_79' title='bbox 1490 1595 1659 1664; x_wconf 89' lang='lat' dir='ltr'><strong>iustitiam</strong></span> <span class='ocrx_word' id='word_1_80' title='bbox 1674 1597 1773 1665; x_wconf 88' lang='lat' dir='ltr'><strong>nobis</strong></span> <span class='ocrx_word' id='word_1_81' title='bbox 1790 1597 1904 1664; x_wconf 87' lang='lat' dir='ltr'><strong>facere</strong></span> <span class='ocrx_word' id='word_1_82' title='bbox 1918 1597 2085 1666; x_wconf 87' lang='lat' dir='ltr'><strong>debeatis.</strong></span> 
     </span>
     <span class='ocr_line' id='line_1_8' title="bbox 227 1749 2088 1834; baseline -0.001 -15"><span class='ocrx_word' id='word_1_83' title='bbox 227 1752 293 1830; x_wconf 85' lang='lat' dir='ltr'><strong>Qui</strong></span> <span class='ocrx_word' id='word_1_84' title='bbox 315 1755 430 1820; x_wconf 88' lang='lat' dir='ltr'><strong>autem</strong></span> <span class='ocrx_word' id='word_1_85' title='bbox 454 1749 619 1819; x_wconf 84' lang='lat' dir='ltr'><strong>danobis</strong></span> <span class='ocrx_word' id='word_1_86' title='bbox 642 1749 813 1816; x_wconf 90' lang='lat' dir='ltr'><strong>anbarum</strong></span> <span class='ocrx_word' id='word_1_87' title='bbox 836 1750 956 1834; x_wconf 89' lang='lat' dir='ltr'><strong>partes</strong></span> <span class='ocrx_word' id='word_1_88' title='bbox 979 1750 1101 1816; x_wconf 90' lang='lat' dir='ltr'><strong>contra</strong></span> <span class='ocrx_word' id='word_1_89' title='bbox 1123 1750 1213 1815; x_wconf 92' lang='lat' dir='ltr'><strong>hanc</strong></span> <span class='ocrx_word' id='word_1_90' title='bbox 1235 1750 1431 1816; x_wconf 84' lang='lat' dir='ltr'><strong>chartulam</strong></span> <span class='ocrx_word' id='word_1_91' title='bbox 1455 1749 1574 1818; x_wconf 87' lang='lat' dir='ltr'><strong>venire</strong></span> <span class='ocrx_word' id='word_1_92' title='bbox 1589 1749 1823 1834; x_wconf 83' lang='lat' dir='ltr'><strong>presumserit,</strong></span> <span class='ocrx_word' id='word_1_93' title='bbox 1843 1751 2029 1834; x_wconf 87' lang='lat' dir='ltr'><strong>componat</strong></span> <span class='ocrx_word' id='word_1_94' title='bbox 2051 1753 2088 1818; x_wconf 88' lang='lat' dir='ltr'><strong>at</strong></span> 
     </span>
     <span class='ocr_line' id='line_1_9' title="bbox 227 1894 2089 1990; baseline -0.001 -18"><span class='ocrx_word' id='word_1_95' title='bbox 227 1907 365 1990; x_wconf 89' lang='lat' dir='ltr'><strong>partem</strong></span> <span class='ocrx_word' id='word_1_96' title='bbox 389 1921 455 1989; x_wconf 92' lang='lat' dir='ltr'><strong>que</strong></span> <span class='ocrx_word' id='word_1_97' title='bbox 476 1903 614 1971; x_wconf 88' lang='lat' dir='ltr'><strong>firmam</strong></span> <span class='ocrx_word' id='word_1_98' title='bbox 637 1903 793 1982; x_wconf 86' lang='lat' dir='ltr'><strong>steterit,</strong></span> <span class='ocrx_word' id='word_1_99' title='bbox 819 1903 897 1970; x_wconf 87' lang='lat' dir='ltr'><strong>auri</strong></span> <span class='ocrx_word' id='word_1_100' title='bbox 927 1901 1055 1971; x_wconf 89' lang='lat' dir='ltr'><strong>solidos</strong></span> <span class='ocrx_word' id='word_1_101' title='bbox 1086 1903 1178 1970; x_wconf 90' lang='lat' dir='ltr'><strong>libra</strong></span> <span class='ocrx_word' id='word_1_102' title='bbox 1207 1921 1278 1970; x_wconf 90' lang='lat' dir='ltr'><strong>una</strong></span> <span class='ocrx_word' id='word_1_103' title='bbox 1301 1894 1500 1986; x_wconf 83' lang='lat' dir='ltr'><strong>bytiantea,</strong></span> <span class='ocrx_word' id='word_1_104' title='bbox 1525 1905 1559 1971; x_wconf 91' lang='lat' dir='ltr'><strong>et</strong></span> <span class='ocrx_word' id='word_1_105' title='bbox 1580 1904 1645 1970; x_wconf 90' lang='lat' dir='ltr'><strong>hec</strong></span> <span class='ocrx_word' id='word_1_106' title='bbox 1668 1903 1846 1982; x_wconf 89' lang='lat' dir='ltr'><strong>chartula,</strong></span> <span class='ocrx_word' id='word_1_107' title='bbox 1871 1901 1914 1972; x_wconf 90' lang='lat' dir='ltr'><strong>de</strong></span> <span class='ocrx_word' id='word_1_108' title='bbox 1937 1921 2004 1988; x_wconf 89' lang='lat' dir='ltr'><strong>qua</strong></span> <span class='ocrx_word' id='word_1_109' title='bbox 2026 1919 2089 1970; x_wconf 91' lang='lat' dir='ltr'><strong>nos</strong></span> 
     </span>
     <span class='ocr_line' id='line_1_10' title="bbox 229 2052 2090 2142; baseline 0.001 -19"><span class='ocrx_word' id='word_1_110' title='bbox 229 2057 378 2125; x_wconf 90' lang='lat' dir='ltr'><strong>similem</strong></span> <span class='ocrx_word' id='word_1_111' title='bbox 402 2058 581 2136; x_wconf 87' lang='lat' dir='ltr'><strong>habemus,</strong></span> <span class='ocrx_word' id='word_1_112' title='bbox 600 2057 646 2124; x_wconf 91' lang='lat' dir='ltr'><strong>sit</strong></span> <span class='ocrx_word' id='word_1_113' title='bbox 668 2052 770 2124; x_wconf 83' lang='lat' dir='ltr'><strong>firma</strong></span> <span class='ocrx_word' id='word_1_114' title='bbox 791 2057 827 2123; x_wconf 90' lang='lat' dir='ltr'><strong>in</strong></span> <span class='ocrx_word' id='word_1_115' title='bbox 851 2057 1070 2141; x_wconf 86' lang='lat' dir='ltr'><strong>perpetuum.</strong></span> <span class='ocrx_word' id='word_1_116' title='bbox 1089 2057 1341 2124; x_wconf 84' lang='lat' dir='ltr'><strong>Verumtamen</strong></span> <span class='ocrx_word' id='word_1_117' title='bbox 1364 2058 1430 2124; x_wconf 93' lang='lat' dir='ltr'><strong>hoc</strong></span> <span class='ocrx_word' id='word_1_118' title='bbox 1453 2056 1611 2136; x_wconf 70' lang='lat' dir='ltr'><strong>dicimus</strong></span> <span class='ocrx_word' id='word_1_119' title='bbox 1637 2057 1721 2142; x_wconf 90' lang='lat' dir='ltr'><strong>quia</strong></span> <span class='ocrx_word' id='word_1_120' title='bbox 1742 2055 1935 2142; x_wconf 89' lang='lat' dir='ltr'><strong>predictam</strong></span> <span class='ocrx_word' id='word_1_121' title='bbox 1960 2057 2090 2126; x_wconf 88' lang='lat' dir='ltr'><strong>medie·</strong></span> 
     </span>
     <span class='ocr_line' id='line_1_11' title="bbox 230 2207 2090 2296; baseline 0.001 -20"><span class='ocrx_word' id='word_1_122' title='bbox 230 2211 335 2277; x_wconf 88' lang='lat' dir='ltr'><strong>tatem</strong></span> <span class='ocrx_word' id='word_1_123' title='bbox 359 2209 460 2278; x_wconf 92' lang='lat' dir='ltr'><strong>nobis</strong></span> <span class='ocrx_word' id='word_1_124' title='bbox 482 2208 626 2279; x_wconf 90' lang='lat' dir='ltr'><strong>dedistis</strong></span> <span class='ocrx_word' id='word_1_125' title='bbox 648 2209 692 2278; x_wconf 91' lang='lat' dir='ltr'><strong>de</strong></span> <span class='ocrx_word' id='word_1_126' title='bbox 716 2210 794 2296; x_wconf 86' lang='lat' dir='ltr'><strong>ipsa</strong></span> <span class='ocrx_word' id='word_1_127' title='bbox 816 2209 1012 2280; x_wconf 88' lang='lat' dir='ltr'><strong>hereditate</strong></span> <span class='ocrx_word' id='word_1_128' title='bbox 1035 2211 1151 2278; x_wconf 86' lang='lat' dir='ltr'><strong>vetere</strong></span> <span class='ocrx_word' id='word_1_129' title='bbox 1175 2213 1217 2276; x_wconf 90' lang='lat' dir='ltr'><strong>ab</strong></span> <span class='ocrx_word' id='word_1_130' title='bbox 1239 2209 1316 2295; x_wconf 87' lang='lat' dir='ltr'><strong>ipsa</strong></span> <span class='ocrx_word' id='word_1_131' title='bbox 1338 2209 1396 2276; x_wconf 90' lang='lat' dir='ltr'><strong>via</strong></span> <span class='ocrx_word' id='word_1_132' title='bbox 1419 2209 1458 2277; x_wconf 91' lang='lat' dir='ltr'><strong>in</strong></span> <span class='ocrx_word' id='word_1_133' title='bbox 1473 2209 1546 2279; x_wconf 91' lang='lat' dir='ltr'><strong>iusu</strong></span> <span class='ocrx_word' id='word_1_134' title='bbox 1562 2208 1599 2275; x_wconf 89' lang='lat' dir='ltr'><strong>in</strong></span> <span class='ocrx_word' id='word_1_135' title='bbox 1616 2209 1691 2294; x_wconf 91' lang='lat' dir='ltr'><strong>ipso</strong></span> <span class='ocrx_word' id='word_1_136' title='bbox 1708 2207 1841 2288; x_wconf 88' lang='lat' dir='ltr'><strong>ordine,</strong></span> <span class='ocrx_word' id='word_1_137' title='bbox 1861 2208 1950 2294; x_wconf 89' lang='lat' dir='ltr'><strong>quod</strong></span> <span class='ocrx_word' id='word_1_138' title='bbox 1967 2228 2090 2294; x_wconf 85' lang='lat' dir='ltr'><strong>supra·</strong></span> 
     </span>
     <span class='ocr_line' id='line_1_12' title="bbox 228 2323 2092 2450; baseline -0.001 -19"><span class='ocrx_word' id='word_1_139' title='bbox 228 2364 403 2450; x_wconf 87' lang='lat' dir='ltr'><strong>diximus;</strong></span> <span class='ocrx_word' id='word_1_140' title='bbox 420 2365 472 2431; x_wconf 87' lang='lat' dir='ltr'><strong>set</strong></span> <span class='ocrx_word' id='word_1_141' title='bbox 495 2363 538 2431; x_wconf 92' lang='lat' dir='ltr'><strong>de</strong></span> <span class='ocrx_word' id='word_1_142' title='bbox 561 2381 674 2430; x_wconf 88' lang='lat' dir='ltr'><strong>caune</strong></span> <span class='ocrx_word' id='word_1_143' title='bbox 696 2365 731 2431; x_wconf 93' lang='lat' dir='ltr'><strong>et</strong></span> <span class='ocrx_word' id='word_1_144' title='bbox 755 2364 845 2430; x_wconf 88' lang='lat' dir='ltr'><strong>olibe</strong></span> <span class='ocrx_word' id='word_1_145' title='bbox 867 2363 968 2431; x_wconf 91' lang='lat' dir='ltr'><strong>nohis</strong></span> <span class='ocrx_word' id='word_1_146' title='bbox 991 2362 1121 2448; x_wconf 89' lang='lat' dir='ltr'><strong>aliquid</strong></span> <span class='ocrx_word' id='word_1_147' title='bbox 1145 2378 1217 2429; x_wconf 90' lang='lat' dir='ltr'><strong>non</strong></span> <span class='ocrx_word' id='word_1_148' title='bbox 1233 2361 1334 2442; x_wconf 88' lang='lat' dir='ltr'><strong>detis,</strong></span> <span class='ocrx_word' id='word_1_149' title='bbox 1352 2362 1434 2448; x_wconf 89' lang='lat' dir='ltr'><strong>quia</strong></span> <span class='ocrx_word' id='word_1_150' title='bbox 1457 2363 1507 2430; x_wconf 89' lang='lat' dir='ltr'><strong>sic</strong></span> <span class='ocrx_word' id='word_1_151' title='bbox 1522 2362 1620 2429; x_wconf 89' lang='lat' dir='ltr'><strong>nobis</strong></span> <span class='ocrx_word' id='word_1_152' title='bbox 1635 2361 1749 2432; x_wconf 86' lang='lat' dir='ltr'><strong>stetit:</strong></span> <span class='ocrx_word' id='word_1_153' title='bbox 1769 2323 1980 2429; x_wconf 89' lang='lat' dir='ltr'><strong>solummodo</strong></span> <span class='ocrx_word' id='word_1_154' title='bbox 1995 2364 2092 2430; x_wconf 85' lang='lat' dir='ltr'><strong>tante</strong></span> 
     </span>
     <span class='ocr_line' id='line_1_13' title="bbox 230 2512 1231 2598; baseline -0.002 -16"><span class='ocrx_word' id='word_1_155' title='bbox 230 2533 345 2583; x_wconf 90' lang='lat' dir='ltr'><strong>canne</strong></span> <span class='ocrx_word' id='word_1_156' title='bbox 366 2513 467 2582; x_wconf 92' lang='lat' dir='ltr'><strong>nobis</strong></span> <span class='ocrx_word' id='word_1_157' title='bbox 490 2512 589 2592; x_wconf 90' lang='lat' dir='ltr'><strong>detis,</strong></span> <span class='ocrx_word' id='word_1_158' title='bbox 615 2515 655 2580; x_wconf 87' lang='lat' dir='ltr'><strong>ut</strong></span> <span class='ocrx_word' id='word_1_159' title='bbox 677 2513 853 2581; x_wconf 82' lang='lat' dir='ltr'><strong>sufficiant</strong></span> <span class='ocrx_word' id='word_1_160' title='bbox 877 2515 914 2580; x_wconf 92' lang='lat' dir='ltr'><strong>in</strong></span> <span class='ocrx_word' id='word_1_161' title='bbox 936 2513 1097 2598; x_wconf 87' lang='lat' dir='ltr'><strong>predicta</strong></span> <span class='ocrx_word' id='word_1_162' title='bbox 1118 2512 1231 2580; x_wconf 90' lang='lat' dir='ltr'><strong>vinea.</strong></span> 
     </span>
    </p>

    <p class='ocr_par' dir='ltr' id='par_1_3' title="bbox 291 2641 1222 2754">
     <span class='ocr_line' id='line_1_14' title="bbox 291 2641 1222 2754; baseline -0.002 -20"><span class='ocrx_word' id='word_1_163' title='bbox 291 2641 321 2754; x_wconf 87' lang='lat'>†</span> <span class='ocrx_word' id='word_1_164' title='bbox 343 2685 463 2735; x_wconf 88' lang='lat' dir='ltr'><strong>mauro</strong></span> <span class='ocrx_word' id='word_1_165' title='bbox 478 2667 572 2736; x_wconf 88' lang='lat' dir='ltr'><strong>filius</strong></span> <span class='ocrx_word' id='word_1_166' title='bbox 595 2667 703 2752; x_wconf 87' lang='lat' dir='ltr'><strong>sergii</strong></span> <span class='ocrx_word' id='word_1_167' title='bbox 727 2666 770 2734; x_wconf 91' lang='lat' dir='ltr'><strong>de</strong></span> <span class='ocrx_word' id='word_1_168' title='bbox 793 2668 1003 2752; x_wconf 87' lang='lat' dir='ltr'><strong>pantaleone</strong></span> <span class='ocrx_word' id='word_1_169' title='bbox 1027 2667 1124 2734; x_wconf 88' lang='lat' dir='ltr'><strong>testis</strong></span> <span class='ocrx_word' id='word_1_170' title='bbox 1146 2685 1222 2734; x_wconf 92' lang='lat' dir='ltr'><strong>sum</strong></span> 
     </span>
    </p>

    <p class='ocr_par' dir='ltr' id='par_1_4' title="bbox 290 2791 1565 2920">
     <span class='ocr_line' id='line_1_15' title="bbox 290 2791 1565 2920; baseline -0.002 -34"><span class='ocrx_word' id='word_1_171' title='bbox 290 2791 320 2906; x_wconf 86' lang='lat'>†</span> <span class='ocrx_word' id='word_1_172' title='bbox 342 2813 480 2904; x_wconf 83' lang='lat' dir='ltr'><strong>lupinus</strong></span> <span class='ocrx_word' id='word_1_173' title='bbox 502 2819 596 2886; x_wconf 90' lang='lat' dir='ltr'><strong>filius</strong></span> <span class='ocrx_word' id='word_1_174' title='bbox 620 2819 730 2920; x_wconf 84' lang='lat' dir='ltr'><strong>sergii</strong></span> <span class='ocrx_word' id='word_1_175' title='bbox 754 2819 797 2887; x_wconf 87' lang='lat' dir='ltr'><strong>de</strong></span> <span class='ocrx_word' id='word_1_176' title='bbox 822 2821 942 2904; x_wconf 90' lang='lat' dir='ltr'><strong>lupino</strong></span> <span class='ocrx_word' id='word_1_177' title='bbox 966 2820 1008 2888; x_wconf 92' lang='lat' dir='ltr'><strong>de</strong></span> <span class='ocrx_word' id='word_1_178' title='bbox 1031 2838 1197 2887; x_wconf 84' lang='lat' dir='ltr'><strong>maurone</strong></span> <span class='ocrx_word' id='word_1_179' title='bbox 1220 2795 1345 2886; x_wconf 88' lang='lat' dir='ltr'><strong>comite</strong></span> <span class='ocrx_word' id='word_1_180' title='bbox 1367 2819 1466 2886; x_wconf 89' lang='lat' dir='ltr'><strong>testis</strong></span> <span class='ocrx_word' id='word_1_181' title='bbox 1488 2837 1565 2886; x_wconf 92' lang='lat' dir='ltr'><strong>sum</strong></span> 
     </span>
    </p>

    <p class='ocr_par' dir='ltr' id='par_1_5' title="bbox 291 2943 946 3059">
     <span class='ocr_line' id='line_1_16' title="bbox 291 2943 946 3059; baseline 0.002 -21"><span class='ocrx_word' id='word_1_182' title='bbox 291 2943 321 3059; x_wconf 86' lang='lat'>†</span> <span class='ocrx_word' id='word_1_183' title='bbox 342 2971 471 3057; x_wconf 88' lang='lat' dir='ltr'><strong>pardus</strong></span> <span class='ocrx_word' id='word_1_184' title='bbox 493 2972 586 3040; x_wconf 89' lang='lat' dir='ltr'><strong>filius</strong></span> <span class='ocrx_word' id='word_1_185' title='bbox 608 2989 725 3040; x_wconf 90' lang='lat' dir='ltr'><strong>musco</strong></span> <span class='ocrx_word' id='word_1_186' title='bbox 748 2974 848 3041; x_wconf 85' lang='lat' dir='ltr'><strong>testis</strong></span> <span class='ocrx_word' id='word_1_187' title='bbox 870 2991 946 3041; x_wconf 92' lang='lat' dir='ltr'><strong>sum</strong></span> 
     </span>
    </p>
   </div>
   <div class='ocr_carea' id='block_1_3' title="bbox 292 3097 1156 3211">
    <p class='ocr_par' dir='ltr' id='par_1_6' title="bbox 292 3097 1156 3211">
     <span class='ocr_line' id='line_1_17' title="bbox 292 3097 1156 3211; baseline -0.001 -19"><span class='ocrx_word' id='word_1_188' title='bbox 292 3097 412 3211; x_wconf 85' lang='lat' dir='ltr'><strong>†ego</strong></span> <span class='ocrx_word' id='word_1_189' title='bbox 435 3125 606 3193; x_wconf 88' lang='lat' dir='ltr'><strong>iohannes</strong></span> <span class='ocrx_word' id='word_1_190' title='bbox 629 3126 747 3194; x_wconf 90' lang='lat' dir='ltr'><strong>scriba</strong></span> <span class='ocrx_word' id='word_1_191' title='bbox 769 3125 861 3193; x_wconf 86' lang='lat' dir='ltr'><strong>filius</strong></span> <span class='ocrx_word' id='word_1_192' title='bbox 884 3126 994 3210; x_wconf 86' lang='lat' dir='ltr'><strong>sergii</strong></span> <span class='ocrx_word' id='word_1_193' title='bbox 1017 3125 1156 3211; x_wconf 87' lang='lat' dir='ltr'><strong>scripsi.</strong></span> 
     </span>
    </p>
   </div>
   <div class='ocr_carea' id='block_1_4' title="bbox 1018 3595 1346 3896">
    <p class='ocr_par' dir='ltr' id='par_1_7' title="bbox 1018 3595 1346 3896">
     <span class='ocr_line' id='line_1_18' title="bbox 1018 3595 1346 3677; baseline -0.006 -1"><span class='ocrx_word' id='word_1_194' title='bbox 1018 3595 1346 3677; x_wconf 77' lang='lat' dir='ltr'><strong>cccnxiv.</strong></span> 
     </span>
     <span class='ocr_line' id='line_1_19' title="bbox 1024 3793 1322 3896; baseline 0.007 -26"><span class='ocrx_word' id='word_1_195' title='bbox 1024 3794 1091 3870; x_wconf 79' lang='lat' dir='ltr'><strong>n.</strong></span> <span class='ocrx_word' id='word_1_196' title='bbox 1128 3795 1192 3896; x_wconf 72' lang='lat' dir='ltr'><strong>n.</strong></span> <span class='ocrx_word' id='word_1_197' title='bbox 1218 3793 1322 3872; x_wconf 73' lang='lat' dir='ltr'><strong>aaa.</strong></span> 
     </span>
    </p>
   </div>
   <div class='ocr_carea' id='block_1_5' title="bbox 236 3990 2101 5044">
    <p class='ocr_par' dir='ltr' id='par_1_8' title="bbox 236 3990 2101 5044">
     <span class='ocr_line' id='line_1_20' title="bbox 300 3990 2098 4129; baseline 0.002 -19"><span class='ocrx_word' id='word_1_198' title='bbox 300 3990 335 4129; x_wconf 67' lang='lat'>†</span> <span class='ocrx_word' id='word_1_199' title='bbox 358 4045 397 4110; x_wconf 93' lang='lat' dir='ltr'><strong>ln</strong></span> <span class='ocrx_word' id='word_1_200' title='bbox 412 4042 554 4110; x_wconf 92' lang='lat' dir='ltr'><strong>nomine</strong></span> <span class='ocrx_word' id='word_1_201' title='bbox 569 4041 701 4110; x_wconf 93' lang='lat' dir='ltr'><strong>domini</strong></span> <span class='ocrx_word' id='word_1_202' title='bbox 718 4042 833 4127; x_wconf 91' lang='lat' dir='ltr'><strong>primo</strong></span> <span class='ocrx_word' id='word_1_203' title='bbox 850 4059 942 4109; x_wconf 90' lang='lat' dir='ltr'><strong>anno</strong></span> <span class='ocrx_word' id='word_1_204' title='bbox 966 4041 1183 4126; x_wconf 89' lang='lat' dir='ltr'><strong>principatus</strong></span> <span class='ocrx_word' id='word_1_205' title='bbox 1205 4040 1324 4107; x_wconf 91' lang='lat' dir='ltr'><strong>domni</strong></span> <span class='ocrx_word' id='word_1_206' title='bbox 1348 4043 1459 4109; x_wconf 87' lang='lat' dir='ltr'><strong>nostri</strong></span> <span class='ocrx_word' id='word_1_207' title='bbox 1482 4041 1628 4110; x_wconf 86' lang='lat' dir='ltr'><strong>iohanni</strong></span> <span class='ocrx_word' id='word_1_208' title='bbox 1651 4046 1685 4110; x_wconf 90' lang='lat' dir='ltr'><strong>et</strong></span> <span class='ocrx_word' id='word_1_209' title='bbox 1708 4041 1825 4109; x_wconf 90' lang='lat' dir='ltr'><strong>domni</strong></span> <span class='ocrx_word' id='word_1_210' title='bbox 1853 4044 1997 4129; x_wconf 87' lang='lat' dir='ltr'><strong>guidoni</strong></span> <span class='ocrx_word' id='word_1_211' title='bbox 2023 4046 2098 4115; x_wconf 88' lang='lat' dir='ltr'><strong>eius</strong></span> 
     </span>
     <span class='ocr_line' id='line_1_21' title="bbox 240 4192 2098 4279; baseline 0.003 -19"><span class='ocrx_word' id='word_1_212' title='bbox 240 4193 314 4261; x_wconf 88' lang='lat' dir='ltr'><strong>filio</strong></span> <span class='ocrx_word' id='word_1_213' title='bbox 330 4194 476 4278; x_wconf 81' lang='lat' dir='ltr'><strong>gloriosi</strong></span> <span class='ocrx_word' id='word_1_214' title='bbox 492 4194 721 4279; x_wconf 90' lang='lat' dir='ltr'><strong>principibus,</strong></span> <span class='ocrx_word' id='word_1_215' title='bbox 740 4212 857 4263; x_wconf 88' lang='lat' dir='ltr'><strong>mense</strong></span> <span class='ocrx_word' id='word_1_216' title='bbox 880 4195 1071 4274; x_wconf 89' lang='lat' dir='ltr'><strong>ianuarius,</strong></span> <span class='ocrx_word' id='word_1_217' title='bbox 1090 4192 1295 4262; x_wconf 89' lang='lat' dir='ltr'><strong>duodecima</strong></span> <span class='ocrx_word' id='word_1_218' title='bbox 1316 4193 1517 4261; x_wconf 88' lang='lat' dir='ltr'><strong>indictione.</strong></span> <span class='ocrx_word' id='word_1_219' title='bbox 1535 4195 1816 4263; x_wconf 89' lang='lat' dir='ltr'><strong>Memoratorium</strong></span> <span class='ocrx_word' id='word_1_220' title='bbox 1841 4195 1934 4263; x_wconf 84' lang='lat' dir='ltr'><strong>factu</strong></span> <span class='ocrx_word' id='word_1_221' title='bbox 1955 4215 1976 4262; x_wconf 88' lang='lat' dir='ltr'><strong>a</strong></span> <span class='ocrx_word' id='word_1_222' title='bbox 1998 4197 2098 4265; x_wconf 91' lang='lat' dir='ltr'><strong>nohis</strong></span> 
     </span>
     <span class='ocr_line' id='line_1_22' title="bbox 243 4349 2095 4436; baseline 0.002 -22"><span class='ocrx_word' id='word_1_223' title='bbox 243 4349 384 4418; x_wconf 83' lang='lat' dir='ltr'><strong>ciconus</strong></span> <span class='ocrx_word' id='word_1_224' title='bbox 399 4353 434 4418; x_wconf 93' lang='lat' dir='ltr'><strong>et</strong></span> <span class='ocrx_word' id='word_1_225' title='bbox 450 4350 540 4418; x_wconf 88' lang='lat' dir='ltr'><strong>mari</strong></span> <span class='ocrx_word' id='word_1_226' title='bbox 556 4349 717 4434; x_wconf 83' lang='lat' dir='ltr'><strong>germani</strong></span> <span class='ocrx_word' id='word_1_227' title='bbox 732 4350 796 4417; x_wconf 86' lang='lat' dir='ltr'><strong>dlii</strong></span> <span class='ocrx_word' id='word_1_228' title='bbox 813 4350 998 4436; x_wconf 83' lang='lat' dir='ltr'><strong>adalghisi,</strong></span> <span class='ocrx_word' id='word_1_229' title='bbox 1017 4351 1053 4417; x_wconf 89' lang='lat' dir='ltr'><strong>et</strong></span> <span class='ocrx_word' id='word_1_230' title='bbox 1067 4367 1147 4418; x_wconf 90' lang='lat' dir='ltr'><strong>urso</strong></span> <span class='ocrx_word' id='word_1_231' title='bbox 1163 4349 1370 4429; x_wconf 86' lang='lat' dir='ltr'><strong>atrianensi,</strong></span> <span class='ocrx_word' id='word_1_232' title='bbox 1399 4351 1435 4417; x_wconf 86' lang='lat' dir='ltr'><strong>ct</strong></span> <span class='ocrx_word' id='word_1_233' title='bbox 1458 4349 1633 4434; x_wconf 88' lang='lat' dir='ltr'><strong>ianelgari</strong></span> <span class='ocrx_word' id='word_1_234' title='bbox 1656 4349 1713 4435; x_wconf 92' lang='lat' dir='ltr'><strong>qui</strong></span> <span class='ocrx_word' id='word_1_235' title='bbox 1734 4351 1879 4416; x_wconf 87' lang='lat' dir='ltr'><strong>vocabat</strong></span> <span class='ocrx_word' id='word_1_236' title='bbox 1900 4349 2095 4435; x_wconf 87' lang='lat' dir='ltr'><strong>ingeniosu,</strong></span> 
     </span>
     <span class='ocr_line' id='line_1_23' title="bbox 241 4465 2100 4603; baseline 0.001 -36"><span class='ocrx_word' id='word_1_237' title='bbox 241 4517 284 4568; x_wconf 90' lang='lat' dir='ltr'><strong>eo</strong></span> <span class='ocrx_word' id='word_1_238' title='bbox 300 4499 390 4584; x_wconf 90' lang='lat' dir='ltr'><strong>quod</strong></span> <span class='ocrx_word' id='word_1_239' title='bbox 407 4501 489 4603; x_wconf 86' lang='lat' dir='ltr'><strong>ante</strong></span> <span class='ocrx_word' id='word_1_240' title='bbox 511 4501 698 4586; x_wconf 87' lang='lat' dir='ltr'><strong>supscripti</strong></span> <span class='ocrx_word' id='word_1_241' title='bbox 722 4502 826 4568; x_wconf 83' lang='lat' dir='ltr'><strong>testes</strong></span> <span class='ocrx_word' id='word_1_242' title='bbox 848 4498 1054 4566; x_wconf 87' lang='lat' dir='ltr'><strong>tradidimus</strong></span> <span class='ocrx_word' id='word_1_243' title='bbox 1077 4497 1119 4564; x_wconf 88' lang='lat' dir='ltr'><strong>ad</strong></span> <span class='ocrx_word' id='word_1_244' title='bbox 1145 4497 1331 4567; x_wconf 85' lang='lat' dir='ltr'><strong>tenendum</strong></span> <span class='ocrx_word' id='word_1_245' title='bbox 1346 4465 1379 4565; x_wconf 81' lang='lat' dir='ltr'><strong>et</strong></span> <span class='ocrx_word' id='word_1_246' title='bbox 1396 4498 1618 4566; x_wconf 89' lang='lat' dir='ltr'><strong>laborandum</strong></span> <span class='ocrx_word' id='word_1_247' title='bbox 1635 4499 1823 4566; x_wconf 90' lang='lat' dir='ltr'><strong>domnandi</strong></span> <span class='ocrx_word' id='word_1_248' title='bbox 1839 4501 1912 4568; x_wconf 89' lang='lat' dir='ltr'><strong>filio</strong></span> <span class='ocrx_word' id='word_1_249' title='bbox 1927 4499 2100 4586; x_wconf 89' lang='lat' dir='ltr'><strong>quondam</strong></span> 
     </span>
     <span class='ocr_line' id='line_1_24' title="bbox 240 4651 2100 4737; baseline 0.002 -19"><span class='ocrx_word' id='word_1_250' title='bbox 240 4653 336 4718; x_wconf 91' lang='lat' dir='ltr'><strong>turbi</strong></span> <span class='ocrx_word' id='word_1_251' title='bbox 352 4651 395 4718; x_wconf 87' lang='lat' dir='ltr'><strong>de</strong></span> <span class='ocrx_word' id='word_1_252' title='bbox 411 4653 516 4720; x_wconf 85' lang='lat' dir='ltr'><strong>rebus</strong></span> <span class='ocrx_word' id='word_1_253' title='bbox 530 4655 651 4720; x_wconf 88' lang='lat' dir='ltr'><strong>nostra</strong></span> <span class='ocrx_word' id='word_1_254' title='bbox 667 4651 755 4737; x_wconf 91' lang='lat' dir='ltr'><strong>quod</strong></span> <span class='ocrx_word' id='word_1_255' title='bbox 773 4669 919 4720; x_wconf 91' lang='lat' dir='ltr'><strong>comune</strong></span> <span class='ocrx_word' id='word_1_256' title='bbox 933 4654 1102 4719; x_wconf 88' lang='lat' dir='ltr'><strong>habemus</strong></span> <span class='ocrx_word' id='word_1_257' title='bbox 1117 4653 1154 4720; x_wconf 92' lang='lat' dir='ltr'><strong>in</strong></span> <span class='ocrx_word' id='word_1_258' title='bbox 1171 4654 1284 4718; x_wconf 92' lang='lat' dir='ltr'><strong>locum</strong></span> <span class='ocrx_word' id='word_1_259' title='bbox 1307 4651 1389 4731; x_wconf 93' lang='lat' dir='ltr'><strong>iobi,</strong></span> <span class='ocrx_word' id='word_1_260' title='bbox 1415 4653 1452 4719; x_wconf 92' lang='lat' dir='ltr'><strong>in</strong></span> <span class='ocrx_word' id='word_1_261' title='bbox 1475 4670 1543 4737; x_wconf 91' lang='lat' dir='ltr'><strong>quo</strong></span> <span class='ocrx_word' id='word_1_262' title='bbox 1567 4653 1626 4720; x_wconf 87' lang='lat' dir='ltr'><strong>illc</strong></span> <span class='ocrx_word' id='word_1_263' title='bbox 1649 4651 1750 4719; x_wconf 92' lang='lat' dir='ltr'><strong>modo</strong></span> <span class='ocrx_word' id='word_1_264' title='bbox 1765 4653 1972 4721; x_wconf 89' lang='lat' dir='ltr'><strong>seminatum</strong></span> <span class='ocrx_word' id='word_1_265' title='bbox 1996 4655 2100 4722; x_wconf 88' lang='lat' dir='ltr'><strong>habet</strong></span> 
     </span>
     <span class='ocr_line' id='line_1_25' title="bbox 236 4803 2101 4893; baseline 0.001 -22"><span class='ocrx_word' id='word_1_266' title='bbox 236 4805 335 4872; x_wconf 81' lang='lat' dir='ltr'><strong>infra</strong></span> <span class='ocrx_word' id='word_1_267' title='bbox 357 4807 422 4874; x_wconf 87' lang='lat' dir='ltr'><strong>hec</strong></span> <span class='ocrx_word' id='word_1_268' title='bbox 444 4806 539 4892; x_wconf 85' lang='lat' dir='ltr'><strong>flnis3</strong></span> <span class='ocrx_word' id='word_1_269' title='bbox 563 4805 606 4874; x_wconf 94' lang='lat' dir='ltr'><strong>de</strong></span> <span class='ocrx_word' id='word_1_270' title='bbox 627 4822 700 4872; x_wconf 89' lang='lat' dir='ltr'><strong>una</strong></span> <span class='ocrx_word' id='word_1_271' title='bbox 722 4807 823 4890; x_wconf 89' lang='lat' dir='ltr'><strong>parte</strong></span> <span class='ocrx_word' id='word_1_272' title='bbox 845 4807 915 4872; x_wconf 87' lang='lat' dir='ltr'><strong>fine</strong></span> <span class='ocrx_word' id='word_1_273' title='bbox 938 4806 1034 4871; x_wconf 92' lang='lat' dir='ltr'><strong>ribus</strong></span> <span class='ocrx_word' id='word_1_274' title='bbox 1056 4805 1116 4891; x_wconf 89' lang='lat' dir='ltr'><strong>qui</strong></span> <span class='ocrx_word' id='word_1_275' title='bbox 1137 4803 1265 4871; x_wconf 88' lang='lat' dir='ltr'><strong>dicitur</strong></span> <span class='ocrx_word' id='word_1_276' title='bbox 1288 4804 1471 4893; x_wconf 81' lang='lat' dir='ltr'><strong>looubia⁴);</strong></span> <span class='ocrx_word' id='word_1_277' title='bbox 1488 4807 1523 4872; x_wconf 92' lang='lat' dir='ltr'><strong>et</strong></span> <span class='ocrx_word' id='word_1_278' title='bbox 1546 4803 1587 4873; x_wconf 88' lang='lat' dir='ltr'><strong>de</strong></span> <span class='ocrx_word' id='word_1_279' title='bbox 1611 4804 1682 4873; x_wconf 88' lang='lat' dir='ltr'><strong>alia</strong></span> <span class='ocrx_word' id='word_1_280' title='bbox 1705 4807 1806 4890; x_wconf 87' lang='lat' dir='ltr'><strong>parte</strong></span> <span class='ocrx_word' id='word_1_281' title='bbox 1828 4807 1898 4875; x_wconf 88' lang='lat' dir='ltr'><strong>fine</strong></span> <span class='ocrx_word' id='word_1_282' title='bbox 1921 4809 2018 4874; x_wconf 88' lang='lat' dir='ltr'><strong>ribus</strong></span> <span class='ocrx_word' id='word_1_283' title='bbox 2041 4806 2101 4893; x_wconf 92' lang='lat' dir='ltr'><strong>qui</strong></span> 
     </span>
     <span class='ocr_line' id='line_1_26' title="bbox 241 4956 2098 5044; baseline 0.002 -21"><span class='ocrx_word' id='word_1_284' title='bbox 241 4956 371 5025; x_wconf 90' lang='lat' dir='ltr'><strong>dicitur</strong></span> <span class='ocrx_word' id='word_1_285' title='bbox 392 4957 463 5025; x_wconf 91' lang='lat' dir='ltr'><strong>dua</strong></span> <span class='ocrx_word' id='word_1_286' title='bbox 486 4957 606 5025; x_wconf 90' lang='lat' dir='ltr'><strong>ribora</strong></span> <span class='ocrx_word' id='word_1_287' title='bbox 627 4957 686 5044; x_wconf 92' lang='lat' dir='ltr'><strong>qui</strong></span> <span class='ocrx_word' id='word_1_288' title='bbox 710 4959 893 5044; x_wconf 87' lang='lat' dir='ltr'><strong>coniungit</strong></span> <span class='ocrx_word' id='word_1_289' title='bbox 908 4962 945 5025; x_wconf 92' lang='lat' dir='ltr'><strong>in</strong></span> <span class='ocrx_word' id='word_1_290' title='bbox 962 4961 1036 5042; x_wconf 90' lang='lat' dir='ltr'><strong>ipsa</strong></span> <span class='ocrx_word' id='word_1_291' title='bbox 1058 4959 1208 5044; x_wconf 86' lang='lat' dir='ltr'><strong>locubia3</strong></span> <span class='ocrx_word' id='word_1_292' title='bbox 1233 4960 1269 5024; x_wconf 87' lang='lat' dir='ltr'><strong>ct</strong></span> <span class='ocrx_word' id='word_1_293' title='bbox 1289 4958 1454 5044; x_wconf 85' lang='lat' dir='ltr'><strong>desuper</strong></span> <span class='ocrx_word' id='word_1_294' title='bbox 1477 4959 1546 5027; x_wconf 87' lang='lat' dir='ltr'><strong>fine</strong></span> <span class='ocrx_word' id='word_1_295' title='bbox 1567 4961 1697 5026; x_wconf 85' lang='lat' dir='ltr'><strong>nostra.</strong></span> <span class='ocrx_word' id='word_1_296' title='bbox 1715 4958 1809 5026; x_wconf 84' lang='lat' dir='ltr'><strong>infra</strong></span> <span class='ocrx_word' id='word_1_297' title='bbox 1824 4959 1986 5027; x_wconf 84' lang='lat' dir='ltr'><strong>iamdicto</strong></span> <span class='ocrx_word' id='word_1_298' title='bbox 2001 4960 2098 5037; x_wconf 90' lang='lat' dir='ltr'><strong>fines,</strong></span> 
     </span>
    </p>
   </div>
   <div class='ocr_carea' id='block_1_6' title="bbox 243 5109 2103 5214">
    <p class='ocr_par' dir='ltr' id='par_1_9' title="bbox 243 5109 2103 5214">
     <span class='ocr_line' id='line_1_27' title="bbox 243 5109 2103 5214; baseline 0.001 -36"><span class='ocrx_word' id='word_1_299' title='bbox 243 5112 334 5179; x_wconf 88' lang='lat' dir='ltr'><strong>sicut</strong></span> <span class='ocrx_word' id='word_1_300' title='bbox 357 5129 464 5196; x_wconf 89' lang='lat' dir='ltr'><strong>supra</strong></span> <span class='ocrx_word' id='word_1_301' title='bbox 486 5111 649 5191; x_wconf 88' lang='lat' dir='ltr'><strong>diximus,</strong></span> <span class='ocrx_word' id='word_1_302' title='bbox 676 5111 785 5196; x_wconf 88' lang='lat' dir='ltr'><strong>ipsius</strong></span> <span class='ocrx_word' id='word_1_303' title='bbox 807 5111 995 5178; x_wconf 91' lang='lat' dir='ltr'><strong>domnandi</strong></span> <span class='ocrx_word' id='word_1_304' title='bbox 1019 5109 1292 5214; x_wconf 37' lang='lat' dir='ltr'><strong>tradidimus&#39;de</strong></span> <span class='ocrx_word' id='word_1_305' title='bbox 1315 5115 1483 5198; x_wconf 89' lang='lat' dir='ltr'><strong>quantum</strong></span> <span class='ocrx_word' id='word_1_306' title='bbox 1506 5111 1633 5180; x_wconf 82' lang='lat' dir='ltr'><strong>exinde</strong></span> <span class='ocrx_word' id='word_1_307' title='bbox 1654 5111 1859 5181; x_wconf 88' lang='lat' dir='ltr'><strong>seminatum</strong></span> <span class='ocrx_word' id='word_1_308' title='bbox 1883 5113 2017 5190; x_wconf 87' lang='lat' dir='ltr'><strong>habuit,</strong></span> <span class='ocrx_word' id='word_1_309' title='bbox 2036 5131 2103 5199; x_wconf 88' lang='lat' dir='ltr'><strong>ego</strong></span> 
     </span>
    </p>
   </div>
   <div class='ocr_carea' id='block_1_7' title="bbox 249 5264 2218 5357">
    <p class='ocr_par' dir='ltr' id='par_1_10' title="bbox 249 5264 2218 5357">
     <span class='ocr_line' id='line_1_28' title="bbox 249 5264 2218 5357; baseline 0.002 -27"><span class='ocrx_word' id='word_1_310' title='bbox 249 5264 436 5333; x_wconf 87' lang='lat' dir='ltr'><strong>iamdictus</strong></span> <span class='ocrx_word' id='word_1_311' title='bbox 451 5315 640 5332; x_wconf 93' lang='grc'><strong>........</strong></span> <span class='ocrx_word' id='word_1_312' title='bbox 659 5268 694 5335; x_wconf 90' lang='lat' dir='ltr'><strong>et</strong></span> <span class='ocrx_word' id='word_1_313' title='bbox 715 5283 778 5336; x_wconf 90' lang='lat' dir='ltr'><strong>nos</strong></span> <span class='ocrx_word' id='word_1_314' title='bbox 800 5266 963 5351; x_wconf 89' lang='lat' dir='ltr'><strong>germani</strong></span> <span class='ocrx_word' id='word_1_315' title='bbox 985 5265 1218 5346; x_wconf 87' lang='lat' dir='ltr'><strong>medietatem,</strong></span> <span class='ocrx_word' id='word_1_316' title='bbox 1244 5284 1309 5352; x_wconf 91' lang='lat' dir='ltr'><strong>pro</strong></span> <span class='ocrx_word' id='word_1_317' title='bbox 1332 5284 1372 5334; x_wconf 91' lang='lat' dir='ltr'><strong>eo</strong></span> <span class='ocrx_word' id='word_1_318' title='bbox 1396 5266 1486 5352; x_wconf 91' lang='lat' dir='ltr'><strong>quod</strong></span> <span class='ocrx_word' id='word_1_319' title='bbox 1510 5268 1583 5333; x_wconf 84' lang='lat' dir='ltr'><strong>tcta</strong></span> <span class='ocrx_word' id='word_1_320' title='bbox 1605 5265 1681 5352; x_wconf 88' lang='lat' dir='ltr'><strong>ipsa</strong></span> <span class='ocrx_word' id='word_1_321' title='bbox 1702 5267 1804 5333; x_wconf 90' lang='lat' dir='ltr'><strong>rebus</strong></span> <span class='ocrx_word' id='word_1_322' title='bbox 1826 5264 1924 5332; x_wconf 91' lang='lat' dir='ltr'><strong>nobis</strong></span> <span class='ocrx_word' id='word_1_323' title='bbox 1948 5265 2103 5333; x_wconf 89' lang='lat' dir='ltr'><strong>iamdicti</strong></span> <span class='ocrx_word' id='word_1_324' title='bbox 2215 5350 2218 5357; x_wconf 24' lang='grc' dir='ltr'>Ι</span> 
     </span>
    </p>
   </div>
   <div class='ocr_carea' id='block_1_8' title="bbox 242 5417 2105 5661">
    <p class='ocr_par' dir='ltr' id='par_1_11' title="bbox 242 5417 2105 5661">
     <span class='ocr_line' id='line_1_29' title="bbox 246 5417 2102 5504; baseline 0.001 -19"><span class='ocrx_word' id='word_1_325' title='bbox 246 5419 410 5503; x_wconf 87' lang='lat' dir='ltr'><strong>germani</strong></span> <span class='ocrx_word' id='word_1_326' title='bbox 434 5418 535 5486; x_wconf 90' lang='lat' dir='ltr'><strong>etad</strong></span> <span class='ocrx_word' id='word_1_327' title='bbox 558 5420 665 5487; x_wconf 88' lang='lat' dir='ltr'><strong>alium</strong></span> <span class='ocrx_word' id='word_1_328' title='bbox 690 5422 846 5488; x_wconf 87' lang='lat' dir='ltr'><strong>nostrum</strong></span> <span class='ocrx_word' id='word_1_329' title='bbox 870 5438 1075 5504; x_wconf 89' lang='lat' dir='ltr'><strong>germanum</strong></span> <span class='ocrx_word' id='word_1_330' title='bbox 1093 5469 1254 5488; x_wconf 92' lang='grc'><strong>.......</strong></span> <span class='ocrx_word' id='word_1_331' title='bbox 1270 5419 1499 5499; x_wconf 87' lang='lat' dir='ltr'><strong>medietatem,</strong></span> <span class='ocrx_word' id='word_1_332' title='bbox 1518 5421 1553 5486; x_wconf 89' lang='lat' dir='ltr'><strong>et</strong></span> <span class='ocrx_word' id='word_1_333' title='bbox 1574 5417 1662 5485; x_wconf 95' lang='lat' dir='ltr'><strong>mihi</strong></span> <span class='ocrx_word' id='word_1_334' title='bbox 1685 5417 1855 5484; x_wconf 90' lang='lat' dir='ltr'><strong>nominati</strong></span> <span class='ocrx_word' id='word_1_335' title='bbox 1879 5418 1951 5485; x_wconf 85' lang='lat' dir='ltr'><strong>ursi</strong></span> <span class='ocrx_word' id='word_1_336' title='bbox 1975 5417 2102 5486; x_wconf 87' lang='lat' dir='ltr'><strong>medie-</strong></span> 
     </span>
     <span class='ocr_line' id='line_1_30' title="bbox 242 5571 2105 5661; baseline 0 -23"><span class='ocrx_word' id='word_1_337' title='bbox 242 5573 370 5638; x_wconf 89' lang='lat' dir='ltr'><strong>tatem.</strong></span> <span class='ocrx_word' id='word_1_338' title='bbox 405 5574 470 5640; x_wconf 91' lang='lat' dir='ltr'><strong>hec</strong></span> <span class='ocrx_word' id='word_1_339' title='bbox 491 5575 632 5653; x_wconf 89' lang='lat' dir='ltr'><strong>autem,</strong></span> <span class='ocrx_word' id='word_1_340' title='bbox 657 5573 747 5642; x_wconf 89' lang='lat' dir='ltr'><strong>sicut</strong></span> <span class='ocrx_word' id='word_1_341' title='bbox 768 5573 932 5654; x_wconf 86' lang='lat' dir='ltr'><strong>diximus,</strong></span> <span class='ocrx_word' id='word_1_342' title='bbox 958 5575 1037 5659; x_wconf 92' lang='lat' dir='ltr'><strong>ipsa</strong></span> <span class='ocrx_word' id='word_1_343' title='bbox 1061 5577 1164 5642; x_wconf 86' lang='lat' dir='ltr'><strong>rebus</strong></span> <span class='ocrx_word' id='word_1_344' title='bbox 1187 5575 1298 5661; x_wconf 90' lang='lat' dir='ltr'><strong>ipsius</strong></span> <span class='ocrx_word' id='word_1_345' title='bbox 1323 5573 1510 5642; x_wconf 88' lang='lat' dir='ltr'><strong>domnandi</strong></span> <span class='ocrx_word' id='word_1_346' title='bbox 1539 5571 1743 5641; x_wconf 86' lang='lat' dir='ltr'><strong>tradidimus</strong></span> <span class='ocrx_word' id='word_1_347' title='bbox 1766 5571 1804 5639; x_wconf 92' lang='lat' dir='ltr'><strong>in</strong></span> <span class='ocrx_word' id='word_1_348' title='bbox 1827 5590 1867 5640; x_wconf 89' lang='lat' dir='ltr'><strong>ea</strong></span> <span class='ocrx_word' id='word_1_349' title='bbox 1894 5572 2042 5652; x_wconf 89' lang='lat' dir='ltr'><strong>ratione,</strong></span> <span class='ocrx_word' id='word_1_350' title='bbox 2068 5577 2105 5639; x_wconf 91' lang='lat' dir='ltr'><strong>ut</strong></span> 
     </span>
    </p>
   </div>
   <div class='ocr_carea' id='block_1_9' title="bbox 190 5720 2104 5828">
    <p class='ocr_par' dir='ltr' id='par_1_12' title="bbox 190 5720 2104 5828">
     <span class='ocr_line' id='line_1_31' title="bbox 190 5720 2104 5828; baseline 0.002 -40"><span class='ocrx_word' id='word_1_351' title='bbox 190 5745 193 5750; x_wconf 56' lang='lat'><em>¹</em></span> <span class='ocrx_word' id='word_1_352' title='bbox 247 5720 375 5789; x_wconf 90' lang='lat' dir='ltr'><strong>amodo</strong></span> <span class='ocrx_word' id='word_1_353' title='bbox 397 5724 433 5790; x_wconf 91' lang='lat' dir='ltr'><strong>et</strong></span> <span class='ocrx_word' id='word_1_354' title='bbox 454 5741 563 5810; x_wconf 87' lang='lat' dir='ltr'><strong>usque</strong></span> <span class='ocrx_word' id='word_1_355' title='bbox 585 5725 661 5792; x_wconf 89' lang='lat' dir='ltr'><strong>aire</strong></span> <span class='ocrx_word' id='word_1_356' title='bbox 683 5725 864 5794; x_wconf 88' lang='lat' dir='ltr'><strong>recollecto</strong></span> <span class='ocrx_word' id='word_1_357' title='bbox 888 5726 953 5791; x_wconf 92' lang='lat' dir='ltr'><strong>hoc</strong></span> <span class='ocrx_word' id='word_1_358' title='bbox 978 5743 1104 5792; x_wconf 90' lang='lat' dir='ltr'><strong>annum</strong></span> <span class='ocrx_word' id='word_1_359' title='bbox 1131 5727 1291 5794; x_wconf 88' lang='lat' dir='ltr'><strong>beniente</strong></span> <span class='ocrx_word' id='word_1_360' title='bbox 1314 5725 1393 5809; x_wconf 89' lang='lat' dir='ltr'><strong>ipsa</strong></span> <span class='ocrx_word' id='word_1_361' title='bbox 1415 5725 1518 5828; x_wconf 79' lang='lat' dir='ltr'><strong>rebus</strong></span> <span class='ocrx_word' id='word_1_362' title='bbox 1540 5741 1602 5792; x_wconf 89' lang='lat' dir='ltr'><strong>suc</strong></span> <span class='ocrx_word' id='word_1_363' title='bbox 1629 5725 1811 5808; x_wconf 89' lang='lat' dir='ltr'><strong>potestatis</strong></span> <span class='ocrx_word' id='word_1_364' title='bbox 1837 5731 1959 5793; x_wconf 85' lang='lat' dir='ltr'><strong>tenere</strong></span> <span class='ocrx_word' id='word_1_365' title='bbox 1989 5727 2023 5792; x_wconf 87' lang='lat' dir='ltr'><strong>et</strong></span> <span class='ocrx_word' id='word_1_366' title='bbox 2045 5723 2104 5790; x_wconf 92' lang='lat' dir='ltr'><strong>do·</strong></span> 
     </span>
    </p>
   </div>
   <div class='ocr_carea' id='block_1_10' title="bbox 280 5859 699 5869">
    <p class='ocr_par' dir='ltr' id='par_1_13' title="bbox 280 5859 699 5869">
     <span class='ocr_line' id='line_1_32' title="bbox 280 5859 699 5869; baseline 0.014 -6"><span class='ocrx_word' id='word_1_367' title='bbox 280 5859 408 5865; x_wconf 68' lang='grc'><em>-,,-.-.-</em></span> <span class='ocrx_word' id='word_1_368' title='bbox 421 5861 699 5869; x_wconf 74' lang='lat'><strong>..-...—..—.-----—</strong></span> 
     </span>
    </p>
   </div>
   <div class='ocr_carea' id='block_1_11' title="bbox 303 5919 1479 6000">
    <p class='ocr_par' dir='ltr' id='par_1_14' title="bbox 303 5919 1479 6000">
     <span class='ocr_line' id='line_1_33' title="bbox 303 5919 1479 6000; baseline 0.009 -28"><span class='ocrx_word' id='word_1_369' title='bbox 303 5923 327 5994; x_wconf 74' lang='grc'><strong>1)</strong></span> <span class='ocrx_word' id='word_1_370' title='bbox 346 5920 463 5981; x_wconf 60' lang='lat' dir='ltr'><strong>Maudio</strong></span> <span class='ocrx_word' id='word_1_371' title='bbox 476 5927 504 5974; x_wconf 85' lang='lat' dir='ltr'><strong>al</strong></span> <span class='ocrx_word' id='word_1_372' title='bbox 518 5919 594 5976; x_wconf 81' lang='lat' dir='ltr'><strong>infra</strong></span> <span class='ocrx_word' id='word_1_373' title='bbox 607 5923 781 5994; x_wconf 72' lang='lat' dir='ltr'><strong>decmbere,</strong></span> <span class='ocrx_word' id='word_1_374' title='bbox 798 5932 879 5980; x_wconf 85' lang='lat' dir='ltr'><strong>extra</strong></span> <span class='ocrx_word' id='word_1_375' title='bbox 893 5923 1047 5981; x_wconf 84' lang='lat' dir='ltr'><strong>Salernum</strong></span> <span class='ocrx_word' id='word_1_376' title='bbox 1063 5924 1139 5997; x_wconf 88' lang='lat' dir='ltr'><strong>apud</strong></span> <span class='ocrx_word' id='word_1_377' title='bbox 1153 5923 1256 5982; x_wconf 90' lang='lat' dir='ltr'><strong>Iobum</strong></span> <span class='ocrx_word' id='word_1_378' title='bbox 1271 5926 1362 6000; x_wconf 89' lang='lat' dir='ltr'><strong>(nunc</strong></span> <span class='ocrx_word' id='word_1_379' title='bbox 1375 5923 1479 5997; x_wconf 87' lang='lat' dir='ltr'><strong>Giovi).</strong></span> 
     </span>
    </p>
   </div>
   <div class='ocr_carea' id='block_1_12' title="bbox 0 0 2632 7092">
    <p class='ocr_par' dir='ltr' id='par_1_15' title="bbox 0 0 2632 7092">
     <span class='ocr_line' id='line_1_34' title="bbox 0 0 2632 7092; baseline 0 0"><span class='ocrx_word' id='word_1_380' title='bbox 0 0 2632 7092; x_wconf 95' lang='lat' dir='ltr'><strong> </strong></span> 
     </span>
    </p>
   </div>
  </div>
 </body>
</html>
