5378 7098
1026 533 1364 608 MEMBRANARUII

999 877 1141 942 llomen

1054 1006 1091 1064 et
1315 1001 1523 1070 membranae
1545 1008 1759 1071 summarium

936 1124 1023 1188 Auni
1038 1121 1205 1202 Principis

312 1404 408 1468 CCXI
485 1399 547 1462 960
598 1399 745 1480 Auguste
781 1291 788 1490 1
828 1391 874 1454 III
916 1309 996 1489 ¹28.
1015 1389 1173 1454 G1suurrr1
1296 1395 1450 1459 Cauactio
1467 1399 1535 1458 sive
1551 1401 1709 1462 iudicium
1722 1321 1841 1569 inter!

1250 1475 1444 1556 Gregorium
1467 1479 1618 1542 abbatem
1634 1484 1666 1544 S.
1679 1482 1807 1543 Maximi

1250 1558 1290 1618 de
1315 1559 1450 1622 Salerno
1473 1570 1506 1624 et
1527 1561 1684 1624 loannem
1705 1564 1806 1624 filium

1249 1639 1352 1730 Taxili
1376 1651 1409 1703 et
1432 1645 1524 1717 alios,
1548 1664 1606 1722 pro
1629 1653 1717 1706 terra
1733 1663 1823 1722 cum¹

1249 1721 1382 1784 arbusto
1404 1725 1438 1785 in
1461 1726 1530 1786 loco
1546 1726 1680 1788 Nobara
1695 1733 1728 1788 et
1747 1726 1808 1786 Pu-

1249 1809 1439 1880 teorcgente
1453 1809 1537 1887 apud
1549 1807 1736 1880 Nuceriam,
1755 1827 1808 1868 co·

1248 1902 1318 1944 ram
1341 1886 1427 1960 Sica,
1445 1887 1542 1950 Petro
1559 1895 1593 1950 et
1613 1889 1738 1950 Maiore
1754 1907 1808 1967 ga-

1249 1965 1394 2030 staldeis.
1871 1971 1901 2033 II
1961 1975 1997 2038 81
2075 1975 2092 2036 1

303 2133 416 2198 CCXII
487 2129 545 2196 961
638 2132 721 2196 Maio
829 2127 871 2188 lv
949 2126 1001 2188 99.
1029 2129 1193 2192 Lauuourr
1290 2129 1553 2193 Memoratorium
1575 2133 1724 2194 Andreae
1748 2133 1805 2192 lilii

994 2209 1193 2273 6118111-
1248 2208 1439 2289 Laperissi,
1463 2233 1526 2293 quo
1552 2215 1697 2274 declarat
1719 2215 1806 2274 Intus

989 2307 1085 2354 nourr
1121 2293 1193 2353 cius
1248 2293 1436 2356 Avellinum
1462 2315 1496 2356 se
1526 2298 1734 2357 corriuurcisae
1771 2297 1807 2355 in

991 2373 1050 2434 silii
1249 2373 1335 2434 bona
1361 2378 1590 2438 convenientia
1617 2395 1691 2437 cum
1715 2376 1808 2436 Cice·

1248 2473 1283 2514 ro
1305 2455 1371 2517 filio
1394 2458 1468 2519 Ursi
1493 2478 1549 2536 pro
1575 2478 1641 2519 uua
1666 2458 1803 2529 cartula,

1248 2555 1345 2613 quam
1366 2556 1439 2598 cum
1464 2558 1501 2600 eo
1518 2557 1724 2599 communem
1749 2539 1805 2598 ha-

1248 2617 1362 2690 bebat,
1379 2621 1465 2680 circa
1481 2622 1654 2699 quamdam
1678 2639 1806 2698 posses·

1249 2699 1374 2760 sionem
1398 2703 1431 2760 in
1456 2701 1525 2762 loco
1546 2703 1659 2762 Baaeo
1679 2703 1711 2760 in
1734 2701 1807 2760 fini-

1248 2780 1309 2840 bus
1343 2783 1503 2854 Avellini,
1532 2801 1669 2862 eamque
1700 2788 1807 2843 cartu·

1249 2862 1313 2921 lam
1336 2865 1436 2924 tradit
1456 2865 1514 2924 tali
1538 2873 1642 2943 pacto,
1668 2870 1704 2924 ut
1729 2881 1807 2941 quo-

1249 2960 1386 3022 cumque
1408 2951 1553 3024 tempore
1569 2947 1631 3024 ipsi
1654 2945 1805 3005 Andreae

1248 3025 1300 3085 vel
1336 3027 1404 3086 suis
1433 3027 1632 3087 haeredibus
1668 3043 1805 3087 necesse

1249 3106 1361 3178 fucrit,
1380 3107 1442 3168 sibi
1459 3109 1662 3168 restituatur.

292 3261 417 3330 CCXIII
487 3268 545 3332 961
586 3266 765 3332 Novembri
829 3263 871 3324 lv
947 3265 1172 3329 28.G1suuru1
1294 3267 1469 3347 Tlrinqatio
1484 3288 1543 3329 seu
1559 3267 1724 3346 obligatio,
1744 3291 1807 3351 qua

1249 3367 1284 3410 se
1308 3369 1370 3411 nec
1387 3352 1608 3422 venditurum,
1625 3369 1687 3410 nec
1710 3351 1809 3413 dona·

1250 3437 1359 3491 turum
1375 3433 1415 3492 de
1432 3432 1531 3492 rebus
1548 3432 1616 3492 suis
1634 3432 1808 3495 stabilibus

1249 3512 1312 3573 sibi
1344 3513 1587 3590 pertinentibus
1613 3531 1631 3572 a
1659 3516 1808 3590 genitore

1248 3613 1305 3654 suo
1337 3594 1479 3655 loannes
1516 3594 1602 3654 silius
1634 3595 1807 3656 Benedicti

1248 3676 1409 3755 promittIt
1421 3675 1585 3754 Stephano
1597 3675 1728 3736 uterino
1742 3677 1808 3738 fra-

1249 3757 1290 3816 tri
1307 3776 1365 3817 suo
1381 3757 1445 3816 nisi
1469 3757 1531 3834 ipsi
1554 3756 1733 3834 Stephano,
1756 3759 1808 3819 vel

1249 3837 1808 3918 alteri‚obtcntaeiuslicentia,pro

1249 3919 1334 3980 iusto
1351 3919 1469 3999 pretio.

298 4075 422 4141 CCXIV
488 4083 550 4146 962
620 4078 725 4158 Aprili
830 4076 872 4138 IV
948 4077 1172 4164 293G1suuru1
1289 4080 1808 4142 Locaticaduovemannosfacta

1249 4181 1308 4242 per
1322 4162 1511 4238 Gregorium
1529 4160 1679 4223 abbatem
1693 4163 1726 4222 S.
1739 4163 1805 4223 Ma·
1829 4208 1832 4216 .

1247 4245 1325 4304 xlmi
1363 4243 1496 4302 duarum
1528 4249 1689 4303 terrarum
1721 4239 1807 4304 intra

1249 4325 1447 4398 Nuceriam,
1475 4322 1531 4383 ubi
1555 4324 1595 4386 ad
1615 4324 1806 4386 Puteumre·

1248 4404 1806 4486 qentedicitur,Amatopresbytero

1250 4489 1314 4548 lllio
1327 4488 1486 4566 quondam
1497 4487 1687 4563 Adelgrimi.
1706 4488 1807 4548 Tran-

1250 4571 1348 4632 sactis
1370 4586 1445 4628 vero
1474 4585 1589 4627 novem
1613 4567 1719 4638 annis,
1737 4569 1806 4648 ipse

1250 4653 1397 4719 Amatus,
1416 4649 1442 4709 si
1460 4649 1564 4709 adhuc
1580 4649 1725 4708 retinere
1742 4650 1810 4709 vel-

1250 4733 1296 4793 let
1311 4731 1491 4809 praedictas
1513 4735 1632 4799 terras,
1649 4729 1704 4789 det
1718 4739 1809 4808 quot·

1250 4811 1806 4889 aunistertiampartemIructuum.

305 4970 413 5035 CCXV
487 4974 549 5037 962
625 4971 727 5054 Aprili
830 4970 872 5032 lv
1291 4973 1575 5044 Memoratorium,
1599 4989 1661 5050 quo
1688 4971 1808 5050 Grego-

1251 5057 1320 5116 rius
1334 5054 1435 5115 ahbas
1450 5053 1484 5112 S.
1495 5053 1624 5112 Maximi
1640 5053 1679 5112 ad
1692 5071 1806 5112 novem

1251 5155 1353 5196 annos
1370 5137 1454 5195 locat
1476 5135 1604 5194 cuidam
1629 5135 1744 5193 Amato
1770 5135 1808 5193 fi-

1252 5217 1294 5279 lio
1316 5216 1496 5294 Adelgrimi
1527 5215 1607 5274 duas
1635 5221 1739 5274 terras
1774 5215 1808 5274 in

1252 5297 1322 5358 loco
1344 5298 1580 5374 Putecreyeute
1595 5296 1681 5356 intra
1701 5296 1806 5355 Nuce·

1252 5379 1333 5440 riam
1350 5381 1466 5440 iisdem
1484 5377 1600 5455 pactis,
1613 5384 1649 5436 ut
1665 5379 1697 5437 in
1715 5395 1808 5457 prae·

1255 5461 1384 5522 cedenti
1402 5458 1593 5519 summario.
1868 5456 1898 5516 11
1958 5454 1999 5516 85
2073 5453 2095 5514 6

300 5625 423 5692 CCXVI
487 5621 550 5686 962
637 5620 721 5683 lullo
839 5620 864 5679 V
947 5617 1173 5685 adsumam
1293 5620 1464 5683 Sententia
1478 5619 1680 5696 Radelgrimi
1702 5625 1736 5678 et
1750 5616 1808 5678 Pe-

1251 5703 1290 5763 tri
1307 5703 1451 5763 iudicum
1472 5701 1504 5761 in
1522 5701 1743 5760 sacratissimo
1759 5717 1808 5759 sa·

1254 5783 1416 5846 lernitano
1445 5782 1577 5862 palatio,
1605 5799 1667 5860 qua
1696 5786 1809 5841 contra
