<?xml version="1.0" encoding="UTF-8"?>
<!DOCTYPE html PUBLIC "-//W3C//DTD XHTML 1.0 Transitional//EN"
    "http://www.w3.org/TR/xhtml1/DTD/xhtml1-transitional.dtd">
<html xmlns="http://www.w3.org/1999/xhtml" xml:lang="en" lang="en">
 <head>
  <title>
</title>
<meta http-equiv="Content-Type" content="text/html;charset=utf-8" />
  <meta name='ocr-system' content='tesseract 3.04.00' />
  <meta name='ocr-capabilities' content='ocr_page ocr_carea ocr_par ocr_line ocrx_word'/>
</head>
<body>
  <div class='ocr_page' id='page_1' title='image "./codexdiplomatic07aragoog_0286.png"; bbox 0 0 5216 7092; ppageno 0'>
   <div class='ocr_carea' id='block_1_1' title="bbox 970 599 2033 684">
    <p class='ocr_par' dir='ltr' id='par_1_1' title="bbox 970 599 2033 684">
     <span class='ocr_line' id='line_1_1' title="bbox 970 599 2033 684; baseline 0.005 -14"><span class='ocrx_word' id='word_1_1' title='bbox 970 599 1344 684; x_wconf 75' lang='lat' dir='ltr'>olltolllllolls</span> <span class='ocrx_word' id='word_1_2' title='bbox 1973 616 2033 677; x_wconf 79' lang='lat' dir='ltr'>fill</span> 
     </span>
    </p>
   </div>
   <div class='ocr_carea' id='block_1_2' title="bbox 219 843 2086 932">
    <p class='ocr_par' dir='ltr' id='par_1_2' title="bbox 219 843 2086 932">
     <span class='ocr_line' id='line_1_2' title="bbox 219 843 2086 932; baseline 0.003 -24"><span class='ocrx_word' id='word_1_3' title='bbox 219 843 289 912; x_wconf 89' lang='lat' dir='ltr'>fine</span> <span class='ocrx_word' id='word_1_4' title='bbox 304 846 399 912; x_wconf 87' lang='lat' dir='ltr'>terra</span> <span class='ocrx_word' id='word_1_5' title='bbox 413 845 524 912; x_wconf 89' lang='lat' dir='ltr'>sancti</span> <span class='ocrx_word' id='word_1_6' title='bbox 539 844 703 913; x_wconf 88' lang='lat' dir='ltr'>laurentii</span> <span class='ocrx_word' id='word_1_7' title='bbox 718 845 753 912; x_wconf 90' lang='lat' dir='ltr'>et</span> <span class='ocrx_word' id='word_1_8' title='bbox 767 844 911 928; x_wconf 83' lang='lat' dir='ltr'>perexet</span> <span class='ocrx_word' id='word_1_9' title='bbox 926 860 1033 928; x_wconf 91' lang='lat' dir='ltr'>usque</span> <span class='ocrx_word' id='word_1_10' title='bbox 1057 843 1094 911; x_wconf 94' lang='lat' dir='ltr'>in</span> <span class='ocrx_word' id='word_1_11' title='bbox 1112 843 1263 928; x_wconf 90' lang='lat' dir='ltr'>fineque</span> <span class='ocrx_word' id='word_1_12' title='bbox 1286 845 1351 911; x_wconf 84' lang='lat' dir='ltr'>luit</span> <span class='ocrx_word' id='word_1_13' title='bbox 1374 844 1537 914; x_wconf 90' lang='lat' dir='ltr'>odelcbisi</span> <span class='ocrx_word' id='word_1_14' title='bbox 1561 845 1709 925; x_wconf 90' lang='lat' dir='ltr'>diaconi,</span> <span class='ocrx_word' id='word_1_15' title='bbox 1727 845 1816 932; x_wconf 90' lang='lat' dir='ltr'>quod</span> <span class='ocrx_word' id='word_1_16' title='bbox 1839 845 1942 914; x_wconf 91' lang='lat' dir='ltr'>modo</span> <span class='ocrx_word' id='word_1_17' title='bbox 1958 848 2086 916; x_wconf 89' lang='lat' dir='ltr'>retinet</span> 
     </span>
    </p>
   </div>
   <div class='ocr_carea' id='block_1_3' title="bbox 152 969 2144 5798">
    <p class='ocr_par' dir='ltr' id='par_1_3' title="bbox 221 969 2081 1083">
     <span class='ocr_line' id='line_1_3' title="bbox 221 969 2081 1083; baseline 0.002 -25"><span class='ocrx_word' id='word_1_18' title='bbox 221 995 258 1058; x_wconf 89' lang='lat' dir='ltr'>et</span> <span class='ocrx_word' id='word_1_19' title='bbox 273 991 429 1062; x_wconf 86' lang='lat' dir='ltr'>dominat</span> <span class='ocrx_word' id='word_1_20' title='bbox 444 992 637 1062; x_wconf 85' lang='lat' dir='ltr'>dominicus</span> <span class='ocrx_word' id='word_1_21' title='bbox 651 993 823 1078; x_wconf 77' lang='lat' dir='ltr'>presbiter</span> <span class='ocrx_word' id='word_1_22' title='bbox 838 993 933 1060; x_wconf 90' lang='lat' dir='ltr'>filius</span> <span class='ocrx_word' id='word_1_23' title='bbox 948 993 1081 1060; x_wconf 89' lang='lat' dir='ltr'>cunari:</span> <span class='ocrx_word' id='word_1_24' title='bbox 1100 1011 1219 1079; x_wconf 90' lang='lat' dir='ltr'>apars</span> <span class='ocrx_word' id='word_1_25' title='bbox 1234 994 1380 1063; x_wconf 89' lang='lat' dir='ltr'>meridie</span> <span class='ocrx_word' id='word_1_26' title='bbox 1402 995 1472 1062; x_wconf 92' lang='lat' dir='ltr'>fine</span> <span class='ocrx_word' id='word_1_27' title='bbox 1495 995 1605 1082; x_wconf 90' lang='lat' dir='ltr'>ipsius</span> <span class='ocrx_word' id='word_1_28' title='bbox 1627 969 1792 1065; x_wconf 90' lang='lat' dir='ltr'>dominici</span> <span class='ocrx_word' id='word_1_29' title='bbox 1817 995 2001 1083; x_wconf 79' lang='lat' dir='ltr'>presbiteri</span> <span class='ocrx_word' id='word_1_30' title='bbox 2017 1015 2025 1059; x_wconf 93' lang='lat'><strong>:</strong></span> <span class='ocrx_word' id='word_1_31' title='bbox 2060 1013 2081 1062; x_wconf 90' lang='lat' dir='ltr'>a</span> 
     </span>
    </p>

    <p class='ocr_par' dir='ltr' id='par_1_4' title="bbox 152 1144 2144 5798">
     <span class='ocr_line' id='line_1_4' title="bbox 221 1144 2083 1235; baseline 0.004 -22"><span class='ocrx_word' id='word_1_32' title='bbox 221 1163 307 1230; x_wconf 91' lang='lat' dir='ltr'>pars</span> <span class='ocrx_word' id='word_1_33' title='bbox 330 1144 517 1216; x_wconf 90' lang='lat' dir='ltr'>occidentis</span> <span class='ocrx_word' id='word_1_34' title='bbox 532 1147 602 1214; x_wconf 91' lang='lat' dir='ltr'>fine</span> <span class='ocrx_word' id='word_1_35' title='bbox 625 1145 668 1214; x_wconf 92' lang='lat' dir='ltr'>de</span> <span class='ocrx_word' id='word_1_36' title='bbox 691 1145 835 1215; x_wconf 90' lang='lat' dir='ltr'>heredes</span> <span class='ocrx_word' id='word_1_37' title='bbox 850 1145 982 1213; x_wconf 86' lang='lat' dir='ltr'>dauferi</span> <span class='ocrx_word' id='word_1_38' title='bbox 1007 1145 1065 1231; x_wconf 90' lang='lat' dir='ltr'>qui</span> <span class='ocrx_word' id='word_1_39' title='bbox 1089 1146 1156 1213; x_wconf 82' lang='lat' dir='ltr'>fuit</span> <span class='ocrx_word' id='word_1_40' title='bbox 1172 1146 1355 1216; x_wconf 86' lang='lat' dir='ltr'>castaldus.</span> <span class='ocrx_word' id='word_1_41' title='bbox 1376 1145 1525 1216; x_wconf 90' lang='lat' dir='ltr'>secunda</span> <span class='ocrx_word' id='word_1_42' title='bbox 1541 1149 1639 1235; x_wconf 89' lang='lat' dir='ltr'>pecia</span> <span class='ocrx_word' id='word_1_43' title='bbox 1654 1168 1731 1217; x_wconf 92' lang='lat' dir='ltr'>cum</span> <span class='ocrx_word' id='word_1_44' title='bbox 1747 1151 1895 1219; x_wconf 78' lang='lat' dir='ltr'>arbustis</span> <span class='ocrx_word' id='word_1_45' title='bbox 1911 1153 2029 1219; x_wconf 88' lang='lat' dir='ltr'>vitatis</span> <span class='ocrx_word' id='word_1_46' title='bbox 2045 1153 2083 1222; x_wconf 93' lang='lat' dir='ltr'>in</span> 
     </span>
     <span class='ocr_line' id='line_1_5' title="bbox 221 1296 2080 1392; baseline 0.006 -29"><span class='ocrx_word' id='word_1_47' title='bbox 221 1296 355 1365; x_wconf 90' lang='lat' dir='ltr'>dictum</span> <span class='ocrx_word' id='word_1_48' title='bbox 371 1300 482 1366; x_wconf 89' lang='lat' dir='ltr'>locum</span> <span class='ocrx_word' id='word_1_49' title='bbox 499 1301 660 1379; x_wconf 86' lang='lat' dir='ltr'>tostazzu,</span> <span class='ocrx_word' id='word_1_50' title='bbox 679 1299 738 1367; x_wconf 90' lang='lat' dir='ltr'>ubi</span> <span class='ocrx_word' id='word_1_51' title='bbox 754 1299 898 1385; x_wconf 92' lang='lat' dir='ltr'>proprio</span> <span class='ocrx_word' id='word_1_52' title='bbox 914 1299 1058 1366; x_wconf 89' lang='lat' dir='ltr'>cannitu</span> <span class='ocrx_word' id='word_1_53' title='bbox 1074 1299 1215 1380; x_wconf 90' lang='lat' dir='ltr'>dicitur,</span> <span class='ocrx_word' id='word_1_54' title='bbox 1232 1303 1338 1370; x_wconf 89' lang='lat' dir='ltr'>habet</span> <span class='ocrx_word' id='word_1_55' title='bbox 1353 1301 1445 1368; x_wconf 90' lang='lat' dir='ltr'>finis:</span> <span class='ocrx_word' id='word_1_56' title='bbox 1464 1319 1486 1368; x_wconf 88' lang='lat' dir='ltr'>a</span> <span class='ocrx_word' id='word_1_57' title='bbox 1501 1320 1582 1387; x_wconf 91' lang='lat' dir='ltr'>pars</span> <span class='ocrx_word' id='word_1_58' title='bbox 1598 1303 1742 1371; x_wconf 88' lang='lat' dir='ltr'>orientis</span> <span class='ocrx_word' id='word_1_59' title='bbox 1764 1305 1833 1372; x_wconf 91' lang='lat' dir='ltr'>fine</span> <span class='ocrx_word' id='word_1_60' title='bbox 1848 1306 1907 1373; x_wconf 92' lang='lat' dir='ltr'>via</span> <span class='ocrx_word' id='word_1_61' title='bbox 1928 1307 2080 1392; x_wconf 90' lang='lat' dir='ltr'>publica:</span> 
     </span>
     <span class='ocr_line' id='line_1_6' title="bbox 220 1448 2084 1539; baseline 0.004 -23"><span class='ocrx_word' id='word_1_62' title='bbox 220 1467 245 1516; x_wconf 93' lang='lat' dir='ltr'>a</span> <span class='ocrx_word' id='word_1_63' title='bbox 262 1468 344 1536; x_wconf 90' lang='lat' dir='ltr'>pars</span> <span class='ocrx_word' id='word_1_64' title='bbox 359 1449 504 1518; x_wconf 91' lang='lat' dir='ltr'>meridie</span> <span class='ocrx_word' id='word_1_65' title='bbox 519 1450 589 1517; x_wconf 89' lang='lat' dir='ltr'>fine</span> <span class='ocrx_word' id='word_1_66' title='bbox 603 1451 699 1518; x_wconf 90' lang='lat' dir='ltr'>terra</span> <span class='ocrx_word' id='word_1_67' title='bbox 713 1449 885 1516; x_wconf 88' lang='lat' dir='ltr'>domnica:</span> <span class='ocrx_word' id='word_1_68' title='bbox 904 1465 926 1514; x_wconf 91' lang='lat' dir='ltr'>a</span> <span class='ocrx_word' id='word_1_69' title='bbox 940 1467 1025 1534; x_wconf 86' lang='lat' dir='ltr'>pars</span> <span class='ocrx_word' id='word_1_70' title='bbox 1037 1448 1225 1516; x_wconf 87' lang='lat' dir='ltr'>occidentis</span> <span class='ocrx_word' id='word_1_71' title='bbox 1239 1449 1308 1516; x_wconf 87' lang='lat' dir='ltr'>fine</span> <span class='ocrx_word' id='word_1_72' title='bbox 1325 1450 1483 1517; x_wconf 89' lang='lat' dir='ltr'>cennami</span> <span class='ocrx_word' id='word_1_73' title='bbox 1495 1449 1587 1517; x_wconf 93' lang='lat' dir='ltr'>filius</span> <span class='ocrx_word' id='word_1_74' title='bbox 1603 1452 1720 1519; x_wconf 89' lang='lat' dir='ltr'>ciceri:</span> <span class='ocrx_word' id='word_1_75' title='bbox 1740 1471 1856 1538; x_wconf 88' lang='lat' dir='ltr'>apars</span> <span class='ocrx_word' id='word_1_76' title='bbox 1867 1457 2084 1539; x_wconf 89' lang='lat' dir='ltr'>septemtrio-</span> 
     </span>
     <span class='ocr_line' id='line_1_7' title="bbox 221 1600 2083 1687; baseline 0.002 -15"><span class='ocrx_word' id='word_1_77' title='bbox 221 1605 315 1672; x_wconf 84' lang='lat' dir='ltr'>nalis</span> <span class='ocrx_word' id='word_1_78' title='bbox 330 1604 400 1671; x_wconf 93' lang='lat' dir='ltr'>fine</span> <span class='ocrx_word' id='word_1_79' title='bbox 415 1602 458 1672; x_wconf 92' lang='lat' dir='ltr'>de</span> <span class='ocrx_word' id='word_1_80' title='bbox 473 1603 617 1672; x_wconf 89' lang='lat' dir='ltr'>heredes</span> <span class='ocrx_word' id='word_1_81' title='bbox 633 1600 854 1687; x_wconf 82' lang='lat' dir='ltr'>gualpraudi‚</span> <span class='ocrx_word' id='word_1_82' title='bbox 874 1601 963 1687; x_wconf 91' lang='lat' dir='ltr'>quod</span> <span class='ocrx_word' id='word_1_83' title='bbox 989 1600 1091 1667; x_wconf 93' lang='lat' dir='ltr'>modo</span> <span class='ocrx_word' id='word_1_84' title='bbox 1113 1602 1264 1669; x_wconf 83' lang='lat' dir='ltr'>retinent</span> <span class='ocrx_word' id='word_1_85' title='bbox 1286 1604 1320 1668; x_wconf 88' lang='lat' dir='ltr'>et</span> <span class='ocrx_word' id='word_1_86' title='bbox 1341 1601 1525 1669; x_wconf 89' lang='lat' dir='ltr'>dominant</span> <span class='ocrx_word' id='word_1_87' title='bbox 1548 1602 1723 1671; x_wconf 83' lang='lat' dir='ltr'>maraldus</span> <span class='ocrx_word' id='word_1_88' title='bbox 1739 1604 1969 1674; x_wconf 84' lang='lat' dir='ltr'>subdiaconus</span> <span class='ocrx_word' id='word_1_89' title='bbox 1991 1607 2083 1676; x_wconf 90' lang='lat' dir='ltr'>filius</span> 
     </span>
     <span class='ocr_line' id='line_1_8' title="bbox 221 1753 2084 1845; baseline 0.003 -21"><span class='ocrx_word' id='word_1_90' title='bbox 221 1757 329 1840; x_wconf 91' lang='lat' dir='ltr'>petri.</span> <span class='ocrx_word' id='word_1_91' title='bbox 348 1757 426 1841; x_wconf 82' lang='lat' dir='ltr'>ipsa</span> <span class='ocrx_word' id='word_1_92' title='bbox 440 1755 547 1823; x_wconf 89' lang='lat' dir='ltr'>tertia</span> <span class='ocrx_word' id='word_1_93' title='bbox 561 1755 662 1840; x_wconf 89' lang='lat' dir='ltr'>pecia</span> <span class='ocrx_word' id='word_1_94' title='bbox 676 1754 720 1822; x_wconf 93' lang='lat' dir='ltr'>de</span> <span class='ocrx_word' id='word_1_95' title='bbox 735 1757 830 1822; x_wconf 86' lang='lat' dir='ltr'>terra</span> <span class='ocrx_word' id='word_1_96' title='bbox 844 1772 920 1820; x_wconf 88' lang='lat' dir='ltr'>eum</span> <span class='ocrx_word' id='word_1_97' title='bbox 935 1753 1163 1820; x_wconf 88' lang='lat' dir='ltr'>castanietum</span> <span class='ocrx_word' id='word_1_98' title='bbox 1179 1754 1217 1820; x_wconf 92' lang='lat' dir='ltr'>in</span> <span class='ocrx_word' id='word_1_99' title='bbox 1232 1753 1352 1820; x_wconf 90' lang='lat' dir='ltr'>eodem</span> <span class='ocrx_word' id='word_1_100' title='bbox 1376 1756 1486 1821; x_wconf 83' lang='lat' dir='ltr'>locum</span> <span class='ocrx_word' id='word_1_101' title='bbox 1510 1757 1659 1823; x_wconf 88' lang='lat' dir='ltr'>tostazzu</span> <span class='ocrx_word' id='word_1_102' title='bbox 1682 1759 1760 1824; x_wconf 88' lang='lat' dir='ltr'>abet</span> <span class='ocrx_word' id='word_1_103' title='bbox 1781 1757 1874 1826; x_wconf 91' lang='lat' dir='ltr'>finis:</span> <span class='ocrx_word' id='word_1_104' title='bbox 1899 1758 1944 1826; x_wconf 92' lang='lat' dir='ltr'>de</span> <span class='ocrx_word' id='word_1_105' title='bbox 1966 1764 2084 1845; x_wconf 89' lang='lat' dir='ltr'>supter</span> 
     </span>
     <span class='ocr_line' id='line_1_9' title="bbox 225 1906 2085 1998; baseline 0.002 -21"><span class='ocrx_word' id='word_1_106' title='bbox 225 1915 329 1995; x_wconf 89' lang='lat' dir='ltr'>parte</span> <span class='ocrx_word' id='word_1_107' title='bbox 344 1928 367 1977; x_wconf 87' lang='lat' dir='ltr'>a</span> <span class='ocrx_word' id='word_1_108' title='bbox 383 1910 626 1994; x_wconf 83' lang='lat' dir='ltr'>septemtrione</span> <span class='ocrx_word' id='word_1_109' title='bbox 641 1909 709 1977; x_wconf 92' lang='lat' dir='ltr'>fine</span> <span class='ocrx_word' id='word_1_110' title='bbox 723 1908 777 1974; x_wconf 83' lang='lat' dir='ltr'>via</span> <span class='ocrx_word' id='word_1_111' title='bbox 793 1909 942 1993; x_wconf 87' lang='lat' dir='ltr'>publiea,</span> <span class='ocrx_word' id='word_1_112' title='bbox 961 1926 1026 1992; x_wconf 92' lang='lat' dir='ltr'>que</span> <span class='ocrx_word' id='word_1_113' title='bbox 1040 1907 1157 1992; x_wconf 83' lang='lat' dir='ltr'>pergit</span> <span class='ocrx_word' id='word_1_114' title='bbox 1170 1906 1214 1973; x_wconf 91' lang='lat' dir='ltr'>ad</span> <span class='ocrx_word' id='word_1_115' title='bbox 1231 1908 1333 1975; x_wconf 89' lang='lat' dir='ltr'>stavi:</span> <span class='ocrx_word' id='word_1_116' title='bbox 1353 1926 1375 1974; x_wconf 86' lang='lat' dir='ltr'>a</span> <span class='ocrx_word' id='word_1_117' title='bbox 1389 1926 1473 1993; x_wconf 90' lang='lat' dir='ltr'>pars</span> <span class='ocrx_word' id='word_1_118' title='bbox 1488 1908 1675 1977; x_wconf 89' lang='lat' dir='ltr'>occidentis</span> <span class='ocrx_word' id='word_1_119' title='bbox 1691 1910 1760 1979; x_wconf 88' lang='lat' dir='ltr'>fine</span> <span class='ocrx_word' id='word_1_120' title='bbox 1775 1913 1868 1980; x_wconf 86' lang='lat' dir='ltr'>terra</span> <span class='ocrx_word' id='word_1_121' title='bbox 1883 1914 1992 1979; x_wconf 88' lang='lat' dir='ltr'>sancti</span> <span class='ocrx_word' id='word_1_122' title='bbox 2009 1916 2085 1998; x_wconf 89' lang='lat' dir='ltr'>qui-</span> 
     </span>
     <span class='ocr_line' id='line_1_10' title="bbox 222 2060 2085 2148; baseline 0.002 -19"><span class='ocrx_word' id='word_1_123' title='bbox 222 2063 305 2130; x_wconf 91' lang='lat' dir='ltr'>rici:</span> <span class='ocrx_word' id='word_1_124' title='bbox 323 2063 486 2148; x_wconf 90' lang='lat' dir='ltr'>desuper</span> <span class='ocrx_word' id='word_1_125' title='bbox 503 2080 525 2129; x_wconf 93' lang='lat' dir='ltr'>a</span> <span class='ocrx_word' id='word_1_126' title='bbox 541 2081 624 2148; x_wconf 91' lang='lat' dir='ltr'>pars</span> <span class='ocrx_word' id='word_1_127' title='bbox 640 2061 798 2140; x_wconf 90' lang='lat' dir='ltr'>meridie,</span> <span class='ocrx_word' id='word_1_128' title='bbox 816 2061 986 2146; x_wconf 91' lang='lat' dir='ltr'>quomodo</span> <span class='ocrx_word' id='word_1_129' title='bbox 1010 2079 1108 2128; x_wconf 90' lang='lat' dir='ltr'>serra</span> <span class='ocrx_word' id='word_1_130' title='bbox 1134 2060 1178 2127; x_wconf 90' lang='lat' dir='ltr'>de</span> <span class='ocrx_word' id='word_1_131' title='bbox 1205 2061 1319 2146; x_wconf 91' lang='lat' dir='ltr'>ipsum</span> <span class='ocrx_word' id='word_1_132' title='bbox 1338 2061 1540 2128; x_wconf 86' lang='lat' dir='ltr'>monticellu</span> <span class='ocrx_word' id='word_1_133' title='bbox 1563 2061 1740 2139; x_wconf 89' lang='lat' dir='ltr'>discernit,</span> <span class='ocrx_word' id='word_1_134' title='bbox 1758 2062 1827 2131; x_wconf 92' lang='lat' dir='ltr'>fine</span> <span class='ocrx_word' id='word_1_135' title='bbox 1850 2065 1946 2131; x_wconf 90' lang='lat' dir='ltr'>terra</span> <span class='ocrx_word' id='word_1_136' title='bbox 1961 2066 2085 2134; x_wconf 80' lang='lat' dir='ltr'>sancte</span> 
     </span>
     <span class='ocr_line' id='line_1_11' title="bbox 225 2211 2083 2299; baseline 0.002 -20"><span class='ocrx_word' id='word_1_137' title='bbox 225 2215 339 2282; x_wconf 89' lang='lat' dir='ltr'>marie</span> <span class='ocrx_word' id='word_1_138' title='bbox 355 2214 466 2299; x_wconf 85' lang='lat' dir='ltr'>plevis</span> <span class='ocrx_word' id='word_1_139' title='bbox 482 2213 525 2281; x_wconf 92' lang='lat' dir='ltr'>de</span> <span class='ocrx_word' id='word_1_140' title='bbox 543 2212 698 2280; x_wconf 89' lang='lat' dir='ltr'>nuceria:</span> <span class='ocrx_word' id='word_1_141' title='bbox 716 2231 736 2278; x_wconf 92' lang='lat' dir='ltr'>a</span> <span class='ocrx_word' id='word_1_142' title='bbox 752 2231 836 2298; x_wconf 90' lang='lat' dir='ltr'>pars</span> <span class='ocrx_word' id='word_1_143' title='bbox 859 2211 1003 2279; x_wconf 89' lang='lat' dir='ltr'>orientis</span> <span class='ocrx_word' id='word_1_144' title='bbox 1026 2212 1095 2279; x_wconf 91' lang='lat' dir='ltr'>fine</span> <span class='ocrx_word' id='word_1_145' title='bbox 1117 2212 1214 2278; x_wconf 86' lang='lat' dir='ltr'>terra</span> <span class='ocrx_word' id='word_1_146' title='bbox 1236 2211 1407 2278; x_wconf 90' lang='lat' dir='ltr'>domnica.</span> <span class='ocrx_word' id='word_1_147' title='bbox 1427 2211 1469 2280; x_wconf 92' lang='lat' dir='ltr'>de</span> <span class='ocrx_word' id='word_1_148' title='bbox 1493 2212 1557 2278; x_wconf 87' lang='lat' dir='ltr'>ista</span> <span class='ocrx_word' id='word_1_149' title='bbox 1579 2211 1778 2297; x_wconf 87' lang='lat' dir='ltr'>supradicta</span> <span class='ocrx_word' id='word_1_150' title='bbox 1804 2214 1875 2281; x_wconf 89' lang='lat' dir='ltr'>tres</span> <span class='ocrx_word' id='word_1_151' title='bbox 1901 2216 2083 2295; x_wconf 87' lang='lat' dir='ltr'>clausora,</span> 
     </span>
     <span class='ocr_line' id='line_1_12' title="bbox 225 2361 2087 2450; baseline 0.001 -18"><span class='ocrx_word' id='word_1_152' title='bbox 225 2365 399 2450; x_wconf 92' lang='lat' dir='ltr'>quomodo</span> <span class='ocrx_word' id='word_1_153' title='bbox 414 2365 576 2450; x_wconf 88' lang='lat' dir='ltr'>superius</span> <span class='ocrx_word' id='word_1_154' title='bbox 591 2362 671 2431; x_wconf 90' lang='lat' dir='ltr'>finis</span> <span class='ocrx_word' id='word_1_155' title='bbox 685 2361 799 2448; x_wconf 87' lang='lat' dir='ltr'>posite</span> <span class='ocrx_word' id='word_1_156' title='bbox 814 2367 908 2441; x_wconf 88' lang='lat' dir='ltr'>sunt,</span> <span class='ocrx_word' id='word_1_157' title='bbox 926 2381 1003 2430; x_wconf 93' lang='lat' dir='ltr'>cum</span> <span class='ocrx_word' id='word_1_158' title='bbox 1019 2363 1099 2430; x_wconf 91' lang='lat' dir='ltr'>finis</span> <span class='ocrx_word' id='word_1_159' title='bbox 1115 2365 1150 2430; x_wconf 94' lang='lat' dir='ltr'>et</span> <span class='ocrx_word' id='word_1_160' title='bbox 1165 2367 1240 2430; x_wconf 90' lang='lat' dir='ltr'>vice</span> <span class='ocrx_word' id='word_1_161' title='bbox 1255 2363 1299 2430; x_wconf 93' lang='lat' dir='ltr'>de</span> <span class='ocrx_word' id='word_1_162' title='bbox 1313 2364 1369 2430; x_wconf 91' lang='lat' dir='ltr'>vie</span> <span class='ocrx_word' id='word_1_163' title='bbox 1383 2381 1444 2430; x_wconf 92' lang='lat' dir='ltr'>sue</span> <span class='ocrx_word' id='word_1_164' title='bbox 1460 2365 1495 2430; x_wconf 93' lang='lat' dir='ltr'>et</span> <span class='ocrx_word' id='word_1_165' title='bbox 1510 2381 1589 2429; x_wconf 89' lang='lat' dir='ltr'>cum</span> <span class='ocrx_word' id='word_1_166' title='bbox 1612 2365 1732 2430; x_wconf 92' lang='lat' dir='ltr'>omnia</span> <span class='ocrx_word' id='word_1_167' title='bbox 1756 2363 1847 2431; x_wconf 85' lang='lat' dir='ltr'>infra</span> <span class='ocrx_word' id='word_1_168' title='bbox 1870 2384 1907 2433; x_wconf 91' lang='lat' dir='ltr'>se</span> <span class='ocrx_word' id='word_1_169' title='bbox 1920 2367 2087 2434; x_wconf 79' lang='lat' dir='ltr'>&#39;habenti-</span> 
     </span>
     <span class='ocr_line' id='line_1_13' title="bbox 225 2513 2088 2620; baseline -0.001 -34"><span class='ocrx_word' id='word_1_170' title='bbox 225 2522 303 2596; x_wconf 82' lang='lat' dir='ltr'>bus&#39;,</span> <span class='ocrx_word' id='word_1_171' title='bbox 321 2518 531 2586; x_wconf 89' lang='lat' dir='ltr'>trasactibus</span> <span class='ocrx_word' id='word_1_172' title='bbox 547 2535 673 2584; x_wconf 91' lang='lat' dir='ltr'>nomen</span> <span class='ocrx_word' id='word_1_173' title='bbox 690 2518 725 2582; x_wconf 91' lang='lat' dir='ltr'>et</span> <span class='ocrx_word' id='word_1_174' title='bbox 739 2533 760 2581; x_wconf 89' lang='lat' dir='ltr'>a</span> <span class='ocrx_word' id='word_1_175' title='bbox 775 2514 927 2582; x_wconf 85' lang='lat' dir='ltr'>funditus</span> <span class='ocrx_word' id='word_1_176' title='bbox 943 2513 1098 2620; x_wconf 84' lang='lat' dir='ltr'>inclitam</span> <span class='ocrx_word' id='word_1_177' title='bbox 1115 2515 1276 2600; x_wconf 86' lang='lat' dir='ltr'>quartam</span> <span class='ocrx_word' id='word_1_178' title='bbox 1292 2517 1427 2598; x_wconf 86' lang='lat' dir='ltr'>partem</span> <span class='ocrx_word' id='word_1_179' title='bbox 1443 2515 1534 2580; x_wconf 86' lang='lat' dir='ltr'>infra</span> <span class='ocrx_word' id='word_1_180' title='bbox 1549 2514 1747 2598; x_wconf 85' lang='lat' dir='ltr'>supradicte</span> <span class='ocrx_word' id='word_1_181' title='bbox 1762 2515 1843 2583; x_wconf 90' lang='lat' dir='ltr'>finis</span> <span class='ocrx_word' id='word_1_182' title='bbox 1859 2516 1896 2584; x_wconf 94' lang='lat' dir='ltr'>in</span> <span class='ocrx_word' id='word_1_183' title='bbox 1913 2520 2088 2602; x_wconf 89' lang='lat' dir='ltr'>prephata</span> 
     </span>
     <span class='ocr_line' id='line_1_14' title="bbox 225 2665 2088 2754; baseline 0 -16"><span class='ocrx_word' id='word_1_184' title='bbox 225 2671 401 2740; x_wconf 88' lang='lat' dir='ltr'>hecclesia</span> <span class='ocrx_word' id='word_1_185' title='bbox 415 2671 527 2740; x_wconf 86' lang='lat' dir='ltr'>sancti</span> <span class='ocrx_word' id='word_1_186' title='bbox 543 2670 685 2737; x_wconf 87' lang='lat' dir='ltr'>martini</span> <span class='ocrx_word' id='word_1_187' title='bbox 703 2667 915 2754; x_wconf 83' lang='lat' dir='ltr'>offeruimus3</span> <span class='ocrx_word' id='word_1_188' title='bbox 933 2668 971 2734; x_wconf 92' lang='lat' dir='ltr'>in</span> <span class='ocrx_word' id='word_1_189' title='bbox 986 2667 1049 2734; x_wconf 91' lang='lat' dir='ltr'>tali</span> <span class='ocrx_word' id='word_1_190' title='bbox 1067 2667 1213 2746; x_wconf 90' lang='lat' dir='ltr'>ratione,</span> <span class='ocrx_word' id='word_1_191' title='bbox 1233 2669 1271 2732; x_wconf 91' lang='lat' dir='ltr'>ut</span> <span class='ocrx_word' id='word_1_192' title='bbox 1286 2665 1409 2732; x_wconf 90' lang='lat' dir='ltr'>amodo</span> <span class='ocrx_word' id='word_1_193' title='bbox 1425 2669 1460 2732; x_wconf 92' lang='lat' dir='ltr'>et</span> <span class='ocrx_word' id='word_1_194' title='bbox 1475 2683 1612 2750; x_wconf 88' lang='lat' dir='ltr'>semper</span> <span class='ocrx_word' id='word_1_195' title='bbox 1629 2667 1707 2752; x_wconf 88' lang='lat' dir='ltr'>ipsa</span> <span class='ocrx_word' id='word_1_196' title='bbox 1728 2667 1894 2735; x_wconf 87' lang='lat' dir='ltr'>iamdicta</span> <span class='ocrx_word' id='word_1_197' title='bbox 1916 2670 2088 2738; x_wconf 88' lang='lat' dir='ltr'>hecclesia</span> 
     </span>
     <span class='ocr_line' id='line_1_15' title="bbox 227 2815 2086 2907; baseline 0 -18"><span class='ocrx_word' id='word_1_198' title='bbox 227 2827 265 2889; x_wconf 89' lang='lat' dir='ltr'>et</span> <span class='ocrx_word' id='word_1_199' title='bbox 281 2823 423 2907; x_wconf 91' lang='lat' dir='ltr'>eiusque</span> <span class='ocrx_word' id='word_1_200' title='bbox 439 2823 591 2889; x_wconf 90' lang='lat' dir='ltr'>rectores</span> <span class='ocrx_word' id='word_1_201' title='bbox 607 2821 685 2905; x_wconf 88' lang='lat' dir='ltr'>ipsa</span> <span class='ocrx_word' id='word_1_202' title='bbox 708 2818 908 2903; x_wconf 86' lang='lat' dir='ltr'>supradicta</span> <span class='ocrx_word' id='word_1_203' title='bbox 932 2819 1034 2884; x_wconf 92' lang='lat' dir='ltr'>rebus</span> <span class='ocrx_word' id='word_1_204' title='bbox 1057 2815 1146 2903; x_wconf 92' lang='lat' dir='ltr'>quod</span> <span class='ocrx_word' id='word_1_205' title='bbox 1170 2817 1207 2883; x_wconf 92' lang='lat' dir='ltr'>in</span> <span class='ocrx_word' id='word_1_206' title='bbox 1231 2816 1351 2883; x_wconf 87' lang='lat' dir='ltr'>eadem</span> <span class='ocrx_word' id='word_1_207' title='bbox 1375 2817 1546 2884; x_wconf 80' lang='lat' dir='ltr'>hecclesia</span> <span class='ocrx_word' id='word_1_208' title='bbox 1568 2818 1779 2896; x_wconf 72' lang='lat' dir='ltr'>offeruimus</span> <span class='ocrx_word' id='word_1_209' title='bbox 1799 2837 1856 2886; x_wconf 90' lang='lat' dir='ltr'>eos</span> <span class='ocrx_word' id='word_1_210' title='bbox 1880 2821 2086 2902; x_wconf 90' lang='lat' dir='ltr'>habendum,</span> 
     </span>
     <span class='ocr_line' id='line_1_16' title="bbox 152 2967 2087 3062; baseline -0.002 -21"><span class='ocrx_word' id='word_1_211' title='bbox 152 3027 155 3032; x_wconf 90' lang='lat'><em>.</em></span> <span class='ocrx_word' id='word_1_212' title='bbox 227 2973 492 3051; x_wconf 87' lang='lat' dir='ltr'>dominandum,</span> <span class='ocrx_word' id='word_1_213' title='bbox 511 2970 768 3057; x_wconf 87' lang='lat' dir='ltr'>possidendum,</span> <span class='ocrx_word' id='word_1_214' title='bbox 785 2973 819 3038; x_wconf 90' lang='lat' dir='ltr'>et</span> <span class='ocrx_word' id='word_1_215' title='bbox 834 2969 876 3036; x_wconf 93' lang='lat' dir='ltr'>de</span> <span class='ocrx_word' id='word_1_216' title='bbox 892 2969 969 3054; x_wconf 92' lang='lat' dir='ltr'>ipso</span> <span class='ocrx_word' id='word_1_217' title='bbox 985 2969 1140 3053; x_wconf 85' lang='lat' dir='ltr'>frugium</span> <span class='ocrx_word' id='word_1_218' title='bbox 1158 2969 1274 3034; x_wconf 89' lang='lat' dir='ltr'>omnia</span> <span class='ocrx_word' id='word_1_219' title='bbox 1289 2967 1420 3042; x_wconf 72' lang='lat' dir='ltr'>exinde,</span> <span class='ocrx_word' id='word_1_220' title='bbox 1433 2985 1571 3062; x_wconf 82' lang='lat' dir='ltr'>semper</span> <span class='ocrx_word' id='word_1_221' title='bbox 1594 2969 1790 3035; x_wconf 84' lang='lat' dir='ltr'>faciendum</span> <span class='ocrx_word' id='word_1_222' title='bbox 1813 2970 1902 3054; x_wconf 92' lang='lat' dir='ltr'>quod</span> <span class='ocrx_word' id='word_1_223' title='bbox 1927 2972 2087 3038; x_wconf 89' lang='lat' dir='ltr'>voluerit.</span> 
     </span>
     <span class='ocr_line' id='line_1_17' title="bbox 227 3120 2093 3212; baseline -0.001 -20"><span class='ocrx_word' id='word_1_224' title='bbox 227 3145 336 3210; x_wconf 90' lang='lat' dir='ltr'>quam</span> <span class='ocrx_word' id='word_1_225' title='bbox 354 3128 389 3193; x_wconf 92' lang='lat' dir='ltr'>et</span> <span class='ocrx_word' id='word_1_226' title='bbox 404 3143 467 3212; x_wconf 89' lang='lat' dir='ltr'>per</span> <span class='ocrx_word' id='word_1_227' title='bbox 482 3127 608 3192; x_wconf 90' lang='lat' dir='ltr'>bonam</span> <span class='ocrx_word' id='word_1_228' title='bbox 624 3125 901 3192; x_wconf 82' lang='lat' dir='ltr'>convenientiam</span> <span class='ocrx_word' id='word_1_229' title='bbox 918 3125 955 3190; x_wconf 94' lang='lat' dir='ltr'>et</span> <span class='ocrx_word' id='word_1_230' title='bbox 969 3141 1033 3190; x_wconf 90' lang='lat' dir='ltr'>sua</span> <span class='ocrx_word' id='word_1_231' title='bbox 1049 3125 1138 3188; x_wconf 90' lang='lat' dir='ltr'>bona</span> <span class='ocrx_word' id='word_1_232' title='bbox 1153 3121 1366 3206; x_wconf 89' lang='lat' dir='ltr'>volumptate</span> <span class='ocrx_word' id='word_1_233' title='bbox 1382 3120 1512 3205; x_wconf 84' lang='lat' dir='ltr'>guadia</span> <span class='ocrx_word' id='word_1_234' title='bbox 1528 3120 1624 3187; x_wconf 91' lang='lat' dir='ltr'>dedit</span> <span class='ocrx_word' id='word_1_235' title='bbox 1639 3121 1785 3202; x_wconf 89' lang='lat' dir='ltr'>cicerus,</span> <span class='ocrx_word' id='word_1_236' title='bbox 1801 3123 1857 3207; x_wconf 92' lang='lat' dir='ltr'>qui</span> <span class='ocrx_word' id='word_1_237' title='bbox 1871 3124 1924 3189; x_wconf 90' lang='lat' dir='ltr'>est</span> <span class='ocrx_word' id='word_1_238' title='bbox 1935 3124 2093 3192; x_wconf 88' lang='lat' dir='ltr'>uterinus</span> 
     </span>
     <span class='ocr_line' id='line_1_18' title="bbox 227 3274 2092 3365; baseline -0.004 -17"><span class='ocrx_word' id='word_1_239' title='bbox 227 3299 424 3365; x_wconf 83' lang='lat' dir='ltr'>germanus</span> <span class='ocrx_word' id='word_1_240' title='bbox 441 3297 537 3347; x_wconf 90' lang='lat' dir='ltr'>meus</span> <span class='ocrx_word' id='word_1_241' title='bbox 553 3279 644 3364; x_wconf 92' lang='lat' dir='ltr'>petri</span> <span class='ocrx_word' id='word_1_242' title='bbox 661 3279 846 3363; x_wconf 87' lang='lat' dir='ltr'>presbiteri</span> <span class='ocrx_word' id='word_1_243' title='bbox 862 3277 956 3344; x_wconf 90' lang='lat' dir='ltr'>filius</span> <span class='ocrx_word' id='word_1_244' title='bbox 969 3277 1076 3343; x_wconf 88' lang='lat' dir='ltr'>amati</span> <span class='ocrx_word' id='word_1_245' title='bbox 1092 3275 1151 3360; x_wconf 89' lang='lat' dir='ltr'>qui</span> <span class='ocrx_word' id='word_1_246' title='bbox 1168 3278 1220 3341; x_wconf 91' lang='lat' dir='ltr'>est</span> <span class='ocrx_word' id='word_1_247' title='bbox 1234 3275 1348 3343; x_wconf 90' lang='lat' dir='ltr'>rector</span> <span class='ocrx_word' id='word_1_248' title='bbox 1363 3276 1397 3340; x_wconf 90' lang='lat' dir='ltr'>et</span> <span class='ocrx_word' id='word_1_249' title='bbox 1413 3275 1528 3340; x_wconf 88' lang='lat' dir='ltr'>custos</span> <span class='ocrx_word' id='word_1_250' title='bbox 1546 3274 1654 3358; x_wconf 90' lang='lat' dir='ltr'>ipsius</span> <span class='ocrx_word' id='word_1_251' title='bbox 1670 3275 1839 3342; x_wconf 88' lang='lat' dir='ltr'>hecclesie</span> <span class='ocrx_word' id='word_1_252' title='bbox 1855 3275 1965 3360; x_wconf 89' lang='lat' dir='ltr'>ipsius</span> <span class='ocrx_word' id='word_1_253' title='bbox 1980 3275 2092 3342; x_wconf 90' lang='lat' dir='ltr'>sancti</span> 
     </span>
     <span class='ocr_line' id='line_1_19' title="bbox 227 3424 2093 3514; baseline -0.005 -14"><span class='ocrx_word' id='word_1_254' title='bbox 227 3433 390 3511; x_wconf 91' lang='lat' dir='ltr'>martini,</span> <span class='ocrx_word' id='word_1_255' title='bbox 409 3435 444 3500; x_wconf 88' lang='lat' dir='ltr'>et</span> <span class='ocrx_word' id='word_1_256' title='bbox 460 3431 688 3500; x_wconf 86' lang='lat' dir='ltr'>mediatorem</span> <span class='ocrx_word' id='word_1_257' title='bbox 704 3431 736 3497; x_wconf 90' lang='lat' dir='ltr'>ei</span> <span class='ocrx_word' id='word_1_258' title='bbox 752 3429 867 3514; x_wconf 89' lang='lat' dir='ltr'>posuit</span> <span class='ocrx_word' id='word_1_259' title='bbox 890 3426 1103 3495; x_wconf 90' lang='lat' dir='ltr'>berenardus</span> <span class='ocrx_word' id='word_1_260' title='bbox 1126 3426 1220 3494; x_wconf 88' lang='lat' dir='ltr'>filius</span> <span class='ocrx_word' id='word_1_261' title='bbox 1243 3425 1394 3511; x_wconf 89' lang='lat' dir='ltr'>iaquinti</span> <span class='ocrx_word' id='word_1_262' title='bbox 1417 3424 1459 3492; x_wconf 93' lang='lat' dir='ltr'>de</span> <span class='ocrx_word' id='word_1_263' title='bbox 1482 3427 1593 3492; x_wconf 89' lang='lat' dir='ltr'>locum</span> <span class='ocrx_word' id='word_1_264' title='bbox 1616 3425 1790 3510; x_wconf 85' lang='lat' dir='ltr'>torriccle3</span> <span class='ocrx_word' id='word_1_265' title='bbox 1816 3425 1881 3492; x_wconf 89' lang='lat' dir='ltr'>tali</span> <span class='ocrx_word' id='word_1_266' title='bbox 1904 3424 2036 3496; x_wconf 84' lang='lat' dir='ltr'>ordine,</span> <span class='ocrx_word' id='word_1_267' title='bbox 2055 3427 2093 3493; x_wconf 92' lang='lat' dir='ltr'>ut</span> 
     </span>
     <span class='ocr_line' id='line_1_20' title="bbox 228 3573 2094 3670; baseline -0.006 -19"><span class='ocrx_word' id='word_1_268' title='bbox 228 3604 291 3670; x_wconf 90' lang='lat' dir='ltr'>per</span> <span class='ocrx_word' id='word_1_269' title='bbox 307 3584 414 3651; x_wconf 92' lang='lat' dir='ltr'>nullis</span> <span class='ocrx_word' id='word_1_270' title='bbox 431 3582 542 3650; x_wconf 90' lang='lat' dir='ltr'>modis</span> <span class='ocrx_word' id='word_1_271' title='bbox 556 3583 610 3649; x_wconf 87' lang='lat' dir='ltr'>vel</span> <span class='ocrx_word' id='word_1_272' title='bbox 626 3579 819 3648; x_wconf 90' lang='lat' dir='ltr'>rationibus</span> <span class='ocrx_word' id='word_1_273' title='bbox 834 3579 981 3663; x_wconf 90' lang='lat' dir='ltr'>querant</span> <span class='ocrx_word' id='word_1_274' title='bbox 996 3577 1075 3662; x_wconf 90' lang='lat' dir='ltr'>ipsa</span> <span class='ocrx_word' id='word_1_275' title='bbox 1089 3577 1209 3644; x_wconf 90' lang='lat' dir='ltr'>nostra</span> <span class='ocrx_word' id='word_1_276' title='bbox 1222 3576 1401 3643; x_wconf 87' lang='lat' dir='ltr'>offertione</span> <span class='ocrx_word' id='word_1_277' title='bbox 1417 3590 1596 3640; x_wconf 87' lang='lat' dir='ltr'>removere</span> <span class='ocrx_word' id='word_1_278' title='bbox 1612 3574 1673 3640; x_wconf 91' lang='lat' dir='ltr'>aut</span> <span class='ocrx_word' id='word_1_279' title='bbox 1684 3575 1858 3659; x_wconf 85' lang='lat' dir='ltr'>contrare3</span> <span class='ocrx_word' id='word_1_280' title='bbox 1870 3575 1905 3641; x_wconf 93' lang='lat' dir='ltr'>et</span> <span class='ocrx_word' id='word_1_281' title='bbox 1920 3573 1950 3641; x_wconf 90' lang='lat' dir='ltr'>si</span> <span class='ocrx_word' id='word_1_282' title='bbox 1965 3590 2024 3640; x_wconf 93' lang='lat' dir='ltr'>eos</span> <span class='ocrx_word' id='word_1_283' title='bbox 2039 3591 2094 3642; x_wconf 89' lang='lat' dir='ltr'>re-</span> 
     </span>
     <span class='ocr_line' id='line_1_21' title="bbox 230 3723 2094 3817; baseline -0.008 -14"><span class='ocrx_word' id='word_1_284' title='bbox 230 3755 371 3804; x_wconf 85' lang='lat' dir='ltr'>movere</span> <span class='ocrx_word' id='word_1_285' title='bbox 388 3755 447 3804; x_wconf 89' lang='lat' dir='ltr'>seu</span> <span class='ocrx_word' id='word_1_286' title='bbox 459 3740 622 3803; x_wconf 89' lang='lat' dir='ltr'>contrare</span> <span class='ocrx_word' id='word_1_287' title='bbox 636 3733 785 3801; x_wconf 88' lang='lat' dir='ltr'>voluerit</span> <span class='ocrx_word' id='word_1_288' title='bbox 800 3751 864 3817; x_wconf 91' lang='lat' dir='ltr'>per</span> <span class='ocrx_word' id='word_1_289' title='bbox 880 3731 1000 3817; x_wconf 88' lang='lat' dir='ltr'>quabis</span> <span class='ocrx_word' id='word_1_290' title='bbox 1016 3730 1220 3808; x_wconf 69' lang='lat' dir='ltr'>rationibus</span> <span class='ocrx_word' id='word_1_291' title='bbox 1238 3729 1276 3795; x_wconf 89' lang='lat' dir='ltr'>ut</span> <span class='ocrx_word' id='word_1_292' title='bbox 1291 3727 1333 3796; x_wconf 87' lang='lat' dir='ltr'>de</span> <span class='ocrx_word' id='word_1_293' title='bbox 1348 3728 1515 3812; x_wconf 86' lang='lat' dir='ltr'>potestate</span> <span class='ocrx_word' id='word_1_294' title='bbox 1538 3725 1582 3792; x_wconf 91' lang='lat' dir='ltr'>de</span> <span class='ocrx_word' id='word_1_295' title='bbox 1605 3725 1683 3809; x_wconf 90' lang='lat' dir='ltr'>ipsa</span> <span class='ocrx_word' id='word_1_296' title='bbox 1705 3723 1876 3793; x_wconf 87' lang='lat' dir='ltr'>hecclesia</span> <span class='ocrx_word' id='word_1_297' title='bbox 1898 3725 1934 3790; x_wconf 93' lang='lat' dir='ltr'>et</span> <span class='ocrx_word' id='word_1_298' title='bbox 1955 3723 1997 3791; x_wconf 86' lang='lat' dir='ltr'>de</span> <span class='ocrx_word' id='word_1_299' title='bbox 2020 3724 2094 3790; x_wconf 90' lang='lat' dir='ltr'>eius</span> 
     </span>
     <span class='ocr_line' id='line_1_22' title="bbox 232 3877 2095 3971; baseline -0.008 -17"><span class='ocrx_word' id='word_1_300' title='bbox 232 3894 385 3958; x_wconf 79' lang='lat' dir='ltr'>rectores</span> <span class='ocrx_word' id='word_1_301' title='bbox 399 3904 458 3956; x_wconf 91' lang='lat' dir='ltr'>eos</span> <span class='ocrx_word' id='word_1_302' title='bbox 472 3889 595 3954; x_wconf 89' lang='lat' dir='ltr'>tollere</span> <span class='ocrx_word' id='word_1_303' title='bbox 609 3885 776 3971; x_wconf 88' lang='lat' dir='ltr'>quesierit</span> <span class='ocrx_word' id='word_1_304' title='bbox 791 3887 852 3950; x_wconf 88' lang='lat' dir='ltr'>aut</span> <span class='ocrx_word' id='word_1_305' title='bbox 866 3881 1125 3968; x_wconf 88' lang='lat' dir='ltr'>presumpserit,</span> <span class='ocrx_word' id='word_1_306' title='bbox 1146 3879 1315 3964; x_wconf 84' lang='lat' dir='ltr'>obligavit</span> <span class='ocrx_word' id='word_1_307' title='bbox 1328 3896 1366 3945; x_wconf 89' lang='lat' dir='ltr'>se</span> <span class='ocrx_word' id='word_1_308' title='bbox 1382 3879 1457 3962; x_wconf 90' lang='lat' dir='ltr'>ipse</span> <span class='ocrx_word' id='word_1_309' title='bbox 1472 3877 1606 3944; x_wconf 89' lang='lat' dir='ltr'>cicerus</span> <span class='ocrx_word' id='word_1_310' title='bbox 1623 3893 1813 3960; x_wconf 84' lang='lat' dir='ltr'>germanus</span> <span class='ocrx_word' id='word_1_311' title='bbox 1836 3893 1931 3941; x_wconf 90' lang='lat' dir='ltr'>meus</span> <span class='ocrx_word' id='word_1_312' title='bbox 1954 3877 1990 3941; x_wconf 90' lang='lat' dir='ltr'>et</span> <span class='ocrx_word' id='word_1_313' title='bbox 2013 3891 2095 3941; x_wconf 90' lang='lat' dir='ltr'>snos</span> 
     </span>
     <span class='ocr_line' id='line_1_23' title="bbox 230 4022 2095 4126; baseline -0.011 -20"><span class='ocrx_word' id='word_1_314' title='bbox 230 4040 377 4110; x_wconf 89' lang='lat' dir='ltr'>heredes</span> <span class='ocrx_word' id='word_1_315' title='bbox 391 4059 457 4126; x_wconf 91' lang='lat' dir='ltr'>per</span> <span class='ocrx_word' id='word_1_316' title='bbox 472 4041 551 4124; x_wconf 90' lang='lat' dir='ltr'>ipsa</span> <span class='ocrx_word' id='word_1_317' title='bbox 565 4037 683 4106; x_wconf 88' lang='lat' dir='ltr'>eadem</span> <span class='ocrx_word' id='word_1_318' title='bbox 699 4034 841 4122; x_wconf 82' lang='lat' dir='ltr'>guadia,</span> <span class='ocrx_word' id='word_1_319' title='bbox 860 4033 903 4100; x_wconf 88' lang='lat' dir='ltr'>ad</span> <span class='ocrx_word' id='word_1_320' title='bbox 920 4032 1195 4119; x_wconf 90' lang='lat' dir='ltr'>componendum</span> <span class='ocrx_word' id='word_1_321' title='bbox 1211 4029 1255 4096; x_wconf 87' lang='lat' dir='ltr'>ad</span> <span class='ocrx_word' id='word_1_322' title='bbox 1272 4027 1430 4114; x_wconf 88' lang='lat' dir='ltr'>predicta</span> <span class='ocrx_word' id='word_1_323' title='bbox 1444 4025 1615 4094; x_wconf 80' lang='lat' dir='ltr'>hecclesia</span> <span class='ocrx_word' id='word_1_324' title='bbox 1636 4027 1691 4092; x_wconf 89' lang='lat' dir='ltr'>vel</span> <span class='ocrx_word' id='word_1_325' title='bbox 1714 4024 1758 4092; x_wconf 88' lang='lat' dir='ltr'>ad</span> <span class='ocrx_word' id='word_1_326' title='bbox 1781 4024 1856 4092; x_wconf 91' lang='lat' dir='ltr'>eius</span> <span class='ocrx_word' id='word_1_327' title='bbox 1878 4025 2029 4092; x_wconf 88' lang='lat' dir='ltr'>rectores</span> <span class='ocrx_word' id='word_1_328' title='bbox 2043 4022 2095 4087; x_wconf 85' lang='lat' dir='ltr'>vi-</span> 
     </span>
     <span class='ocr_line' id='line_1_24' title="bbox 231 4163 2090 4278; baseline -0.011 -18"><span class='ocrx_word' id='word_1_329' title='bbox 231 4195 325 4278; x_wconf 84' lang='lat' dir='ltr'>ginti</span> <span class='ocrx_word' id='word_1_330' title='bbox 341 4191 438 4260; x_wconf 88' lang='lat' dir='ltr'>aurei</span> <span class='ocrx_word' id='word_1_331' title='bbox 454 4189 555 4260; x_wconf 92' lang='lat' dir='ltr'>solidi</span> <span class='ocrx_word' id='word_1_332' title='bbox 571 4186 851 4264; x_wconf 86' lang='lat' dir='ltr'>constantiniani,</span> <span class='ocrx_word' id='word_1_333' title='bbox 869 4189 905 4253; x_wconf 89' lang='lat' dir='ltr'>et</span> <span class='ocrx_word' id='word_1_334' title='bbox 919 4203 982 4270; x_wconf 91' lang='lat' dir='ltr'>per</span> <span class='ocrx_word' id='word_1_335' title='bbox 998 4163 1119 4250; x_wconf 80' lang='lat' dir='ltr'>invitis</span> <span class='ocrx_word' id='word_1_336' title='bbox 1137 4181 1233 4248; x_wconf 89' lang='lat' dir='ltr'>taciti</span> <span class='ocrx_word' id='word_1_337' title='bbox 1248 4182 1283 4249; x_wconf 90' lang='lat' dir='ltr'>et</span> <span class='ocrx_word' id='word_1_338' title='bbox 1297 4178 1397 4246; x_wconf 87' lang='lat' dir='ltr'>vacui</span> <span class='ocrx_word' id='word_1_339' title='bbox 1413 4174 1541 4244; x_wconf 87' lang='lat' dir='ltr'>exinde</span> <span class='ocrx_word' id='word_1_340' title='bbox 1556 4176 1783 4260; x_wconf 88' lang='lat' dir='ltr'>permaneant</span> <span class='ocrx_word' id='word_1_341' title='bbox 1805 4173 1897 4239; x_wconf 90' lang='lat' dir='ltr'>omni</span> <span class='ocrx_word' id='word_1_342' title='bbox 1921 4175 2090 4257; x_wconf 90' lang='lat' dir='ltr'>tempore,</span> 
     </span>
     <span class='ocr_line' id='line_1_25' title="bbox 231 4319 2094 4428; baseline -0.013 -18"><span class='ocrx_word' id='word_1_343' title='bbox 231 4344 268 4410; x_wconf 91' lang='lat' dir='ltr'>et</span> <span class='ocrx_word' id='word_1_344' title='bbox 279 4341 437 4428; x_wconf 85' lang='lat' dir='ltr'>predicte</span> <span class='ocrx_word' id='word_1_345' title='bbox 452 4341 573 4426; x_wconf 87' lang='lat' dir='ltr'>nostra</span> <span class='ocrx_word' id='word_1_346' title='bbox 593 4337 772 4405; x_wconf 84' lang='lat' dir='ltr'>offertione</span> <span class='ocrx_word' id='word_1_347' title='bbox 789 4335 883 4402; x_wconf 93' lang='lat' dir='ltr'>omni</span> <span class='ocrx_word' id='word_1_348' title='bbox 902 4337 1056 4419; x_wconf 87' lang='lat' dir='ltr'>tempore</span> <span class='ocrx_word' id='word_1_349' title='bbox 1077 4332 1226 4399; x_wconf 87' lang='lat' dir='ltr'>firmiter</span> <span class='ocrx_word' id='word_1_350' title='bbox 1241 4333 1276 4397; x_wconf 91' lang='lat' dir='ltr'>et</span> <span class='ocrx_word' id='word_1_351' title='bbox 1292 4327 1461 4396; x_wconf 89' lang='lat' dir='ltr'>securiter</span> <span class='ocrx_word' id='word_1_352' title='bbox 1483 4324 1637 4391; x_wconf 88' lang='lat' dir='ltr'>habeant</span> <span class='ocrx_word' id='word_1_353' title='bbox 1660 4323 1738 4406; x_wconf 90' lang='lat' dir='ltr'>ipsa</span> <span class='ocrx_word' id='word_1_354' title='bbox 1760 4321 1925 4389; x_wconf 88' lang='lat' dir='ltr'>iamdicta</span> <span class='ocrx_word' id='word_1_355' title='bbox 1947 4319 2094 4388; x_wconf 86' lang='lat' dir='ltr'>ecclesia</span> 
     </span>
     <span class='ocr_line' id='line_1_26' title="bbox 233 4459 2095 4576; baseline -0.013 -12"><span class='ocrx_word' id='word_1_356' title='bbox 233 4496 349 4564; x_wconf 88' lang='lat' dir='ltr'>sancti</span> <span class='ocrx_word' id='word_1_357' title='bbox 364 4495 509 4562; x_wconf 88' lang='lat' dir='ltr'>martini</span> <span class='ocrx_word' id='word_1_358' title='bbox 526 4497 560 4560; x_wconf 91' lang='lat' dir='ltr'>et</span> <span class='ocrx_word' id='word_1_359' title='bbox 576 4493 651 4560; x_wconf 89' lang='lat' dir='ltr'>eius</span> <span class='ocrx_word' id='word_1_360' title='bbox 666 4492 832 4576; x_wconf 85' lang='lat' dir='ltr'>rectores3</span> <span class='ocrx_word' id='word_1_361' title='bbox 850 4507 895 4556; x_wconf 86' lang='lat' dir='ltr'>ex</span> <span class='ocrx_word' id='word_1_362' title='bbox 912 4459 980 4572; x_wconf 83' lang='lat' dir='ltr'>qua</span> <span class='ocrx_word' id='word_1_363' title='bbox 994 4486 1217 4572; x_wconf 87' lang='lat' dir='ltr'>promisimus</span> <span class='ocrx_word' id='word_1_364' title='bbox 1231 4484 1266 4550; x_wconf 91' lang='lat' dir='ltr'>et</span> <span class='ocrx_word' id='word_1_365' title='bbox 1280 4479 1512 4565; x_wconf 83' lang='lat' dir='ltr'>obligavimus</span> <span class='ocrx_word' id='word_1_366' title='bbox 1526 4495 1590 4544; x_wconf 90' lang='lat' dir='ltr'>nos</span> <span class='ocrx_word' id='word_1_367' title='bbox 1605 4475 1776 4543; x_wconf 89' lang='lat' dir='ltr'>nominati</span> <span class='ocrx_word' id='word_1_368' title='bbox 1791 4474 1942 4543; x_wconf 83' lang='lat' dir='ltr'>stefanus</span> <span class='ocrx_word' id='word_1_369' title='bbox 1965 4475 1999 4540; x_wconf 88' lang='lat' dir='ltr'>et</span> <span class='ocrx_word' id='word_1_370' title='bbox 2021 4491 2095 4540; x_wconf 93' lang='lat' dir='ltr'>ma·</span> 
     </span>
     <span class='ocr_line' id='line_1_27' title="bbox 231 4623 2090 4723; baseline -0.014 -7"><span class='ocrx_word' id='word_1_371' title='bbox 231 4649 337 4716; x_wconf 88' lang='lat' dir='ltr'>ralda</span> <span class='ocrx_word' id='word_1_372' title='bbox 351 4649 406 4714; x_wconf 89' lang='lat' dir='ltr'>vir</span> <span class='ocrx_word' id='word_1_373' title='bbox 421 4649 456 4714; x_wconf 91' lang='lat' dir='ltr'>et</span> <span class='ocrx_word' id='word_1_374' title='bbox 471 4663 572 4723; x_wconf 86' lang='lat' dir='ltr'>uxor,</span> <span class='ocrx_word' id='word_1_375' title='bbox 592 4647 626 4712; x_wconf 94' lang='lat' dir='ltr'>et</span> <span class='ocrx_word' id='word_1_376' title='bbox 640 4643 769 4711; x_wconf 91' lang='lat' dir='ltr'>nostris</span> <span class='ocrx_word' id='word_1_377' title='bbox 785 4640 973 4709; x_wconf 87' lang='lat' dir='ltr'>heredibus</span> <span class='ocrx_word' id='word_1_378' title='bbox 989 4639 1065 4723; x_wconf 90' lang='lat' dir='ltr'>ipsa</span> <span class='ocrx_word' id='word_1_379' title='bbox 1080 4635 1278 4722; x_wconf 86' lang='lat' dir='ltr'>supradicta</span> <span class='ocrx_word' id='word_1_380' title='bbox 1293 4635 1396 4701; x_wconf 90' lang='lat' dir='ltr'>rebus</span> <span class='ocrx_word' id='word_1_381' title='bbox 1412 4631 1450 4697; x_wconf 92' lang='lat' dir='ltr'>in</span> <span class='ocrx_word' id='word_1_382' title='bbox 1465 4631 1636 4715; x_wconf 90' lang='lat' dir='ltr'>prephata</span> <span class='ocrx_word' id='word_1_383' title='bbox 1647 4625 1819 4694; x_wconf 88' lang='lat' dir='ltr'>hecclesia</span> <span class='ocrx_word' id='word_1_384' title='bbox 1829 4623 1937 4694; x_wconf 91' lang='lat' dir='ltr'>sancti</span> <span class='ocrx_word' id='word_1_385' title='bbox 1950 4624 2090 4690; x_wconf 90' lang='lat' dir='ltr'>martini</span> 
     </span>
     <span class='ocr_line' id='line_1_28' title="bbox 232 4775 2093 4883; baseline -0.015 -16"><span class='ocrx_word' id='word_1_386' title='bbox 232 4803 269 4867; x_wconf 87' lang='lat' dir='ltr'>et</span> <span class='ocrx_word' id='word_1_387' title='bbox 284 4799 331 4866; x_wconf 93' lang='lat' dir='ltr'>ad</span> <span class='ocrx_word' id='word_1_388' title='bbox 346 4801 489 4883; x_wconf 91' lang='lat' dir='ltr'>eiusque</span> <span class='ocrx_word' id='word_1_389' title='bbox 505 4799 657 4863; x_wconf 87' lang='lat' dir='ltr'>rectores</span> <span class='ocrx_word' id='word_1_390' title='bbox 672 4792 831 4879; x_wconf 89' lang='lat' dir='ltr'>predicta</span> <span class='ocrx_word' id='word_1_391' title='bbox 847 4793 962 4868; x_wconf 89' lang='lat' dir='ltr'>rebus,</span> <span class='ocrx_word' id='word_1_392' title='bbox 980 4789 1071 4874; x_wconf 91' lang='lat' dir='ltr'>quod</span> <span class='ocrx_word' id='word_1_393' title='bbox 1088 4787 1213 4854; x_wconf 87' lang='lat' dir='ltr'>ibidem</span> <span class='ocrx_word' id='word_1_394' title='bbox 1232 4783 1442 4858; x_wconf 87' lang='lat' dir='ltr'>offeruimus,</span> <span class='ocrx_word' id='word_1_395' title='bbox 1461 4777 1696 4848; x_wconf 87' lang='lat' dir='ltr'>antistandum</span> <span class='ocrx_word' id='word_1_396' title='bbox 1720 4779 1755 4844; x_wconf 87' lang='lat' dir='ltr'>et</span> <span class='ocrx_word' id='word_1_397' title='bbox 1777 4776 2025 4844; x_wconf 84' lang='lat' dir='ltr'>defensandum</span> <span class='ocrx_word' id='word_1_398' title='bbox 2049 4775 2093 4840; x_wconf 89' lang='lat' dir='ltr'>ab</span> 
     </span>
     <span class='ocr_line' id='line_1_29' title="bbox 237 4929 2092 5032; baseline -0.015 -12"><span class='ocrx_word' id='word_1_399' title='bbox 237 4955 399 5021; x_wconf 91' lang='lat' dir='ltr'>omnibus</span> <span class='ocrx_word' id='word_1_400' title='bbox 414 4950 624 5019; x_wconf 88' lang='lat' dir='ltr'>hominibus.</span> <span class='ocrx_word' id='word_1_401' title='bbox 642 4945 732 5032; x_wconf 88' lang='lat' dir='ltr'>quod</span> <span class='ocrx_word' id='word_1_402' title='bbox 749 4947 779 5014; x_wconf 91' lang='lat' dir='ltr'>si</span> <span class='ocrx_word' id='word_1_403' title='bbox 794 4947 859 5013; x_wconf 90' lang='lat' dir='ltr'>etc.</span> <span class='ocrx_word' id='word_1_404' title='bbox 883 4941 1026 5011; x_wconf 81' lang='lat' dir='ltr'>Statuto</span> <span class='ocrx_word' id='word_1_405' title='bbox 1047 4941 1158 5008; x_wconf 80' lang='lat' dir='ltr'>molto</span> <span class='ocrx_word' id='word_1_406' title='bbox 1179 4938 1304 5022; x_wconf 67' lang='lat' dir='ltr'>arpenta·</span> <span class='ocrx_word' id='word_1_407' title='bbox 1320 4951 1505 5003; x_wconf 74' lang='lat' dir='ltr'>aureorum</span> <span class='ocrx_word' id='word_1_408' title='bbox 1519 4931 1705 4998; x_wconf 72' lang='lat' dir='ltr'>solidorum</span> <span class='ocrx_word' id='word_1_409' title='bbox 1728 4929 2092 4997; x_wconf 60' lang='lat' dir='ltr'>constantiniensem.</span> 
     </span>
     <span class='ocr_line' id='line_1_30' title="bbox 237 5075 2144 5188; baseline -0.019 -15"><span class='ocrx_word' id='word_1_410' title='bbox 237 5107 276 5173; x_wconf 93' lang='lat' dir='ltr'>Si</span> <span class='ocrx_word' id='word_1_411' title='bbox 292 5108 406 5173; x_wconf 89' lang='lat' dir='ltr'>autem</span> <span class='ocrx_word' id='word_1_412' title='bbox 425 5103 500 5188; x_wconf 90' lang='lat' dir='ltr'>ipsa</span> <span class='ocrx_word' id='word_1_413' title='bbox 516 5099 719 5186; x_wconf 88' lang='lat' dir='ltr'>supradicta</span> <span class='ocrx_word' id='word_1_414' title='bbox 733 5100 832 5167; x_wconf 86' lang='lat' dir='ltr'>rebus</span> <span class='ocrx_word' id='word_1_415' title='bbox 846 5114 913 5186; x_wconf 89' lang='lat' dir='ltr'>que</span> <span class='ocrx_word' id='word_1_416' title='bbox 923 5097 975 5162; x_wconf 91' lang='lat' dir='ltr'>est</span> <span class='ocrx_word' id='word_1_417' title='bbox 985 5097 1108 5160; x_wconf 89' lang='lat' dir='ltr'>nostra</span> <span class='ocrx_word' id='word_1_418' title='bbox 1124 5089 1317 5167; x_wconf 84' lang='lat' dir='ltr'>offertione,</span> <span class='ocrx_word' id='word_1_419' title='bbox 1336 5105 1420 5173; x_wconf 91' lang='lat' dir='ltr'>pars</span> <span class='ocrx_word' id='word_1_420' title='bbox 1431 5084 1474 5152; x_wconf 92' lang='lat' dir='ltr'>de</span> <span class='ocrx_word' id='word_1_421' title='bbox 1484 5081 1658 5168; x_wconf 90' lang='lat' dir='ltr'>episcopio</span> <span class='ocrx_word' id='word_1_422' title='bbox 1674 5083 1732 5148; x_wconf 88' lang='lat' dir='ltr'>aut</span> <span class='ocrx_word' id='word_1_423' title='bbox 1747 5079 1791 5145; x_wconf 90' lang='lat' dir='ltr'>de</span> <span class='ocrx_word' id='word_1_424' title='bbox 1806 5077 1968 5144; x_wconf 87' lang='lat' dir='ltr'>dominiis</span> <span class='ocrx_word' id='word_1_425' title='bbox 1984 5075 2093 5158; x_wconf 90' lang='lat' dir='ltr'>ipsius</span> <span class='ocrx_word' id='word_1_426' title='bbox 2142 5129 2144 5136; x_wconf 82' lang='grc'>,</span> 
     </span>
     <span class='ocr_line' id='line_1_31' title="bbox 240 5226 2094 5328; baseline -0.018 -3"><span class='ocrx_word' id='word_1_427' title='bbox 240 5258 410 5326; x_wconf 88' lang='lat' dir='ltr'>hecclesie</span> <span class='ocrx_word' id='word_1_428' title='bbox 425 5274 484 5324; x_wconf 93' lang='lat' dir='ltr'>eos</span> <span class='ocrx_word' id='word_1_429' title='bbox 500 5256 622 5322; x_wconf 85' lang='lat' dir='ltr'>tollere</span> <span class='ocrx_word' id='word_1_430' title='bbox 639 5253 700 5319; x_wconf 90' lang='lat' dir='ltr'>aut</span> <span class='ocrx_word' id='word_1_431' title='bbox 714 5251 877 5316; x_wconf 82' lang='lat' dir='ltr'>contrane</span> <span class='ocrx_word' id='word_1_432' title='bbox 893 5245 1039 5313; x_wconf 90' lang='lat' dir='ltr'>voluerit</span> <span class='ocrx_word' id='word_1_433' title='bbox 1054 5244 1129 5328; x_wconf 89' lang='lat' dir='ltr'>ipso</span> <span class='ocrx_word' id='word_1_434' title='bbox 1145 5241 1300 5326; x_wconf 82' lang='lat' dir='ltr'>frugium</span> <span class='ocrx_word' id='word_1_435' title='bbox 1316 5239 1358 5308; x_wconf 90' lang='lat' dir='ltr'>de</span> <span class='ocrx_word' id='word_1_436' title='bbox 1374 5239 1452 5323; x_wconf 88' lang='lat' dir='ltr'>ipsa</span> <span class='ocrx_word' id='word_1_437' title='bbox 1466 5233 1665 5320; x_wconf 88' lang='lat' dir='ltr'>supradicta</span> <span class='ocrx_word' id='word_1_438' title='bbox 1679 5232 1792 5307; x_wconf 87' lang='lat' dir='ltr'>rebus,</span> <span class='ocrx_word' id='word_1_439' title='bbox 1811 5229 1850 5294; x_wconf 91' lang='lat' dir='ltr'>ut</span> <span class='ocrx_word' id='word_1_440' title='bbox 1864 5226 1906 5294; x_wconf 93' lang='lat' dir='ltr'>de</span> <span class='ocrx_word' id='word_1_441' title='bbox 1922 5226 2094 5310; x_wconf 90' lang='lat' dir='ltr'>potestate</span> 
     </span>
     <span class='ocr_line' id='line_1_32' title="bbox 240 5354 2097 5494; baseline -0.018 -19"><span class='ocrx_word' id='word_1_442' title='bbox 240 5408 285 5476; x_wconf 93' lang='lat' dir='ltr'>de</span> <span class='ocrx_word' id='word_1_443' title='bbox 300 5409 377 5494; x_wconf 92' lang='lat' dir='ltr'>ipso</span> <span class='ocrx_word' id='word_1_444' title='bbox 390 5405 567 5475; x_wconf 89' lang='lat' dir='ltr'>sacerdote</span> <span class='ocrx_word' id='word_1_445' title='bbox 579 5404 653 5474; x_wconf 89' lang='lat' dir='ltr'>siad</span> <span class='ocrx_word' id='word_1_446' title='bbox 666 5403 881 5477; x_wconf 85' lang='lat' dir='ltr'>distractum,</span> <span class='ocrx_word' id='word_1_447' title='bbox 895 5401 977 5465; x_wconf 90' lang='lat' dir='ltr'>tunc</span> <span class='ocrx_word' id='word_1_448' title='bbox 991 5395 1236 5481; x_wconf 86' lang='lat' dir='ltr'>presentaliter</span> <span class='ocrx_word' id='word_1_449' title='bbox 1248 5354 1327 5478; x_wconf 83' lang='lat' dir='ltr'>ipsa</span> <span class='ocrx_word' id='word_1_450' title='bbox 1338 5387 1541 5474; x_wconf 87' lang='lat' dir='ltr'>supradicta</span> <span class='ocrx_word' id='word_1_451' title='bbox 1555 5385 1657 5450; x_wconf 90' lang='lat' dir='ltr'>rebus</span> <span class='ocrx_word' id='word_1_452' title='bbox 1668 5398 1746 5446; x_wconf 89' lang='lat' dir='ltr'>oum</span> <span class='ocrx_word' id='word_1_453' title='bbox 1763 5377 1837 5463; x_wconf 89' lang='lat' dir='ltr'>ipso</span> <span class='ocrx_word' id='word_1_454' title='bbox 1850 5376 2004 5461; x_wconf 83' lang='lat' dir='ltr'>frugium</span> <span class='ocrx_word' id='word_1_455' title='bbox 2018 5373 2097 5442; x_wconf 92' lang='lat' dir='ltr'>red-</span> 
     </span>
     <span class='ocr_line' id='line_1_33' title="bbox 239 5527 2093 5646; baseline -0.02 -15"><span class='ocrx_word' id='word_1_456' title='bbox 239 5566 323 5631; x_wconf 87' lang='lat' dir='ltr'>eant</span> <span class='ocrx_word' id='word_1_457' title='bbox 347 5561 391 5629; x_wconf 88' lang='lat' dir='ltr'>ad</span> <span class='ocrx_word' id='word_1_458' title='bbox 414 5561 620 5646; x_wconf 88' lang='lat' dir='ltr'>potestatem</span> <span class='ocrx_word' id='word_1_459' title='bbox 644 5557 688 5625; x_wconf 90' lang='lat' dir='ltr'>de</span> <span class='ocrx_word' id='word_1_460' title='bbox 710 5552 840 5622; x_wconf 91' lang='lat' dir='ltr'>nostris</span> <span class='ocrx_word' id='word_1_461' title='bbox 863 5549 1070 5634; x_wconf 84' lang='lat' dir='ltr'>heredibus3</span> <span class='ocrx_word' id='word_1_462' title='bbox 1094 5549 1128 5616; x_wconf 92' lang='lat' dir='ltr'>et</span> <span class='ocrx_word' id='word_1_463' title='bbox 1150 5546 1209 5612; x_wconf 90' lang='lat' dir='ltr'>ubi</span> <span class='ocrx_word' id='word_1_464' title='bbox 1233 5543 1277 5610; x_wconf 87' lang='lat' dir='ltr'>ad</span> <span class='ocrx_word' id='word_1_465' title='bbox 1294 5542 1500 5628; x_wconf 88' lang='lat' dir='ltr'>potestatem</span> <span class='ocrx_word' id='word_1_466' title='bbox 1516 5535 1559 5602; x_wconf 93' lang='lat' dir='ltr'>de</span> <span class='ocrx_word' id='word_1_467' title='bbox 1581 5531 1709 5600; x_wconf 88' lang='lat' dir='ltr'>nostris</span> <span class='ocrx_word' id='word_1_468' title='bbox 1732 5529 1916 5597; x_wconf 90' lang='lat' dir='ltr'>heredibus</span> <span class='ocrx_word' id='word_1_469' title='bbox 1939 5527 2093 5603; x_wconf 90' lang='lat' dir='ltr'>redierit,</span> 
     </span>
     <span class='ocr_line' id='line_1_34' title="bbox 241 5679 2096 5798; baseline -0.02 -14"><span class='ocrx_word' id='word_1_470' title='bbox 241 5732 383 5798; x_wconf 90' lang='lat' dir='ltr'>semper</span> <span class='ocrx_word' id='word_1_471' title='bbox 406 5730 469 5798; x_wconf 90' lang='lat' dir='ltr'>per</span> <span class='ocrx_word' id='word_1_472' title='bbox 492 5711 561 5779; x_wconf 89' lang='lat' dir='ltr'>ista</span> <span class='ocrx_word' id='word_1_473' title='bbox 589 5709 725 5776; x_wconf 89' lang='lat' dir='ltr'>cartula</span> <span class='ocrx_word' id='word_1_474' title='bbox 750 5705 829 5791; x_wconf 88' lang='lat' dir='ltr'>ipsa</span> <span class='ocrx_word' id='word_1_475' title='bbox 853 5699 1052 5788; x_wconf 86' lang='lat' dir='ltr'>supradicta</span> <span class='ocrx_word' id='word_1_476' title='bbox 1079 5699 1182 5765; x_wconf 88' lang='lat' dir='ltr'>rebus</span> <span class='ocrx_word' id='word_1_477' title='bbox 1204 5713 1283 5762; x_wconf 93' lang='lat' dir='ltr'>cum</span> <span class='ocrx_word' id='word_1_478' title='bbox 1306 5694 1382 5778; x_wconf 91' lang='lat' dir='ltr'>ipso</span> <span class='ocrx_word' id='word_1_479' title='bbox 1405 5689 1559 5773; x_wconf 82' lang='lat' dir='ltr'>frugium</span> <span class='ocrx_word' id='word_1_480' title='bbox 1583 5683 1678 5752; x_wconf 91' lang='lat' dir='ltr'>omni</span> <span class='ocrx_word' id='word_1_481' title='bbox 1700 5685 1857 5767; x_wconf 89' lang='lat' dir='ltr'>tempore</span> <span class='ocrx_word' id='word_1_482' title='bbox 1878 5679 2025 5748; x_wconf 88' lang='lat' dir='ltr'>redeant</span> <span class='ocrx_word' id='word_1_483' title='bbox 2052 5679 2096 5747; x_wconf 93' lang='lat' dir='ltr'>ad</span> 
     </span>
    </p>
   </div>
   <div class='ocr_carea' id='block_1_4' title="bbox 243 5831 2099 6030">
    <p class='ocr_par' dir='ltr' id='par_1_5' title="bbox 243 5831 2099 6030">
     <span class='ocr_line' id='line_1_35' title="bbox 243 5831 2099 5951; baseline -0.02 -18"><span class='ocrx_word' id='word_1_484' title='bbox 243 5866 452 5951; x_wconf 85' lang='lat' dir='ltr'>potestatem</span> <span class='ocrx_word' id='word_1_485' title='bbox 476 5861 518 5932; x_wconf 93' lang='lat' dir='ltr'>de</span> <span class='ocrx_word' id='word_1_486' title='bbox 539 5861 653 5946; x_wconf 88' lang='lat' dir='ltr'>ipsum</span> <span class='ocrx_word' id='word_1_487' title='bbox 669 5863 837 5928; x_wconf 90' lang='lat' dir='ltr'>rectorem</span> <span class='ocrx_word' id='word_1_488' title='bbox 853 5856 993 5940; x_wconf 90' lang='lat' dir='ltr'>eiusque</span> <span class='ocrx_word' id='word_1_489' title='bbox 1010 5851 1190 5927; x_wconf 90' lang='lat' dir='ltr'>hecclesie‚</span> <span class='ocrx_word' id='word_1_490' title='bbox 1215 5849 1275 5933; x_wconf 92' lang='lat' dir='ltr'>qui</span> <span class='ocrx_word' id='word_1_491' title='bbox 1298 5847 1336 5926; x_wconf 80' lang='lat' dir='ltr'>in</span> <span class='ocrx_word' id='word_1_492' title='bbox 1359 5841 1479 5912; x_wconf 88' lang='lat' dir='ltr'>eadem</span> <span class='ocrx_word' id='word_1_493' title='bbox 1503 5837 1648 5907; x_wconf 90' lang='lat' dir='ltr'>ecclesia</span> <span class='ocrx_word' id='word_1_494' title='bbox 1670 5835 1875 5903; x_wconf 87' lang='lat' dir='ltr'>officiaverit</span> <span class='ocrx_word' id='word_1_495' title='bbox 1889 5835 1924 5900; x_wconf 92' lang='lat' dir='ltr'>et</span> <span class='ocrx_word' id='word_1_496' title='bbox 1938 5831 2099 5914; x_wconf 84' lang='lat' dir='ltr'>regimen</span> 
     </span>
     <span class='ocr_line' id='line_1_36' title="bbox 454 5954 1959 6030; baseline -0.02 0"><span class='ocrx_word' id='word_1_497' title='bbox 454 5985 516 6030; x_wconf 75' lang='lat' dir='ltr'>Tou.</span> <span class='ocrx_word' id='word_1_498' title='bbox 529 5985 562 6030; x_wconf 90' lang='lat' dir='ltr'>ll.</span> <span class='ocrx_word' id='word_1_499' title='bbox 1928 5954 1959 6000; x_wconf 78' lang='lat'>28</span> 
     </span>
    </p>
   </div>
   <div class='ocr_carea' id='block_1_5' title="bbox 0 0 2633 7092">
    <p class='ocr_par' dir='ltr' id='par_1_6' title="bbox 0 0 2633 7092">
     <span class='ocr_line' id='line_1_37' title="bbox 0 0 2633 7092; baseline 0 0"><span class='ocrx_word' id='word_1_500' title='bbox 0 0 2633 7092; x_wconf 95' lang='lat' dir='ltr'> </span> 
     </span>
    </p>
   </div>
  </div>
 </body>
</html>
