5378 7098
612 591 653 652 16
1320 579 1482 652 6611111
1525 543 1757 656 cluensis

562 818 685 888 eadem
701 821 797 887 clusa
814 825 848 886 et
864 819 900 886 in
917 821 992 904 ipsa
1005 838 1093 905 aqua
1109 821 1309 906 piscaberit,
1327 821 1425 890 daret
1439 823 1634 917 nobisinde
1646 826 1750 892 talem
1767 827 1967 906 sortionem,
1982 832 2119 913 qualem
2134 834 2262 902 6161116
2277 852 2421 904 661661-

566 970 676 1038 tillces
694 973 830 1038 nostres
846 987 909 1054 per
925 971 1101 1055 singulum
1126 971 1207 1040 inde
1229 973 1351 1041 tollere
1373 973 1537 1044 debuerit.
1564 975 1656 1043 unde
1678 993 1742 1060 pro
1764 977 1883 1044 taliter
1905 978 2037 1062 guadia
2059 980 2135 1065 ipse
2150 983 2305 1054 16666166
2320 988 2421 1054 nobis

564 1120 659 1190 dedit
678 1124 713 1189 et
728 1119 950 1190 mediatorem
966 1123 1066 1190 nobis
1081 1123 1197 1207 posuit
1212 1125 1308 1209 sergi
1319 1125 1410 1195 illius
1426 1126 1599 1211 quondam
1615 1129 1683 1197 cali
1696 1083 1739 1197 de
1751 1131 1863 1197 locum
1879 1148 1949 1215 pau
1961 1131 1999 1218 ⁴),
2018 1133 2079 1202 tali
2095 1133 2228 1213 ordine,
2246 1138 2284 1203 ut
2298 1137 2328 1204 si
2343 1139 2420 1222 quis

564 1292 628 1358 per
643 1273 721 1358 ipsa
736 1273 923 1341 constituta
938 1275 1052 1358 ipsum
1067 1275 1216 1358 pretium
1233 1274 1275 1343 de
1290 1275 1405 1360 ipsum
1420 1279 1536 1346 monte
1550 1280 1584 1345 et
1599 1279 1675 1364 ipsa
1691 1279 1866 1365 piscamen
1881 1280 1923 1351 de
1937 1283 2016 1366 ipsa
2032 1301 2121 1368 aqua
2132 1287 2167 1352 et
2181 1284 2222 1355 de
2234 1286 2311 1372 ipsa
2322 1289 2420 1356 clusa

564 1424 607 1491 de
631 1427 709 1508 ipsa
732 1441 823 1508 aqua
845 1425 945 1491 nobis
968 1425 1043 1509 ipse
1065 1426 1223 1493 leucarus
1244 1427 1279 1493 et
1300 1425 1375 1494 eius
1398 1425 1518 1496 eredes
1540 1444 1643 1497 omne
1657 1446 1793 1496 ‘annum
1818 1448 1926 1515 usque
1954 1431 2069 1516 ipsum
2098 1435 2321 1504 constitutum
2349 1456 2422 1506 non

563 1574 699 1642 dederit
721 1579 755 1642 et
778 1576 896 1644 taliter
919 1577 1018 1646 nobis
1041 1579 1233 1662 nostrisque
1256 1567 1375 1646 eredes
1404 1597 1474 1648 non
1505 1580 1771 1666 adimpleberit,
1800 1583 1967 1670 obligavit
1997 1603 2034 1653 66
2057 1590 2092 1654 61
2115 1605 2193 1655 suos
2215 1587 2334 1657 eredes
2361 1607 2423 1674 per

564 1726 682 1796 eadem
706 1725 837 1812 guadia
860 1725 902 1793 ad
926 1727 1201 1812 componendum
1224 1729 1323 1797 nobis
1345 1732 1539 1817 nostrisque
1561 1731 1679 1802 eredes
1702 1733 1818 1802 decem
1842 1733 1970 1801 solidos
1994 1751 2118 1803 aureos
2154 1737 2363 1805 costantinus
2389 1743 2424 1807 et

563 1896 626 1962 per
649 1878 769 1947 invitis
792 1881 910 1947 omnia
925 1879 1159 1965 suprascribta
1181 1879 1280 1946 nobis
1303 1879 1504 1965 adimplere,
1520 1885 1554 1948 et
1576 1881 1619 1949 ad
1645 1884 1852 1966 completum
1868 1883 2091 1951 constitutum
2113 1885 2228 1969 ipsum
2243 1888 2421 1957 remittere

562 2031 640 2115 ipsa
662 2029 814 2098 sortione
838 2048 914 2097 mea
937 2030 979 2098 de
1002 2032 1114 2114 ipsum
1139 2035 1255 2098 monte
1278 2032 1313 2099 et
1335 2033 1413 2116 ipsa
1435 2033 1586 2100 sortione
1608 2032 1651 2100 de
1674 2034 1751 2117 ipsa
1774 2035 1870 2100 clusa
1893 2032 1984 2101 etde
2007 2035 2084 2118 ipsa
2098 2054 2188 2120 aqua
2209 2036 2253 2104 ad
2268 2041 2422 2106 nostram

557 2149 776 2264 potestatem.
803 2184 837 2250 et
859 2185 952 2248 huuc
977 2184 1115 2249 brebem
1139 2161 1260 2249 scribsi
1284 2200 1350 2266 ego
1373 2181 1537 2250 ildericus
1559 2182 1783 2252 subdiaconus
1807 2186 1841 2251 et
1864 2185 2021 2252 notarius
2044 2188 2102 2270 qui
2128 2187 2281 2255 interlui.

618 2304 647 2415 ³(
663 2334 738 2417 Ego
753 2337 922 2401 lohannes

618 2457 731 2570 †ego
746 2463 887 2569 petrus

617 2607 646 2719 †
662 2654 729 2720 ego
746 2636 932 2718 grimoald.

1200 3235 1204 3242 ,
1341 3140 1630 3221 66116111.

1343 3383 1397 3457 A.
1435 3385 1484 3459 D.
1523 3380 1625 3461 963.

615 3649 706 3785 †ln
721 3701 861 3767 nomine
876 3700 1006 3767 domini
1023 3716 1112 3766 anno
1128 3699 1304 3767 tricesimo
1328 3703 1442 3784 primo
1465 3699 1681 3784 principatus
1704 3699 1819 3767 domni
1844 3701 1952 3767 nostri
1978 3701 2093 3784 gisolll
2116 3702 2261 3785 gloriosi
2285 3703 2414 3786 princi-

558 3856 624 3937 pis
640 3872 756 3923 mense
772 3855 963 3938 september
974 3854 1120 3938 septima
1135 3852 1335 3920 indictione.
1351 3852 1629 3920 memoratorium
1642 3853 1770 3919 factum
1783 3871 1804 3920 a
1816 3870 1870 3920 me
1882 3853 2066 3938 gregorius
2079 3854 2251 3938 presbiter
2262 3857 2297 3922 et
2307 3854 2416 3922 abbas

557 4006 700 4074 ecclesie
715 4006 826 4072 sancti
843 4005 1000 4082 maximi,
1018 4023 1086 4071 una
1103 4024 1233 4073 mecum
1251 4005 1369 4072 adesse
1386 4004 1582 4072 romoaldus
1610 4004 1768 4072 notarius
1793 4002 2034 4072 advocatorem
2063 4009 2230 4083 nostrum,
2255 4024 2296 4073 eo
2322 4007 2412 4090 quod

555 4164 636 4226 ante
659 4159 842 4245 subscripti
859 4162 962 4228 testes
978 4177 1039 4245 per
1056 4163 1143 4227 bona
1159 4159 1412 4228 combenientia
1428 4157 1559 4243 guadia
1574 4158 1662 4224 mihi
1684 4157 1779 4226 dedit
1802 4157 1956 4224 stefanus
1982 4159 2075 4225 lilius
2101 4157 2274 4242 quondam
2302 4175 2412 4225 erme-

558 4312 666 4380 naudi
690 4314 725 4379 et
742 4310 962 4380 mediatorem
981 4311 1068 4378 mihi
1084 4311 1199 4397 posuit
1222 4311 1382 4394 seipsum,
1400 4313 1435 4378 et
1457 4329 1519 4396 per
1543 4309 1660 4377 eadem
1678 4307 1809 4394 guadia
1835 4309 2002 4394 obligavit
2028 4327 2065 4377 se
2091 4311 2230 4394 suisque
2252 4308 2411 4377 eredibus

555 4467 674 4529 1611616
700 4460 743 4527 ad
769 4477 834 4530 sua
860 4465 1030 4546 potestate
1045 4465 1141 4529 terra
1157 4477 1278 4540 vacua,
1297 4460 1386 4545 quod
1409 4463 1486 4526 abet
1509 4461 1587 4544 ipsa
1609 4459 1756 4526 ecclesia
1778 4458 1816 4525 in
1839 4421 1951 4525 locum
1974 4458 2194 4543 plubviciano
2211 4462 2349 4525 rotense
2371 4457 2410 4523 11-

555 4612 656 4678 nibus
672 4629 734 4696 per
752 4614 815 4679 hec
832 4609 931 4679 linis:
950 4610 993 4678 de
1009 4611 1140 4678 duobus
1156 4611 1315 4696 partibus
1330 4611 1399 4679 1116
1415 4611 1469 4678 bie
1484 4610 1661 4694 publiche:
1679 4609 1721 4676 de
1738 4608 1808 4676 alia
1823 4613 1923 4694 parte
1938 4609 2008 4678 11116
2022 4609 2123 4676 rebus
2139 4608 2281 4675 ecclesie
2292 4611 2411 4675 sancte

559 4765 670 4831 marie
686 4765 917 4849 pertinentem
935 4763 1102 4850 episcopii
1119 4767 1343 4843 salernitano,
1362 4763 1453 4832 sicut
1468 4763 1579 4831 limite
1594 4763 1759 4830 discernit
1773 4766 1808 4829 et
1823 4763 1953 4829 termiti
1969 4761 2040 4830 doti
2055 4766 2154 4829 suut:
2180 4761 2222 4829 de
2244 4761 2315 4828 alia
2328 4778 2410 4828 1616

559 4917 658 4997 parte
672 4915 742 4982 11116
757 4917 911 5020 predicte
925 4921 1042 4985 nostre
1057 4917 1212 4996 ecclesie,
1229 4919 1319 4984 sicut
1335 4917 1445 4984 limite
1461 4916 1628 4984 discernit
1643 4919 1678 4982 et
1692 4915 1823 5000 termiti
1839 4914 1910 4980 ficti
1935 4916 2026 4980 sunt.
2045 4915 2108 4980 1166
2134 4927 2215 4977 1616
2240 4930 2294 4979 166
2317 4911 2410 4978 inira

557 5065 631 5149 ipse
644 5067 723 5134 finis
736 5069 843 5134 totum
857 5067 900 5133 ad
917 5085 1014 5135 suam
1029 5069 1231 5151 potestatem
1245 5070 1361 5136 tenere
1373 5071 1408 5135 et
1418 5066 1610 5144 dominare,
1624 5069 1659 5132 et
1670 5068 1840 5142 lavorare,
1850 5067 1885 5131 et
1895 5079 1954 5131 eos
1965 5065 2150 5147 pastenare
2160 5060 2202 5128 ad
2216 5061 2410 5144 partionem

558 5223 738 5291 arbustum
756 5219 878 5288 amodo
894 5225 928 5287 et
943 5238 1049 5304 usque
1064 5219 1180 5286 decem
1199 5220 1282 5286 anni
1308 5221 1481 5303 completi,
1507 5221 1542 5285 et
1559 5237 1670 5304 usque
1693 5219 1767 5304 ipso
1790 5218 2009 5286 constitutum
2035 5215 2146 5281 omnis
2168 5231 2229 5281 sue
2254 5212 2410 5280 utilitatis
2505 5215 2511 5220 “

458 5385 485 5398 ’·
557 5375 685 5442 ibidem
709 5375 834 5452 lacere,
861 5377 894 5439 et
917 5375 1084 5457 quantum
1108 5373 1225 5440 vinum
1250 5375 1284 5438 et
1300 5372 1443 5456 irugens
1459 5373 1582 5439 amodo
1599 5378 1632 5439 et
1647 5330 1753 5456 usque
1769 5371 1835 5455 ipsi
1851 5369 1966 5438 decem
1984 5368 2067 5434 anni
2092 5349 2173 5434 inde
2195 5365 2331 5443 exierit,
2358 5367 2411 5431 to·

556 5535 629 5596 tum
646 5549 702 5596 cos
717 5530 781 5598 sibi
796 5532 898 5594 abere
921 5532 955 5594 et
977 5530 1110 5596 nullam
1135 5528 1213 5594 inde
1237 5545 1420 5611 queramus
1436 5547 1554 5594 eorum
1569 5528 1701 5594 tollere.
1719 5525 1762 5591 ad
1786 5523 1946 5608 completi
1963 5527 2074 5588 autem
2100 5517 2167 5604 ipsi
2190 5515 2407 5585 dodemanni

617 5819 639 5886 ')
662 5818 720 5870 Pau
744 5817 788 5870 161
810 5819 876 5885 Poe,
892 5817 973 5874 vicus
987 5818 1057 5872 611111
1073 5821 1143 5874 situs
1165 5833 1252 5890 prope
1268 5816 1421 5872 Nuceriam
1438 5815 1628 5888 Pagarrorum.
