5216 7092
610 601 674 664 alo
1276 583 1440 670 GODEX
1469 585 1717 658 -cnvullsls

501 827 509 840 '
569 849 675 915 grum
693 831 790 897 illum
807 829 870 896 tibi
886 825 1030 896 donabit
1044 826 1088 896 ad
1105 845 1242 914 semper
1257 813 1429 895 abendum
1445 830 1481 895 et
1495 827 1739 914 possidendum
1756 830 1793 897 tu
1808 847 1910 914 quam
1933 832 1969 897 et
1983 833 2062 898 tuos
2084 832 2213 914 eredes,
2232 836 2266 902 et
2287 836 2406 906 facien·

569 979 650 1047 dum
668 981 797 1051 exinde
811 981 931 1049 omnia
945 979 1034 1067 quod
1050 979 1231 1050 volueritis
1246 982 1322 1049 sine
1337 979 1646 1049 contradictionem
1662 998 1776 1050 meam
1792 983 1827 1049 et
1842 980 1886 1048 de
1901 983 1988 1050 meis
2003 981 2159 1053 eredibus
2174 985 2293 1071 aliqua
2308 990 2409 1073 requi-

566 1135 742 1206 sitionem.
761 1136 960 1219 Etproanc
975 1150 1088 1201 meam
1103 1131 1326 1199 donationem
1343 1131 1617 1200 confirmandum
1635 1131 1747 1217 adque
1761 1133 2119 1213 constabiliscendum,
2137 1137 2298 1204 continuo
2308 1140 2410 1225 recepi
2496 1119 2497 1122 ¹

568 1291 639 1356 ate
654 1288 745 1355 iusta
759 1289 874 1372 legem
891 1285 1064 1372 launegilt
1078 1283 1246 1354 camisum
1270 1303 1378 1352 unum
1401 1303 1503 1371 quem
1526 1285 1617 1355 inter
1639 1286 1740 1354 uobis
1763 1241 2067 1354 combenitsfinita
2088 1289 2142 1356 est
2163 1289 2243 1373 ipsa
2265 1307 2340 1356 mea
2359 1290 2410 1357 do

568 1443 677 1520 natio,
695 1444 739 1509 Et
754 1439 846 1508 unde
861 1437 978 1524 obligo
992 1455 1049 1506 me
1065 1455 1133 1530 ego
1148 1438 1206 1523 qui
1221 1456 1330 1523 supra
1345 1437 1449 1518 risus,
1466 1437 1577 1524 adque
1594 1437 1715 1507 eredes
1732 1423 1825 1506 meos
1840 1439 1957 1524 obligo
1974 1439 2037 1506 tibi
2052 1440 2142 1524 petri
2159 1442 2194 1508 et
2209 1439 2253 1508 ad
2269 1442 2335 1508 tuis
2348 1460 2413 1512 ere·

568 1595 670 1663 dibus
686 1595 806 1681 obligo
821 1613 888 1662 me.
903 1592 1040 1672 Quodsi
1055 1595 1120 1663 etc.
1138 1590 1432 1677 &paturientes
1445 1595 1484 1659 ut
1497 1591 1769 1676 iupuoeccdeuti
1783 1591 1993 1660 documento.
2008 1593 2089 1662 ldeo
2099 1592 2239 1660 firmam
2255 1595 2346 1662 vobis
2360 1597 2412 1663 tri·

431 1723 436 1736 ⁹
571 1745 646 1813 buit
661 1745 851 1824 licentiam,
870 1747 909 1813 ut
924 1745 1128 1829 potestatem
1145 1732 1276 1812 abeatis
1291 1762 1369 1811 cum
1385 1743 1436 1812 eis
1452 1761 1595 1812 causare
1610 1745 1645 1812 et
1660 1742 1880 1823 contendere,
1898 1745 1934 1812 ot
1949 1744 2159 1813 moniminas
2182 1745 2279 1830 ipsas
2300 1745 2342 1813 ad
2362 1765 2413 1816 vos

492 1929 495 1936 ¹
571 1899 779 1983 recolligere
801 1901 836 1966 et
852 1914 916 1984 pro
939 1897 1174 1968 defensionem
1198 1899 1311 1977 abere,
1338 1897 1440 1966 sicuti
1463 1914 1527 1965 nos
1548 1898 1661 1967 facere
1683 1897 1931 1977 debuissemus,
1949 1900 1987 1976 et¹
1995 1897 2162 1966 securiter
2190 1899 2365 1984 possidete,
2380 1903 2411 1969 et

570 2067 707 2118 omnem
725 2050 1000 2120 conbenientiam
1015 2054 1074 2119 vet
1088 2049 1331 2119 diffinitionem
1348 2049 1437 2135 quod
1455 2050 1537 2118 inde
1554 2050 1718 2128 feceritis,
1737 2051 1895 2118 stabilem
1911 2052 2001 2120 esset
2023 2053 2229 2136 permaneat
2251 2051 2324 2119 sine
2344 2068 2413 2122 con-

570 2201 813 2272 tradictionem
831 2222 943 2272 meam
960 2203 1053 2271 etde
1069 2205 1155 2273 meis
1169 2203 1326 2274 enodibus
1342 2204 1458 2289 aliqua
1473 2203 1733 2288 requisitionem
1750 2217 1814 2288 per
1829 2201 2029 2288 supradicta
2044 2204 2201 2288 obligata
2216 2221 2315 2289 pena.
2332 2205 2413 2284 Quod

573 2358 608 2424 te
623 2356 799 2440 iaquintus
814 2356 1046 2426 subdiaconus
1061 2359 1097 2426 et
1111 2356 1269 2425 notarius
1284 2357 1437 2426 scribere
1453 2355 1591 2441 rogabit
1606 2356 1642 2422 in
1659 2355 1822 2435 abellino,
1836 2374 1953 2426 mense
1967 2359 2001 2424 et
2017 2354 2210 2425 indictione
2225 2357 2373 2426 feliciter.

630 2478 749 2592 †ego
773 2506 921 2577 acerum

632 2629 662 2744 †
684 2675 751 2743 ego
774 2656 957 2743 garardus.

1340 3165 1668 3246 CCCLXXI.

1296 3332 1304 3356 ⁸
1361 3411 1417 3486 A.
1454 3409 1505 3486 n.
1542 3353 1646 3487 esu.

640 3664 676 3802 †
698 3719 738 3784 In
755 3715 896 3784 nomino
912 3715 1045 3783 domini
1060 3715 1210 3784 secundo
1226 3734 1319 3784 anno
1333 3716 1550 3803 principatus
1565 3717 1683 3784 domni
1699 3719 1807 3787 nostri
1827 3719 1973 3786 iohanni
1995 3721 2030 3788 et
2052 3719 2177 3787 domni·
2194 3719 2337 3806 guidoni
2357 3719 2419 3786 illio

578 3867 651 3940 eins
667 3870 813 3956 gloriosi
828 3868 1055 3954 principibus,
1071 3887 1186 3939 mense
1198 3868 1379 3939 december
1393 3853 1635 3947 tertiadecima
1648 3870 1846 3941 indictione.
1865 3871 1945 3940 Ideo
1956 3891 2020 3958 que
2030 3890 2104 3952 nos,
2119 3873 2157 3940 hi
2168 3891 2289 3941 sumus
2300 3875 2419 3958 stepha·

578 4041 644 4091 nus
658 4023 754 4092 filius
770 4023 899 4091 maioni
914 4023 957 4092 de
972 4026 1086 4092 locum
1103 4025 1253 4091 tostazzu
1268 4023 1395 4091 finibus
1410 4023 1564 4103 nucerio,
1579 4041 1682 4108 quam
1694 4025 1728 4091 et
1739 4040 1806 4108 ego
1817 4023 1942 4092 mulier
1957 4024 2097 4092 nomine
2119 4024 2277 4093 maralda
2298 4027 2331 4093 et
2344 4042 2418 4090 uxor

578 4193 655 4242 sum
674 4175 824 4260 predicti
847 4176 1008 4261 stephani
1025 4176 1193 4261 ¹quoniam
1217 4175 1382 4243 declarati
1406 4194 1535 4256 sumus,
1554 4177 1635 4260 quia
1657 4193 1728 4244 non
1750 4177 1918 4246 habemus
1939 4176 2050 4244 fllium
2072 4193 2134 4246 nec
2157 4179 2348 4245 masculum
2367 4190 2420 4242 uec

578 4324 723 4404 femina,
741 4325 801 4410 qui
820 4327 919 4393 nobis
933 4325 1130 4394 hereditare
1145 4329 1207 4394 aut
1222 4326 1406 4396 succedere
1421 4325 1556 4414 debeat3
1573 4326 1674 4394 modo
1690 4327 1842 4412 quidem,
1862 4328 1954 4394 sicut
1969 4326 2110 4396 domino
2132 4329 2269 4413 placuit
2283 4332 2317 4396 et
2336 4326 2421 4393 nobis

578 4477 740 4545 dominus
757 4477 956 4563 inspiravit,
970 4494 1034 4563 pro
1047 4495 1166 4546 amore
1180 4477 1409 4563 omnipotenti
1425 4478 1488 4546 deo
1505 4481 1539 4546 et
1554 4479 1755 4548 salvationis
1772 4483 1807 4547 et
1823 4477 2045 4549 redemtionis
2061 4480 2200 4548 hanime
2212 4481 2337 4559 nostre,
2351 4483 2420 4546 ante

579 4631 758 4715 presentia
773 4632 865 4700 leoni
882 4631 988 4700 iudici
1005 4636 1040 4701 et
1053 4631 1240 4719 subscripti
1256 4635 1337 4700 boni
1362 4633 1571 4711 hominibus,
1591 4635 1677 4702 bone
1702 4637 1820 4702 nostre
1844 4635 2080 4720 bolumptatis,
2099 4653 2162 4720 per
2185 4637 2279 4703 hanc
2302 4633 2421 4701 cartula

578 4800 645 4869 pro
660 4785 758 4851 cristi
776 4786 810 4852 et
825 4786 990 4853 salvatori
1006 4789 1127 4854 nostra
1142 4787 1415 4855 misericordiam
1432 4789 1467 4854 et
1483 4804 1548 4871 pro
1564 4786 1684 4854 salutis
1700 4789 1841 4856 hanimo
1869 4790 1985 4857 nostre
2008 4791 2044 4856 et
2069 4789 2198 4856 nostris
2222 4785 2417 4873 parentibus,

581 4935 784 5003 offeruimus
801 4953 864 5003 nos
879 4937 980 5003 ambo
994 4937 1167 5006 nominati
1182 4941 1371 5024 stephanus
1386 4942 1421 5007 et
1436 4939 1597 5007 maralda
1611 4939 1666 5007 vir
1682 4943 1717 5007 et
1732 4955 1822 5006 uxor
1838 4940 2050 5008 unanimiter
2066 4939 2212 5026 parique
2232 4953 2418 5008 consensum

578 5087 615 5154 in
635 5087 805 5156 hecclesia
820 5087 1024 5156 vocabulum
1041 5089 1152 5156 sancti
1169 5088 1325 5168 martini,
1344 5091 1403 5175 qui
1420 5088 1614 5158 dedicatum
1631 5093 1667 5158 et
1682 5089 1862 5158 fundatum
1879 5093 1931 5158 est
1947 5090 2041 5158 intus
2056 5091 2132 5175 ipsa
2154 5091 2320 5158 firmitate
2340 5087 2418 5154 noba

579 5241 751 5309 nucerina
773 5240 816 5310 de
831 5241 945 5329 ipsum
967 5244 1215 5324 monticellum,
1233 5245 1304 5311 tota
1330 5246 1365 5311 et
1390 5244 1513 5311 inolita
1539 5245 1616 5329 ipsa
1637 5243 1740 5312 rebus
1766 5246 1898 5324 nostra,
1917 5262 2018 5330 quem
2045 5246 2211 5312 habemus
2239 5245 2275 5310 in
2301 5243 2415 5309 dictum

494 5465 498 5474 ,
577 5396 691 5461 locum
719 5396 871 5463 tostazzu
893 5414 972 5463 cum
997 5396 1149 5465 arbustis
1172 5396 1292 5466 vitatis
1314 5398 1350 5464 et
1372 5397 1615 5476 castanietum,
1634 5399 1802 5482 quantum
1826 5397 1925 5465 nobis
1947 5399 1999 5465 est
2021 5397 2269 5482 pertinentem,
2295 5413 2357 5481 que
2375 5393 2419 5462 est

578 5547 699 5611 nostra
721 5545 909 5616 sortionem
931 5546 975 5616 de
990 5550 1066 5634 ipse
1081 5550 1191 5617 tribus
1207 5549 1306 5634 pecie
1321 5548 1364 5617 de
1379 5553 1485 5638 terra3
1503 5548 1570 5616 duo
1587 5569 1665 5619 cum
1680 5550 1812 5617 arbusti
1829 5545 1957 5629 vitatis,
1971 5552 2005 5618 et
2020 5567 2091 5618 una
2106 5567 2184 5615 cum
2208 5544 2418 5616 castanietum
2475 5637 2476 5645 ἵ

577 5698 612 5764 et
627 5697 707 5766 aliis
724 5699 906 5768 arboribus
921 5701 1005 5770 suis.
1025 5701 1139 5787 prima
1153 5703 1254 5790 pecia
1270 5723 1345 5771 cum
1366 5703 1513 5773 arbustis
1528 5705 1659 5784 vitatis,
1677 5722 1744 5790 que
1766 5705 1820 5774 est
1841 5703 1878 5771 in
1900 5705 2013 5771 locum
2037 5706 2197 5784 tostauuu,
2216 5703 2274 5770 ubi
2290 5696 2420 5787 proprio

519 5839 521 5842 ’
577 5853 675 5938 toppi
692 5855 726 5920 et
741 5855 940 5939 genucianu
955 5855 1094 5937 dicitur,
1113 5859 1218 5926 habet
1232 5859 1324 5927 finis:
1345 5877 1463 5944 apars
1479 5861 1773 5944 semptemtrionis
1789 5860 1856 5928 fine
1880 5861 1939 5928 via
1961 5861 2119 5945 publica:
2144 5878 2167 5926 a
2188 5877 2268 5945 pars
2292 5849 2420 5922 orientis
