5252 7102
1007 553 1379 628 DlPLOMATlCUS
2004 575 2065 638 329

251 819 314 874 eos
335 803 495 871 laborare
518 803 553 870 et
575 803 748 870 seminare
763 802 798 870 et
815 801 928 869 omnis
945 798 1126 868 bictaleum
1142 791 1169 886 ⁴)
1185 799 1243 884 qui
1259 798 1385 870 ibidem
1402 800 1534 882 fecerit,
1553 803 1661 870 totum
1677 801 1755 872 illut
1768 803 1835 872 sibi
1858 805 1956 873 abeat
1970 805 2004 875 et
2019 808 2113 874 nulla

254 953 443 1021 sortionern
467 952 518 1022 eis
541 951 665 1022 exinde
687 954 811 1022 tollere
833 971 1032 1040 queramus3
1057 953 1174 1038 preter
1195 946 1389 1019 annualiter
1412 950 1518 1020 deant
1540 953 1640 1020 nobis
1656 955 1711 1022 vel
1728 953 1771 1022 ad
1787 955 1915 1024 nostris
1929 955 2114 1027 heredibus

252 1105 381 1174 exinde
403 1081 604 1173 terraticum
629 1104 672 1173 de
688 1105 807 1174 decem
823 1104 939 1172 modia
953 1122 1070 1171 unum:
1089 1101 1132 1172 de
1147 1103 1223 1188 ipse
1237 1121 1362 1190 aerque
1377 1101 1404 1191 ²)
1419 1121 1486 1190 que
1502 1103 1630 1173 ibidem
1646 1107 1739 1186 sunt,
1757 1105 1861 1174 deant
1876 1108 1976 1175 nobis
1998 1074 2052 1178 vel
2067 1112 2111 1180 ad

257 1258 388 1328 nostris
403 1259 588 1328 heredibus
604 1258 731 1329 exinde
746 1259 940 1328 excaticum
956 1256 984 1346 ³)
1000 1257 1189 1328 secundum
1204 1256 1415 1328 consuetudo
1433 1259 1544 1344 ipsius
1561 1259 1657 1328 locis:
1677 1258 1719 1328 de
1731 1259 1806 1345 ipse
1818 1261 1898 1328 nuci
1911 1264 1970 1346 qui
1982 1259 2112 1333 ibidem

257 1415 350 1493 sunt,
366 1414 562 1482 annualiter
578 1412 728 1499 vigilare
743 1415 777 1481 et
793 1379 960 1498 colligere
975 1413 1009 1481 et
1023 1429 1160 1480 seccare
1176 1413 1211 1478 11
1226 1429 1290 1498 per
1304 1411 1456 1480 medium
1473 1411 1547 1497 ipse
1563 1412 1644 1480 nuci
1658 1411 1824 1494 diuidere,
1838 1414 1937 1482 nobis
1949 1417 2063 1484 autem
2077 1419 2111 1487 et

256 1566 385 1632 nostris
400 1563 587 1633 heredibus
601 1563 686 1631 dare
700 1561 931 1641 medietatem,
951 1565 986 1630 11
1000 1563 1058 1630 1111
1073 1561 1195 1632 eteius
1210 1561 1355 1632 heredes
1370 1564 1471 1630 tollat
1487 1579 1546 1632 eos
1561 1561 1777 1632 medietatem
1781 1586 1792 1652 ;
1805 1566 1840 1632 et
1854 1565 1929 1651 ipsa
1941 1565 2109 1636 medietas
2138 1615 2143 1624 -

256 1721 379 1788 nostra
393 1717 437 1785 de
452 1718 526 1804 ipse
541 1716 621 1785 nuci
639 1735 717 1784 cum
734 1717 810 1803 ipso
825 1717 1029 1785 terraticum
1046 1719 1082 1786 et
1097 1716 1288 1784 excaticum
1304 1717 1378 1802 ipse
1395 1715 1497 1784 disiio
1508 1718 1544 1784 et
1554 1717 1626 1785 eius
1638 1717 1780 1788 heredes
1793 1719 1990 1787 annualiter
2001 1739 2110 1806 usque

261 1871 341 1958 ipso
364 1871 589 1940 constitutum
607 1864 756 1938 adducat
774 1869 850 1937 illut
865 1867 966 1935 nobis
980 1870 1036 1935 vel
1052 1866 1093 1934 ad
1109 1869 1239 1937 nostris
1254 1865 1441 1935 heredibus
1457 1867 1552 1936 intus
1569 1868 1659 1935 hano
1675 1869 1927 1938 salernitanam
1938 1871 2114 1940 civitatem

257 2025 302 2092 ad
326 2025 463 2092 domum
485 2027 617 2093 nostra:
643 2023 686 2091 ad
709 2026 881 2110 completo
903 2026 1019 2091 autem
1042 2025 1119 2108 ipso
1141 2023 1377 2101 constitutum,
1394 2025 1478 2090 tunc
1501 2022 1577 2107 ipsa
1592 2023 1696 2090 rebus
1711 2022 1926 2092 rebertasad
1943 2026 2115 2110 potestate

259 2179 383 2245 nostra
405 2174 498 2243 etde
513 2177 642 2244 nostris
665 2129 869 2244 heredibus..
881 2177 917 2243 et
931 2177 960 2244 si
979 2177 1096 2244 taliter
1112 2175 1309 2260 omniaque
1325 2191 1432 2258 supra
1448 2172 1589 2258 legitur,
1608 2173 1706 2242 nobis
1721 2177 1916 2262 nostrisque
1931 2175 2115 2246 heredibus

259 2343 331 2393 non
355 2325 612 2410 adimpleverit,
638 2329 722 2392 tunc
739 2343 803 2410 per
818 2327 896 2411 ipsa
911 2323 1039 2410 guadia
1054 2325 1225 2410 obligabit
1240 2344 1276 2393 se
1292 2325 1368 2409 ipse
1382 2324 1485 2392 disiio
1500 2343 1627 2410 suoque
1641 2325 1734 2394 filius
1749 2328 1785 2393 et
1799 2327 1945 2395 heredes
1958 2327 2000 2395 ad
2024 2344 2116 2394 com-

264 2479 464 2565 ponendum
486 2478 584 2549 nobis
606 2481 661 2548 vel
676 2479 720 2547 ad
737 2479 866 2588 nostris
880 2478 1066 2549 heredibus
1081 2480 1211 2565 biginti
1229 2479 1307 2547 auri
1322 2478 1448 2548 solidos
1465 2479 1700 2547 constantinus
1714 2481 1749 2548 et
1763 2479 1893 2559 omnia,
1911 2479 2002 2548 sicut
2016 2499 2118 2566 supe-

261 2633 336 2702 rius
363 2635 513 2720 legitur,
542 2653 605 2719 per
632 2633 750 2702 inbitis
772 2629 872 2702 nobis
894 2630 1094 2717 adimpleat.
1122 2635 1156 2700 11
1186 2635 1279 2701 hunc
1302 2634 1441 2702 brebem
1464 2631 1590 2719 scripsi
1612 2649 1680 2718 ego
1703 2632 1854 2700 iohanne
1876 2633 2035 2702 notarius
2058 2634 2119 2719 qui

260 2786 417 2854 interfui.

272 3019 274 3024 ,
321 2915 441 3028 †ego
462 2941 655 3027 rodelghisi

319 3069 349 3183 †
372 3112 440 3181 ego
462 3093 630 3162 aldemari

197 3331 201 3336 v
321 3221 440 3334 †ego
458 3244 642 3313 maraldus

869 3879 873 3884 Ι
1009 3764 1378 3846 ooooxrxx

1054 4009 1109 4087 A.
1147 4010 1198 4086 D.
1236 4006 1340 4087 992.

320 4269 409 4408 ιΙἸιι
430 4323 570 4390 nomine
585 4321 717 4390 domini
739 4338 831 4389 nono
854 4338 947 4390 anno
970 4319 1189 4406 principatus
1212 4318 1330 4386 domni
1344 4319 1456 4386 nostri
1473 4319 1628 4400 iohanni,
1646 4321 1682 4390 et
1696 4324 1818 4408 quarto
1835 4326 2121 4412 annoprincipa-

264 4476 323 4542 tus
346 4473 464 4542 domni
480 4474 656 4560 guaimari
672 4473 747 4542 eius
762 4473 834 4541 illio
850 4473 995 4560 gloriosi
1010 4472 1241 4558 principibus,
1258 4489 1377 4539 mense
1393 4472 1531 4556 magius
1547 4471 1666 4576 quinta
1681 4473 1883 4544 indictione.
1902 4480 1942 4544 In
1966 4479 2124 4548 sacratis-

269 4625 357 4693 simo
373 4624 586 4694 salernitano
600 4623 734 4710 palatio
750 4625 830 4694 ante
844 4621 1044 4709 supradicte
1055 4623 1208 4709 gloriose
1221 4623 1399 4708 potestatis
1412 4624 1564 4691 astarem
1576 4641 1641 4708 ego
1653 4624 1820 4694 iohannes
1834 4625 1953 4707 iudex,
1973 4629 2126 4697 coniunti

263 4778 346 4846 sunt
367 4779 515 4863 lupenus
539 4777 738 4845 amalfitano
761 4775 853 4846 filius
876 4777 1034 4846 mauroni
1057 4775 1192 4844 comitis
1214 4794 1294 4843 cum
1317 4776 1408 4844 risus
1431 4774 1524 4843 filius
1539 4775 1687 4844 maraldi
1702 4775 1747 4844 ad
1763 4776 1962 4848 faciendum
1977 4782 2070 4850 inter
2090 4800 2127 4850 se

191 4914 194 4920 ’
271 4929 375 4996 finem
388 4927 431 4997 de
442 4929 544 4998 rebus
554 4928 618 4996 illa
632 4927 674 4997 de
690 4946 735 4996 ex
749 4927 811 4997 illa
822 4930 922 5014 parte
935 4930 1061 5009 albole‚
1075 4926 1168 4997 unde
1183 4930 1265 4996 ante
1279 4945 1318 4996 os
1329 4925 1404 4996 dios
1418 4928 1492 5014 ipse
1504 4929 1649 5016 lupenus
1664 4947 1743 4997 eum
1758 4929 1834 5016 ipse
1849 4931 1941 5000 risus
1956 4933 2121 5013 cassavit,

273 5083 313 5148 ut
336 5081 409 5168 ipse
431 5081 525 5152 risus
547 5087 581 5150 et
604 5081 802 5150 hominibus
825 5081 900 5150 eius
923 5084 1015 5150 malo
1030 5080 1178 5150 hordine
1193 5081 1370 5149 introisset
1385 5081 1423 5148 in
1438 5081 1514 5168 ipsa
1528 5083 1633 5150 rebus
1648 5081 1757 5167 ipsius
1772 5082 1891 5168 luponi
1906 5081 2049 5168 daaqua
2063 5085 2125 5169 qui

269 5233 400 5303 dicitur
422 5235 544 5315 albole‚
562 5235 599 5302 in
615 5235 678 5303 illa
690 5238 789 5320 parte
812 5237 848 5303 11
861 5253 971 5321 usque
985 5252 1077 5321 aqua
1091 5234 1151 5320 qui
1167 5233 1295 5302 dicitur
1310 5233 1451 5320 puteda‚
1469 5235 1505 5303 11
1519 5251 1541 5302 a
1556 5231 1712 5302 serra'de
1727 5235 1842 5303 monte
1858 5232 1917 5320 qui
1932 5232 2060 5304 dicitur
2074 5234 2124 5303 la-

657 5452 717 5460 --

326 5609 349 5680 ⁴)
363 5609 523 5678 1111111111,
539 5607 618 5665 idem
631 5623 666 5664 ac
678 5610 784 5678 attalia,
800 5606 878 5680 apud
891 5607 935 5664 liu
949 5605 1061 5681 (lange.

327 5731 352 5808 ²)
366 5734 479 5807 cerem,
494 5735 571 5792 11111
584 5749 709 5807 paucus,
724 5748 772 5792 seu
784 5736 890 5805 [1111111
903 5735 1023 5792 dardan
1036 5734 1154 5792 arboris.

329 5855 353 5929 ⁸)
368 5857 529 5914 Ercettcum
542 5857 647 5915 eodem
661 5872 763 5931 sensu,
778 5873 836 5931 quo
851 5871 908 5914 111
922 5857 1069 5915 Baeticam
1083 5857 1113 5914 in
1127 5873 1186 5914 usu
1197 5864 1269 5915 erat.

485 5969 547 6014 rou.
561 5969 594 6014 ll.
