<?xml version="1.0" encoding="UTF-8"?>
<!DOCTYPE html PUBLIC "-//W3C//DTD XHTML 1.0 Transitional//EN"
    "http://www.w3.org/TR/xhtml1/DTD/xhtml1-transitional.dtd">
<html xmlns="http://www.w3.org/1999/xhtml" xml:lang="en" lang="en">
 <head>
  <title>
</title>
<meta http-equiv="Content-Type" content="text/html;charset=utf-8" />
  <meta name='ocr-system' content='tesseract 3.04.00' />
  <meta name='ocr-capabilities' content='ocr_page ocr_carea ocr_par ocr_line ocrx_word'/>
</head>
<body>
  <div class='ocr_page' id='page_1' title='image "./codexdiplomatic07aragoog_0276.png"; bbox 0 0 5216 7092; ppageno 0'>
   <div class='ocr_carea' id='block_1_1' title="bbox 919 545 1999 660">
    <p class='ocr_par' dir='ltr' id='par_1_1' title="bbox 919 545 1999 660">
     <span class='ocr_line' id='line_1_1' title="bbox 919 545 1999 660; baseline 0.018 -19"><span class='ocrx_word' id='word_1_1' title='bbox 919 545 1308 646; x_wconf 70' lang='lat' dir='ltr'><strong>‘orrnonlnoos</strong></span> <span class='ocrx_word' id='word_1_2' title='bbox 1937 598 1999 660; x_wconf 81' lang='grc'><strong>111</strong></span> 
     </span>
    </p>
   </div>
   <div class='ocr_carea' id='block_1_2' title="bbox 184 814 2050 1971">
    <p class='ocr_par' dir='ltr' id='par_1_2' title="bbox 184 814 2050 1510">
     <span class='ocr_line' id='line_1_2' title="bbox 187 814 2048 906; baseline 0.006 -21"><span class='ocrx_word' id='word_1_3' title='bbox 187 815 270 885; x_wconf 91' lang='lat' dir='ltr'><strong>inde</strong></span> <span class='ocrx_word' id='word_1_4' title='bbox 292 817 454 885; x_wconf 75' lang='lat' dir='ltr'><strong>auctores</strong></span> <span class='ocrx_word' id='word_1_5' title='bbox 471 817 506 882; x_wconf 90' lang='lat' dir='ltr'><strong>et</strong></span> <span class='ocrx_word' id='word_1_6' title='bbox 528 815 738 894; x_wconf 82' lang='lat' dir='ltr'><strong>defensores,</strong></span> <span class='ocrx_word' id='word_1_7' title='bbox 764 814 932 901; x_wconf 89' lang='lat' dir='ltr'><strong>quomodo</strong></span> <span class='ocrx_word' id='word_1_8' title='bbox 954 818 1016 882; x_wconf 89' lang='lat' dir='ltr'><strong>aut</strong></span> <span class='ocrx_word' id='word_1_9' title='bbox 1036 817 1187 901; x_wconf 88' lang='lat' dir='ltr'><strong>qualiter</strong></span> <span class='ocrx_word' id='word_1_10' title='bbox 1210 817 1402 898; x_wconf 87' lang='lat' dir='ltr'><strong>volueritis,</strong></span> <span class='ocrx_word' id='word_1_11' title='bbox 1427 821 1461 889; x_wconf 90' lang='lat' dir='ltr'><strong>et</strong></span> <span class='ocrx_word' id='word_1_12' title='bbox 1482 820 1561 890; x_wconf 88' lang='lat' dir='ltr'><strong>illut</strong></span> <span class='ocrx_word' id='word_1_13' title='bbox 1582 838 1642 890; x_wconf 86' lang='lat' dir='ltr'><strong>eos</strong></span> <span class='ocrx_word' id='word_1_14' title='bbox 1666 824 1763 893; x_wconf 91' lang='lat' dir='ltr'><strong>vobis</strong></span> <span class='ocrx_word' id='word_1_15' title='bbox 1786 823 1930 906; x_wconf 82' lang='lat' dir='ltr'><strong>abeatis,</strong></span> <span class='ocrx_word' id='word_1_16' title='bbox 1956 827 2048 897; x_wconf 89' lang='lat' dir='ltr'><strong>sicut</strong></span> 
     </span>
     <span class='ocr_line' id='line_1_3' title="bbox 184 949 2048 1056; baseline 0.006 -20"><span class='ocrx_word' id='word_1_17' title='bbox 184 968 348 1053; x_wconf 90' lang='lat' dir='ltr'><strong>superius</strong></span> <span class='ocrx_word' id='word_1_18' title='bbox 371 967 520 1054; x_wconf 83' lang='lat' dir='ltr'><strong>legitur3</strong></span> <span class='ocrx_word' id='word_1_19' title='bbox 537 984 619 1033; x_wconf 89' lang='lat' dir='ltr'><strong>narn</strong></span> <span class='ocrx_word' id='word_1_20' title='bbox 643 949 781 1052; x_wconf 85' lang='lat' dir='ltr'><strong>quando</strong></span> <span class='ocrx_word' id='word_1_21' title='bbox 803 984 868 1035; x_wconf 91' lang='lat' dir='ltr'><strong>nos</strong></span> <span class='ocrx_word' id='word_1_22' title='bbox 890 970 945 1036; x_wconf 89' lang='lat' dir='ltr'><strong>vel</strong></span> <span class='ocrx_word' id='word_1_23' title='bbox 967 968 1097 1036; x_wconf 87' lang='lat' dir='ltr'><strong>nostris</strong></span> <span class='ocrx_word' id='word_1_24' title='bbox 1118 963 1524 1056; x_wconf 70' lang='lat' dir='ltr'><strong>heredibus‘quesieritis</strong></span> <span class='ocrx_word' id='word_1_25' title='bbox 1545 991 1610 1041; x_wconf 90' lang='lat' dir='ltr'><strong>nos</strong></span> <span class='ocrx_word' id='word_1_26' title='bbox 1631 975 1688 1042; x_wconf 90' lang='lat' dir='ltr'><strong>vel</strong></span> <span class='ocrx_word' id='word_1_27' title='bbox 1711 975 1839 1044; x_wconf 89' lang='lat' dir='ltr'><strong>nostris</strong></span> <span class='ocrx_word' id='word_1_28' title='bbox 1862 975 2048 1048; x_wconf 80' lang='lat' dir='ltr'>heredibus</span> 
     </span>
     <span class='ocr_line' id='line_1_4' title="bbox 185 1117 2048 1212; baseline 0.007 -27"><span class='ocrx_word' id='word_1_29' title='bbox 185 1118 271 1187; x_wconf 90' lang='lat' dir='ltr'><strong>inde</strong></span> <span class='ocrx_word' id='word_1_30' title='bbox 286 1121 392 1187; x_wconf 87' lang='lat' dir='ltr'><strong>abere</strong></span> <span class='ocrx_word' id='word_1_31' title='bbox 406 1117 614 1198; x_wconf 82' lang='lat' dir='ltr'><strong>defensores,</strong></span> <span class='ocrx_word' id='word_1_32' title='bbox 633 1137 698 1188; x_wconf 89' lang='lat' dir='ltr'><strong>nos</strong></span> <span class='ocrx_word' id='word_1_33' title='bbox 711 1121 827 1188; x_wconf 89' lang='lat' dir='ltr'><strong>autem</strong></span> <span class='ocrx_word' id='word_1_34' title='bbox 842 1122 877 1189; x_wconf 89' lang='lat' dir='ltr'><strong>et</strong></span> <span class='ocrx_word' id='word_1_35' title='bbox 891 1119 955 1188; x_wconf 87' lang='lat' dir='ltr'><strong>filii</strong></span> <span class='ocrx_word' id='word_1_36' title='bbox 972 1123 1006 1188; x_wconf 91' lang='lat' dir='ltr'><strong>et</strong></span> <span class='ocrx_word' id='word_1_37' title='bbox 1022 1121 1166 1192; x_wconf 88' lang='lat' dir='ltr'><strong>heredes</strong></span> <span class='ocrx_word' id='word_1_38' title='bbox 1181 1125 1318 1191; x_wconf 87' lang='lat' dir='ltr'><strong>nostras</strong></span> <span class='ocrx_word' id='word_1_39' title='bbox 1332 1123 1411 1192; x_wconf 91' lang='lat' dir='ltr'><strong>illut</strong></span> <span class='ocrx_word' id='word_1_40' title='bbox 1425 1124 1523 1193; x_wconf 90' lang='lat' dir='ltr'><strong>vobis</strong></span> <span class='ocrx_word' id='word_1_41' title='bbox 1538 1125 1727 1212; x_wconf 88' lang='lat' dir='ltr'><strong>vestrisque</strong></span> <span class='ocrx_word' id='word_1_42' title='bbox 1749 1127 1935 1197; x_wconf 89' lang='lat' dir='ltr'><strong>heredibus</strong></span> <span class='ocrx_word' id='word_1_43' title='bbox 1957 1148 2048 1199; x_wconf 88' lang='lat' dir='ltr'><strong>sem-</strong></span> 
     </span>
     <span class='ocr_line' id='line_1_5' title="bbox 184 1231 2050 1366; baseline 0.005 -26"><span class='ocrx_word' id='word_1_44' title='bbox 184 1289 251 1355; x_wconf 87' lang='lat' dir='ltr'><strong>per</strong></span> <span class='ocrx_word' id='word_1_45' title='bbox 274 1269 492 1341; x_wconf 80' lang='lat' dir='ltr'><strong>defensemus</strong></span> <span class='ocrx_word' id='word_1_46' title='bbox 514 1273 548 1340; x_wconf 90' lang='lat' dir='ltr'><strong>et</strong></span> <span class='ocrx_word' id='word_1_47' title='bbox 572 1271 689 1340; x_wconf 83' lang='lat' dir='ltr'><strong>omnia</strong></span> <span class='ocrx_word' id='word_1_48' title='bbox 712 1231 1084 1358; x_wconf 74' lang='lat' dir='ltr'><strong>atinpleamusvobis,</strong></span> <span class='ocrx_word' id='word_1_49' title='bbox 1110 1274 1200 1343; x_wconf 87' lang='lat' dir='ltr'><strong>sicut</strong></span> <span class='ocrx_word' id='word_1_50' title='bbox 1225 1274 1383 1361; x_wconf 89' lang='lat' dir='ltr'><strong>superius</strong></span> <span class='ocrx_word' id='word_1_51' title='bbox 1413 1278 1562 1362; x_wconf 87' lang='lat' dir='ltr'><strong>legitur,</strong></span> <span class='ocrx_word' id='word_1_52' title='bbox 1588 1296 1652 1364; x_wconf 90' lang='lat' dir='ltr'><strong>per</strong></span> <span class='ocrx_word' id='word_1_53' title='bbox 1678 1278 1839 1348; x_wconf 91' lang='lat' dir='ltr'><strong>iamdicta</strong></span> <span class='ocrx_word' id='word_1_54' title='bbox 1864 1280 1993 1366; x_wconf 88' lang='lat' dir='ltr'><strong>guadia</strong></span> <span class='ocrx_word' id='word_1_55' title='bbox 2014 1287 2050 1352; x_wconf 89' lang='lat' dir='ltr'><strong>et</strong></span> 
     </span>
     <span class='ocr_line' id='line_1_6' title="bbox 185 1422 1752 1510; baseline 0.004 -20"><span class='ocrx_word' id='word_1_56' title='bbox 185 1422 373 1509; x_wconf 90' lang='lat' dir='ltr'><strong>hobligata</strong></span> <span class='ocrx_word' id='word_1_57' title='bbox 387 1440 489 1508; x_wconf 90' lang='lat' dir='ltr'><strong>pena.</strong></span> <span class='ocrx_word' id='word_1_58' title='bbox 507 1423 543 1491; x_wconf 89' lang='lat' dir='ltr'><strong>et</strong></span> <span class='ocrx_word' id='word_1_59' title='bbox 564 1423 680 1492; x_wconf 88' lang='lat' dir='ltr'><strong>taliter</strong></span> <span class='ocrx_word' id='word_1_60' title='bbox 702 1423 856 1492; x_wconf 88' lang='lat' dir='ltr'><strong>scribere</strong></span> <span class='ocrx_word' id='word_1_61' title='bbox 870 1423 1073 1509; x_wconf 83' lang='lat' dir='ltr'><strong>rogabimus</strong></span> <span class='ocrx_word' id='word_1_62' title='bbox 1096 1428 1131 1492; x_wconf 91' lang='lat' dir='ltr'><strong>te</strong></span> <span class='ocrx_word' id='word_1_63' title='bbox 1152 1429 1273 1510; x_wconf 86' lang='lat' dir='ltr'><strong>petrus</strong></span> <span class='ocrx_word' id='word_1_64' title='bbox 1287 1425 1455 1498; x_wconf 89' lang='lat' dir='ltr'><strong>notarius.</strong></span> <span class='ocrx_word' id='word_1_65' title='bbox 1473 1429 1585 1496; x_wconf 86' lang='lat' dir='ltr'><strong>actum</strong></span> <span class='ocrx_word' id='word_1_66' title='bbox 1602 1430 1752 1500; x_wconf 85' lang='lat' dir='ltr'><strong>salerno.</strong></span> 
     </span>
    </p>

    <p class='ocr_par' dir='ltr' id='par_1_3' title="bbox 247 1547 771 1663">
     <span class='ocr_line' id='line_1_7' title="bbox 247 1547 771 1663; baseline 0 -19"><span class='ocrx_word' id='word_1_67' title='bbox 247 1547 359 1662; x_wconf 92' lang='lat' dir='ltr'><strong>†eg0</strong></span> <span class='ocrx_word' id='word_1_68' title='bbox 375 1579 494 1661; x_wconf 86' lang='lat' dir='ltr'><strong>petrus</strong></span> <span class='ocrx_word' id='word_1_69' title='bbox 510 1595 566 1645; x_wconf 90' lang='lat' dir='ltr'><strong>me</strong></span> <span class='ocrx_word' id='word_1_70' title='bbox 581 1577 771 1663; x_wconf 82' lang='lat' dir='ltr'><strong>subscripsi</strong></span> 
     </span>
    </p>

    <p class='ocr_par' dir='ltr' id='par_1_4' title="bbox 245 1701 495 1817">
     <span class='ocr_line' id='line_1_8' title="bbox 245 1701 495 1817; baseline 0.012 -19"><span class='ocrx_word' id='word_1_71' title='bbox 245 1701 359 1816; x_wconf 90' lang='lat' dir='ltr'><strong>†eg0</strong></span> <span class='ocrx_word' id='word_1_72' title='bbox 375 1733 495 1817; x_wconf 85' lang='lat' dir='ltr'><strong>rogale</strong></span> 
     </span>
    </p>

    <p class='ocr_par' dir='ltr' id='par_1_5' title="bbox 246 1852 925 1971">
     <span class='ocr_line' id='line_1_9' title="bbox 246 1852 925 1971; baseline 0.003 -21"><span class='ocrx_word' id='word_1_73' title='bbox 246 1852 361 1968; x_wconf 89' lang='lat' dir='ltr'><strong>†eg0</strong></span> <span class='ocrx_word' id='word_1_74' title='bbox 376 1883 654 1968; x_wconf 88' lang='lat' dir='ltr'><strong>ragcmprandus</strong></span> <span class='ocrx_word' id='word_1_75' title='bbox 669 1905 722 1953; x_wconf 90' lang='lat' dir='ltr'><strong>me</strong></span> <span class='ocrx_word' id='word_1_76' title='bbox 738 1885 925 1971; x_wconf 82' lang='lat' dir='ltr'><strong>subscripsi</strong></span> 
     </span>
    </p>
   </div>
   <div class='ocr_carea' id='block_1_3' title="bbox 246 2005 1002 2123">
    <p class='ocr_par' dir='ltr' id='par_1_6' title="bbox 246 2005 1002 2123">
     <span class='ocr_line' id='line_1_10' title="bbox 246 2005 1002 2123; baseline 0.003 -22"><span class='ocrx_word' id='word_1_77' title='bbox 246 2005 277 2119; x_wconf 92' lang='lat'>†</span> <span class='ocrx_word' id='word_1_78' title='bbox 292 2051 359 2120; x_wconf 89' lang='lat' dir='ltr'><strong>ego</strong></span> <span class='ocrx_word' id='word_1_79' title='bbox 374 2035 545 2105; x_wconf 84' lang='lat' dir='ltr'><strong>iohannes</strong></span> <span class='ocrx_word' id='word_1_80' title='bbox 560 2037 717 2104; x_wconf 87' lang='lat' dir='ltr'><strong>notarius</strong></span> <span class='ocrx_word' id='word_1_81' title='bbox 732 2054 786 2105; x_wconf 86' lang='lat' dir='ltr'><strong>me</strong></span> <span class='ocrx_word' id='word_1_82' title='bbox 801 2037 1002 2123; x_wconf 89' lang='lat' dir='ltr'><strong>subscripsi.</strong></span> 
     </span>
    </p>
   </div>
   <div class='ocr_carea' id='block_1_4' title="bbox 927 2543 1304 2625">
    <p class='ocr_par' dir='ltr' id='par_1_7' title="bbox 927 2543 1304 2625">
     <span class='ocr_line' id='line_1_11' title="bbox 927 2543 1304 2625; baseline 0 -3"><span class='ocrx_word' id='word_1_83' title='bbox 927 2543 1304 2625; x_wconf 88' lang='lat' dir='ltr'><strong>CCCLXVIII.</strong></span> 
     </span>
    </p>
   </div>
   <div class='ocr_carea' id='block_1_5' title="bbox 946 2785 1293 2877">
    <p class='ocr_par' dir='ltr' id='par_1_8' title="bbox 946 2785 1293 2877">
     <span class='ocr_line' id='line_1_12' title="bbox 946 2785 1293 2877; baseline 0 -13"><span class='ocrx_word' id='word_1_84' title='bbox 946 2789 1002 2864; x_wconf 89' lang='lat' dir='ltr'><strong>A.</strong></span> <span class='ocrx_word' id='word_1_85' title='bbox 1042 2788 1093 2864; x_wconf 88' lang='lat' dir='ltr'><strong>D.</strong></span> <span class='ocrx_word' id='word_1_86' title='bbox 1129 2785 1233 2864; x_wconf 82' lang='lat'><strong>984.</strong></span> <span class='ocrx_word' id='word_1_87' title='bbox 1266 2786 1293 2877; x_wconf 83' lang='lat'><strong>¹)</strong></span> 
     </span>
    </p>
   </div>
   <div class='ocr_carea' id='block_1_6' title="bbox 188 3047 2091 4865">
    <p class='ocr_par' dir='ltr' id='par_1_9' title="bbox 188 3047 2091 4865">
     <span class='ocr_line' id='line_1_13' title="bbox 257 3047 2055 3186; baseline 0.002 -19"><span class='ocrx_word' id='word_1_88' title='bbox 257 3047 352 3186; x_wconf 77' lang='lat' dir='ltr'><strong>†ln</strong></span> <span class='ocrx_word' id='word_1_89' title='bbox 367 3098 509 3166; x_wconf 88' lang='lat' dir='ltr'><strong>nomine</strong></span> <span class='ocrx_word' id='word_1_90' title='bbox 524 3095 653 3165; x_wconf 90' lang='lat' dir='ltr'><strong>domini</strong></span> <span class='ocrx_word' id='word_1_91' title='bbox 666 3098 781 3183; x_wconf 91' lang='lat' dir='ltr'><strong>primo</strong></span> <span class='ocrx_word' id='word_1_92' title='bbox 805 3114 899 3164; x_wconf 88' lang='lat' dir='ltr'><strong>anno</strong></span> <span class='ocrx_word' id='word_1_93' title='bbox 922 3097 1141 3182; x_wconf 89' lang='lat' dir='ltr'><strong>principatus</strong></span> <span class='ocrx_word' id='word_1_94' title='bbox 1163 3094 1282 3164; x_wconf 93' lang='lat' dir='ltr'><strong>domni</strong></span> <span class='ocrx_word' id='word_1_95' title='bbox 1304 3097 1414 3166; x_wconf 80' lang='lat' dir='ltr'><strong>nostri</strong></span> <span class='ocrx_word' id='word_1_96' title='bbox 1437 3096 1582 3166; x_wconf 89' lang='lat' dir='ltr'><strong>iohanni</strong></span> <span class='ocrx_word' id='word_1_97' title='bbox 1605 3101 1641 3166; x_wconf 90' lang='lat' dir='ltr'><strong>et</strong></span> <span class='ocrx_word' id='word_1_98' title='bbox 1663 3098 1781 3165; x_wconf 88' lang='lat' dir='ltr'><strong>domni</strong></span> <span class='ocrx_word' id='word_1_99' title='bbox 1808 3099 1953 3185; x_wconf 89' lang='lat' dir='ltr'><strong>guidoni</strong></span> <span class='ocrx_word' id='word_1_100' title='bbox 1979 3101 2055 3171; x_wconf 87' lang='lat' dir='ltr'><strong>eius</strong></span> 
     </span>
     <span class='ocr_line' id='line_1_14' title="bbox 193 3246 2054 3358; baseline 0.002 -40"><span class='ocrx_word' id='word_1_101' title='bbox 193 3251 271 3320; x_wconf 86' lang='lat' dir='ltr'><strong>filio</strong></span> <span class='ocrx_word' id='word_1_102' title='bbox 284 3251 431 3338; x_wconf 82' lang='lat' dir='ltr'><strong>gloriosi</strong></span> <span class='ocrx_word' id='word_1_103' title='bbox 447 3249 677 3336; x_wconf 89' lang='lat' dir='ltr'><strong>principibus,</strong></span> <span class='ocrx_word' id='word_1_104' title='bbox 695 3267 814 3318; x_wconf 87' lang='lat' dir='ltr'><strong>mense</strong></span> <span class='ocrx_word' id='word_1_105' title='bbox 830 3249 1023 3358; x_wconf 83' lang='lat' dir='ltr'><strong>september</strong></span> <span class='ocrx_word' id='word_1_106' title='bbox 1037 3246 1279 3316; x_wconf 88' lang='lat' dir='ltr'><strong>tertiadecima</strong></span> <span class='ocrx_word' id='word_1_107' title='bbox 1293 3247 1493 3318; x_wconf 89' lang='lat' dir='ltr'><strong>indictione.</strong></span> <span class='ocrx_word' id='word_1_108' title='bbox 1513 3251 1596 3318; x_wconf 86' lang='lat' dir='ltr'><strong>anta</strong></span> <span class='ocrx_word' id='word_1_109' title='bbox 1611 3267 1675 3317; x_wconf 91' lang='lat' dir='ltr'><strong>nos</strong></span> <span class='ocrx_word' id='word_1_110' title='bbox 1698 3249 1857 3320; x_wconf 86' lang='lat' dir='ltr'><strong>ademari</strong></span> <span class='ocrx_word' id='word_1_111' title='bbox 1878 3255 1913 3322; x_wconf 87' lang='lat' dir='ltr'><strong>et</strong></span> <span class='ocrx_word' id='word_1_112' title='bbox 1935 3253 2054 3338; x_wconf 88' lang='lat' dir='ltr'><strong>petrus</strong></span> 
     </span>
     <span class='ocr_line' id='line_1_15' title="bbox 190 3397 2056 3492; baseline 0.002 -21"><span class='ocrx_word' id='word_1_113' title='bbox 190 3403 365 3472; x_wconf 88' lang='lat' dir='ltr'><strong>iudicibus</strong></span> <span class='ocrx_word' id='word_1_114' title='bbox 377 3403 536 3473; x_wconf 90' lang='lat' dir='ltr'><strong>coniunti</strong></span> <span class='ocrx_word' id='word_1_115' title='bbox 548 3405 630 3472; x_wconf 88' lang='lat' dir='ltr'><strong>sunt</strong></span> <span class='ocrx_word' id='word_1_116' title='bbox 642 3403 859 3489; x_wconf 82' lang='lat' dir='ltr'><strong>guaimarius</strong></span> <span class='ocrx_word' id='word_1_117' title='bbox 872 3405 908 3470; x_wconf 87' lang='lat' dir='ltr'><strong>et</strong></span> <span class='ocrx_word' id='word_1_118' title='bbox 920 3397 1144 3492; x_wconf 85' lang='lat' dir='ltr'><strong>guaiferius²)</strong></span> <span class='ocrx_word' id='word_1_119' title='bbox 1158 3404 1317 3489; x_wconf 87' lang='lat' dir='ltr'><strong>germani</strong></span> <span class='ocrx_word' id='word_1_120' title='bbox 1329 3405 1394 3472; x_wconf 89' lang='lat' dir='ltr'><strong>filii</strong></span> <span class='ocrx_word' id='word_1_121' title='bbox 1406 3403 1579 3491; x_wconf 90' lang='lat' dir='ltr'><strong>quondam</strong></span> <span class='ocrx_word' id='word_1_122' title='bbox 1592 3403 1744 3490; x_wconf 83' lang='lat' dir='ltr'><strong>guaiferi</strong></span> <span class='ocrx_word' id='word_1_123' title='bbox 1755 3407 1890 3474; x_wconf 89' lang='lat' dir='ltr'><strong>comitis</strong></span> <span class='ocrx_word' id='word_1_124' title='bbox 1902 3408 1937 3474; x_wconf 88' lang='lat' dir='ltr'><strong>et</strong></span> <span class='ocrx_word' id='word_1_125' title='bbox 1948 3406 2056 3492; x_wconf 89' lang='lat' dir='ltr'><strong>guido</strong></span> 
     </span>
     <span class='ocr_line' id='line_1_16' title="bbox 189 3551 2052 3648; baseline 0.003 -28"><span class='ocrx_word' id='word_1_126' title='bbox 189 3554 287 3622; x_wconf 85' lang='lat' dir='ltr'><strong>filius</strong></span> <span class='ocrx_word' id='word_1_127' title='bbox 302 3553 480 3639; x_wconf 88' lang='lat' dir='ltr'><strong>guaimari</strong></span> <span class='ocrx_word' id='word_1_128' title='bbox 497 3553 645 3632; x_wconf 89' lang='lat' dir='ltr'><strong>comitis,</strong></span> <span class='ocrx_word' id='word_1_129' title='bbox 664 3551 708 3620; x_wconf 87' lang='lat' dir='ltr'><strong>ad</strong></span> <span class='ocrx_word' id='word_1_130' title='bbox 725 3553 923 3621; x_wconf 81' lang='lat' dir='ltr'><strong>faciendum</strong></span> <span class='ocrx_word' id='word_1_131' title='bbox 942 3554 1035 3622; x_wconf 88' lang='lat' dir='ltr'><strong>inter</strong></span> <span class='ocrx_word' id='word_1_132' title='bbox 1051 3573 1088 3622; x_wconf 86' lang='lat' dir='ltr'><strong>se</strong></span> <span class='ocrx_word' id='word_1_133' title='bbox 1103 3554 1206 3623; x_wconf 85' lang='lat' dir='ltr'><strong>finem</strong></span> <span class='ocrx_word' id='word_1_134' title='bbox 1223 3555 1384 3624; x_wconf 88' lang='lat' dir='ltr'><strong>derebus</strong></span> <span class='ocrx_word' id='word_1_135' title='bbox 1406 3555 1469 3623; x_wconf 89' lang='lat' dir='ltr'><strong>illa</strong></span> <span class='ocrx_word' id='word_1_136' title='bbox 1483 3555 1526 3625; x_wconf 88' lang='lat' dir='ltr'><strong>de</strong></span> <span class='ocrx_word' id='word_1_137' title='bbox 1542 3557 1655 3622; x_wconf 91' lang='lat' dir='ltr'><strong>locum</strong></span> <span class='ocrx_word' id='word_1_138' title='bbox 1677 3555 1784 3624; x_wconf 93' lang='lat' dir='ltr'><strong>lirino</strong></span> <span class='ocrx_word' id='word_1_139' title='bbox 1799 3559 1833 3626; x_wconf 91' lang='lat' dir='ltr'><strong>et</strong></span> <span class='ocrx_word' id='word_1_140' title='bbox 1847 3559 2004 3627; x_wconf 87' lang='lat' dir='ltr'><strong>tusciano</strong></span> <span class='ocrx_word' id='word_1_141' title='bbox 2013 3559 2052 3648; x_wconf 80' lang='lat'><strong>³),</strong></span> 
     </span>
     <span class='ocr_line' id='line_1_17' title="bbox 190 3705 2091 3794; baseline 0.004 -22"><span class='ocrx_word' id='word_1_142' title='bbox 190 3705 288 3791; x_wconf 94' lang='lat' dir='ltr'><strong>quod</strong></span> <span class='ocrx_word' id='word_1_143' title='bbox 307 3705 417 3790; x_wconf 90' lang='lat' dir='ltr'><strong>ipsius</strong></span> <span class='ocrx_word' id='word_1_144' title='bbox 433 3705 585 3791; x_wconf 81' lang='lat' dir='ltr'><strong>guaiferi</strong></span> <span class='ocrx_word' id='word_1_145' title='bbox 602 3705 741 3791; x_wconf 89' lang='lat' dir='ltr'><strong>genitor</strong></span> <span class='ocrx_word' id='word_1_146' title='bbox 756 3706 799 3774; x_wconf 89' lang='lat' dir='ltr'><strong>de</strong></span> <span class='ocrx_word' id='word_1_147' title='bbox 814 3705 1007 3792; x_wconf 80' lang='lat' dir='ltr'><strong>supradicti</strong></span> <span class='ocrx_word' id='word_1_148' title='bbox 1023 3708 1184 3791; x_wconf 86' lang='lat' dir='ltr'><strong>germani</strong></span> <span class='ocrx_word' id='word_1_149' title='bbox 1200 3707 1318 3775; x_wconf 88' lang='lat' dir='ltr'><strong>datum</strong></span> <span class='ocrx_word' id='word_1_150' title='bbox 1332 3707 1411 3788; x_wconf 82' lang='grc'><strong>11111,</strong></span> <span class='ocrx_word' id='word_1_151' title='bbox 1429 3708 1463 3777; x_wconf 85' lang='lat' dir='ltr'><strong>ei</strong></span> <span class='ocrx_word' id='word_1_152' title='bbox 1478 3708 1551 3793; x_wconf 88' lang='lat' dir='ltr'><strong>ipse</strong></span> <span class='ocrx_word' id='word_1_153' title='bbox 1568 3707 1677 3794; x_wconf 90' lang='lat' dir='ltr'><strong>guido</strong></span> <span class='ocrx_word' id='word_1_154' title='bbox 1692 3708 1784 3776; x_wconf 85' lang='lat' dir='ltr'><strong>dixit</strong></span> <span class='ocrx_word' id='word_1_155' title='bbox 1806 3709 1843 3776; x_wconf 92' lang='lat' dir='ltr'><strong>in</strong></span> <span class='ocrx_word' id='word_1_156' title='bbox 1859 3709 1977 3780; x_wconf 85' lang='lat' dir='ltr'><strong>eadem</strong></span> <span class='ocrx_word' id='word_1_157' title='bbox 2001 3729 2056 3780; x_wconf 90' lang='lat' dir='ltr'><strong>re·</strong></span> <span class='ocrx_word' id='word_1_158' title='bbox 2088 3733 2091 3738; x_wconf 91' lang='lat'><em>·</em></span> 
     </span>
     <span class='ocr_line' id='line_1_18' title="bbox 190 3849 2056 3951; baseline 0.003 -24"><span class='ocrx_word' id='word_1_159' title='bbox 190 3863 260 3928; x_wconf 87' lang='lat' dir='ltr'><strong>bus</strong></span> <span class='ocrx_word' id='word_1_160' title='bbox 276 3861 469 3929; x_wconf 88' lang='lat' dir='ltr'><strong>sortionem</strong></span> <span class='ocrx_word' id='word_1_161' title='bbox 484 3861 591 3928; x_wconf 88' lang='lat' dir='ltr'><strong>abere</strong></span> <span class='ocrx_word' id='word_1_162' title='bbox 606 3859 748 3928; x_wconf 90' lang='lat' dir='ltr'><strong>deberet</strong></span> <span class='ocrx_word' id='word_1_163' title='bbox 771 3863 806 3928; x_wconf 90' lang='lat' dir='ltr'><strong>et</strong></span> <span class='ocrx_word' id='word_1_164' title='bbox 828 3860 996 3929; x_wconf 88' lang='lat' dir='ltr'><strong>rationem</strong></span> <span class='ocrx_word' id='word_1_165' title='bbox 1019 3860 1100 3930; x_wconf 93' lang='lat' dir='ltr'><strong>inde</strong></span> <span class='ocrx_word' id='word_1_166' title='bbox 1122 3863 1252 3942; x_wconf 85' lang='lat' dir='ltr'><strong>aberat,</strong></span> <span class='ocrx_word' id='word_1_167' title='bbox 1268 3864 1302 3930; x_wconf 90' lang='lat' dir='ltr'><strong>et</strong></span> <span class='ocrx_word' id='word_1_168' title='bbox 1324 3881 1389 3948; x_wconf 91' lang='lat' dir='ltr'><strong>per</strong></span> <span class='ocrx_word' id='word_1_169' title='bbox 1411 3879 1476 3931; x_wconf 89' lang='lat' dir='ltr'><strong>nos</strong></span> <span class='ocrx_word' id='word_1_170' title='bbox 1498 3849 1591 3931; x_wconf 83' lang='lat' dir='ltr'><strong>ir&#39;rter</strong></span> <span class='ocrx_word' id='word_1_171' title='bbox 1614 3864 1665 3932; x_wconf 89' lang='lat' dir='ltr'><strong>eis</strong></span> <span class='ocrx_word' id='word_1_172' title='bbox 1687 3863 1876 3932; x_wconf 91' lang='lat' dir='ltr'><strong>iudicatum</strong></span> <span class='ocrx_word' id='word_1_173' title='bbox 1902 3865 1968 3932; x_wconf 89' lang='lat' dir='ltr'><strong>suit</strong></span> <span class='ocrx_word' id='word_1_174' title='bbox 1993 3883 2056 3951; x_wconf 92' lang='lat' dir='ltr'><strong>per</strong></span> 
     </span>
     <span class='ocr_line' id='line_1_19' title="bbox 190 4010 2056 4111; baseline 0.001 -31"><span class='ocrx_word' id='word_1_175' title='bbox 190 4013 316 4098; x_wconf 87' lang='lat' dir='ltr'><strong>partes</strong></span> <span class='ocrx_word' id='word_1_176' title='bbox 333 4010 534 4098; x_wconf 89' lang='lat' dir='ltr'><strong>plicandum</strong></span> <span class='ocrx_word' id='word_1_177' title='bbox 550 4031 587 4081; x_wconf 90' lang='lat' dir='ltr'><strong>sc</strong></span> <span class='ocrx_word' id='word_1_178' title='bbox 603 4030 680 4079; x_wconf 87' lang='lat' dir='ltr'><strong>curn</strong></span> <span class='ocrx_word' id='word_1_179' title='bbox 696 4013 768 4084; x_wconf 85' lang='lat' dir='ltr'><strong>suis</strong></span> <span class='ocrx_word' id='word_1_180' title='bbox 783 4013 978 4082; x_wconf 88' lang='lat' dir='ltr'><strong>rationibus</strong></span> <span class='ocrx_word' id='word_1_181' title='bbox 995 4015 1029 4082; x_wconf 87' lang='lat' dir='ltr'><strong>et</strong></span> <span class='ocrx_word' id='word_1_182' title='bbox 1044 4013 1136 4082; x_wconf 86' lang='lat' dir='ltr'><strong>iusta</strong></span> <span class='ocrx_word' id='word_1_183' title='bbox 1150 4015 1265 4098; x_wconf 91' lang='lat' dir='ltr'><strong>legem</strong></span> <span class='ocrx_word' id='word_1_184' title='bbox 1281 4013 1372 4111; x_wconf 83' lang='lat' dir='ltr'><strong>inter</strong></span> <span class='ocrx_word' id='word_1_185' title='bbox 1396 4034 1433 4084; x_wconf 90' lang='lat' dir='ltr'><strong>se</strong></span> <span class='ocrx_word' id='word_1_186' title='bbox 1449 4013 1529 4082; x_wconf 91' lang='lat' dir='ltr'><strong>inde</strong></span> <span class='ocrx_word' id='word_1_187' title='bbox 1550 4013 1655 4081; x_wconf 87' lang='lat' dir='ltr'><strong>finem</strong></span> <span class='ocrx_word' id='word_1_188' title='bbox 1679 4015 1845 4102; x_wconf 84' lang='lat' dir='ltr'><strong>facerent3</strong></span> <span class='ocrx_word' id='word_1_189' title='bbox 1870 4014 1971 4082; x_wconf 90' lang='lat' dir='ltr'><strong>modo</strong></span> <span class='ocrx_word' id='word_1_190' title='bbox 1995 4034 2056 4084; x_wconf 88' lang='lat' dir='ltr'><strong>au-</strong></span> 
     </span>
     <span class='ocr_line' id='line_1_20' title="bbox 190 4165 2055 4253; baseline 0.001 -21"><span class='ocrx_word' id='word_1_191' title='bbox 190 4167 282 4245; x_wconf 84' lang='lat' dir='ltr'><strong>tem,</strong></span> <span class='ocrx_word' id='word_1_192' title='bbox 299 4168 338 4233; x_wconf 92' lang='lat' dir='ltr'><strong>ut</strong></span> <span class='ocrx_word' id='word_1_193' title='bbox 361 4165 527 4248; x_wconf 85' lang='lat' dir='ltr'><strong>diximus,</strong></span> <span class='ocrx_word' id='word_1_194' title='bbox 546 4169 735 4253; x_wconf 88' lang='lat' dir='ltr'><strong>propterea</strong></span> <span class='ocrx_word' id='word_1_195' title='bbox 759 4169 840 4234; x_wconf 85' lang='lat' dir='ltr'><strong>sunt</strong></span> <span class='ocrx_word' id='word_1_196' title='bbox 862 4166 1018 4233; x_wconf 90' lang='lat' dir='ltr'><strong>coniunti</strong></span> <span class='ocrx_word' id='word_1_197' title='bbox 1041 4169 1076 4235; x_wconf 90' lang='lat' dir='ltr'><strong>et</strong></span> <span class='ocrx_word' id='word_1_198' title='bbox 1098 4184 1161 4250; x_wconf 90' lang='lat' dir='ltr'><strong>per</strong></span> <span class='ocrx_word' id='word_1_199' title='bbox 1187 4166 1257 4251; x_wconf 88' lang='lat' dir='ltr'><strong>ipsi</strong></span> <span class='ocrx_word' id='word_1_200' title='bbox 1283 4167 1441 4250; x_wconf 88' lang='lat' dir='ltr'><strong>germani</strong></span> <span class='ocrx_word' id='word_1_201' title='bbox 1467 4167 1604 4234; x_wconf 86' lang='lat' dir='ltr'><strong>ostense</strong></span> <span class='ocrx_word' id='word_1_202' title='bbox 1630 4168 1709 4234; x_wconf 89' lang='lat' dir='ltr'><strong>sunt</strong></span> <span class='ocrx_word' id='word_1_203' title='bbox 1730 4167 1858 4234; x_wconf 86' lang='lat' dir='ltr'><strong>exinde</strong></span> <span class='ocrx_word' id='word_1_204' title='bbox 1883 4167 2055 4253; x_wconf 89' lang='lat' dir='ltr'><strong>quadtuor</strong></span> 
     </span>
     <span class='ocr_line' id='line_1_21' title="bbox 193 4316 2061 4423; baseline -0.003 -37"><span class='ocrx_word' id='word_1_205' title='bbox 193 4316 458 4403; x_wconf 85' lang='lat' dir='ltr'><strong>scriptionibus.</strong></span> <span class='ocrx_word' id='word_1_206' title='bbox 478 4317 553 4403; x_wconf 90' lang='lat' dir='ltr'><strong>ipse</strong></span> <span class='ocrx_word' id='word_1_207' title='bbox 569 4317 676 4402; x_wconf 91' lang='lat' dir='ltr'><strong>guido</strong></span> <span class='ocrx_word' id='word_1_208' title='bbox 693 4317 929 4384; x_wconf 85' lang='lat' dir='ltr'><strong>manifestabit</strong></span> <span class='ocrx_word' id='word_1_209' title='bbox 944 4317 1073 4384; x_wconf 88' lang='lat' dir='ltr'><strong>nullam</strong></span> <span class='ocrx_word' id='word_1_210' title='bbox 1091 4317 1262 4385; x_wconf 89' lang='lat' dir='ltr'><strong>rationem</strong></span> <span class='ocrx_word' id='word_1_211' title='bbox 1279 4316 1361 4423; x_wconf 90' lang='lat' dir='ltr'><strong>inde</strong></span> <span class='ocrx_word' id='word_1_212' title='bbox 1375 4318 1488 4396; x_wconf 89' lang='lat' dir='ltr'><strong>abere,</strong></span> <span class='ocrx_word' id='word_1_213' title='bbox 1503 4319 1555 4385; x_wconf 87' lang='lat' dir='ltr'><strong>sot</strong></span> <span class='ocrx_word' id='word_1_214' title='bbox 1565 4317 1701 4384; x_wconf 84' lang='lat' dir='ltr'><strong>tanturn</strong></span> <span class='ocrx_word' id='word_1_215' title='bbox 1717 4316 1852 4387; x_wconf 90' lang='lat' dir='ltr'><strong>dicebat</strong></span> <span class='ocrx_word' id='word_1_216' title='bbox 1867 4318 2061 4388; x_wconf 90' lang='lat' dir='ltr'><strong>sortionem.</strong></span> 
     </span>
     <span class='ocr_line' id='line_1_22' title="bbox 192 4468 2056 4556; baseline 0.001 -19"><span class='ocrx_word' id='word_1_217' title='bbox 192 4471 316 4538; x_wconf 88' lang='lat' dir='ltr'><strong>aberet</strong></span> <span class='ocrx_word' id='word_1_218' title='bbox 332 4469 505 4538; x_wconf 87' lang='lat' dir='ltr'><strong>debebant</strong></span> <span class='ocrx_word' id='word_1_219' title='bbox 520 4471 557 4537; x_wconf 93' lang='lat' dir='ltr'><strong>in</strong></span> <span class='ocrx_word' id='word_1_220' title='bbox 573 4469 776 4556; x_wconf 86' lang='lat' dir='ltr'><strong>supradicta</strong></span> <span class='ocrx_word' id='word_1_221' title='bbox 792 4468 908 4538; x_wconf 90' lang='lat' dir='ltr'><strong>rebus:</strong></span> <span class='ocrx_word' id='word_1_222' title='bbox 927 4486 990 4537; x_wconf 87' lang='lat' dir='ltr'><strong>nos</strong></span> <span class='ocrx_word' id='word_1_223' title='bbox 1006 4471 1122 4538; x_wconf 88' lang='lat' dir='ltr'><strong>autem</strong></span> <span class='ocrx_word' id='word_1_224' title='bbox 1139 4469 1281 4538; x_wconf 83' lang='lat' dir='ltr'><strong>fecimus</strong></span> <span class='ocrx_word' id='word_1_225' title='bbox 1296 4471 1367 4537; x_wconf 88' lang='lat' dir='ltr'><strong>toto</strong></span> <span class='ocrx_word' id='word_1_226' title='bbox 1382 4469 1455 4555; x_wconf 90' lang='lat' dir='ltr'><strong>ipse</strong></span> <span class='ocrx_word' id='word_1_227' title='bbox 1471 4469 1716 4554; x_wconf 89' lang='lat' dir='ltr'><strong>scriptionibus</strong></span> <span class='ocrx_word' id='word_1_228' title='bbox 1739 4487 1801 4556; x_wconf 87' lang='lat' dir='ltr'><strong>per</strong></span> <span class='ocrx_word' id='word_1_229' title='bbox 1824 4469 1945 4539; x_wconf 88' lang='lat' dir='ltr'><strong>ordine</strong></span> <span class='ocrx_word' id='word_1_230' title='bbox 1967 4475 2056 4540; x_wconf 90' lang='lat' dir='ltr'><strong>rele-</strong></span> 
     </span>
     <span class='ocr_line' id='line_1_23' title="bbox 195 4621 2057 4708; baseline 0.002 -19"><span class='ocrx_word' id='word_1_231' title='bbox 195 4640 298 4707; x_wconf 89' lang='lat' dir='ltr'><strong>gere.</strong></span> <span class='ocrx_word' id='word_1_232' title='bbox 316 4640 387 4690; x_wconf 89' lang='lat' dir='ltr'><strong>una</strong></span> <span class='ocrx_word' id='word_1_233' title='bbox 402 4640 446 4690; x_wconf 84' lang='lat' dir='ltr'><strong>cx</strong></span> <span class='ocrx_word' id='word_1_234' title='bbox 464 4621 523 4692; x_wconf 87' lang='lat' dir='ltr'><strong>ille</strong></span> <span class='ocrx_word' id='word_1_235' title='bbox 538 4625 705 4690; x_wconf 92' lang='lat' dir='ltr'><strong>continet:</strong></span> <span class='ocrx_word' id='word_1_236' title='bbox 725 4621 762 4688; x_wconf 90' lang='lat' dir='ltr'><strong>in</strong></span> <span class='ocrx_word' id='word_1_237' title='bbox 778 4623 919 4690; x_wconf 91' lang='lat' dir='ltr'><strong>nomine</strong></span> <span class='ocrx_word' id='word_1_238' title='bbox 943 4622 1075 4690; x_wconf 91' lang='lat' dir='ltr'><strong>domini</strong></span> <span class='ocrx_word' id='word_1_239' title='bbox 1104 4621 1371 4708; x_wconf 87' lang='lat' dir='ltr'><strong>quadragesimo</strong></span> <span class='ocrx_word' id='word_1_240' title='bbox 1398 4622 1549 4690; x_wconf 86' lang='lat' dir='ltr'><strong>secundo</strong></span> <span class='ocrx_word' id='word_1_241' title='bbox 1575 4640 1670 4690; x_wconf 90' lang='lat' dir='ltr'><strong>anno</strong></span> <span class='ocrx_word' id='word_1_242' title='bbox 1695 4622 1913 4708; x_wconf 85' lang='lat' dir='ltr'><strong>principatus</strong></span> <span class='ocrx_word' id='word_1_243' title='bbox 1938 4624 2057 4693; x_wconf 91' lang='lat' dir='ltr'><strong>domni</strong></span> 
     </span>
     <span class='ocr_line' id='line_1_24' title="bbox 188 4775 2058 4865; baseline 0.005 -24"><span class='ocrx_word' id='word_1_244' title='bbox 188 4775 311 4844; x_wconf 87' lang='lat' dir='ltr'><strong>nostri</strong></span> <span class='ocrx_word' id='word_1_245' title='bbox 328 4775 444 4861; x_wconf 81' lang='lat' dir='ltr'><strong>gisolfi</strong></span> <span class='ocrx_word' id='word_1_246' title='bbox 468 4777 612 4862; x_wconf 86' lang='lat' dir='ltr'><strong>gloriosi</strong></span> <span class='ocrx_word' id='word_1_247' title='bbox 637 4776 822 4862; x_wconf 90' lang='lat' dir='ltr'><strong>principis,</strong></span> <span class='ocrx_word' id='word_1_248' title='bbox 839 4778 873 4843; x_wconf 91' lang='lat' dir='ltr'><strong>et</strong></span> <span class='ocrx_word' id='word_1_249' title='bbox 895 4776 1010 4862; x_wconf 92' lang='lat' dir='ltr'><strong>primo</strong></span> <span class='ocrx_word' id='word_1_250' title='bbox 1033 4792 1126 4843; x_wconf 89' lang='lat' dir='ltr'><strong>anno</strong></span> <span class='ocrx_word' id='word_1_251' title='bbox 1149 4775 1367 4861; x_wconf 88' lang='lat' dir='ltr'><strong>principatus</strong></span> <span class='ocrx_word' id='word_1_252' title='bbox 1388 4775 1513 4845; x_wconf 91' lang='lat' dir='ltr'><strong>domne</strong></span> <span class='ocrx_word' id='word_1_253' title='bbox 1538 4793 1677 4861; x_wconf 88' lang='lat' dir='ltr'><strong>gemme</strong></span> <span class='ocrx_word' id='word_1_254' title='bbox 1703 4775 1855 4861; x_wconf 88' lang='lat' dir='ltr'><strong>gloriose</strong></span> <span class='ocrx_word' id='word_1_255' title='bbox 1868 4778 2058 4865; x_wconf 79' lang='lat' dir='ltr'><strong>principiae</strong></span> 
     </span>
    </p>
   </div>
   <div class='ocr_carea' id='block_1_7' title="bbox 197 4931 2057 5019">
    <p class='ocr_par' dir='ltr' id='par_1_10' title="bbox 197 4931 2057 5019">
     <span class='ocr_line' id='line_1_25' title="bbox 197 4931 2057 5019; baseline 0.003 -23"><span class='ocrx_word' id='word_1_256' title='bbox 197 4931 323 5000; x_wconf 83' lang='lat' dir='ltr'><strong>uxoris</strong></span> <span class='ocrx_word' id='word_1_257' title='bbox 339 4931 425 5011; x_wconf 87' lang='lat' dir='ltr'><strong>sius,</strong></span> <span class='ocrx_word' id='word_1_258' title='bbox 444 4933 479 5000; x_wconf 92' lang='lat' dir='ltr'><strong>et</strong></span> <span class='ocrx_word' id='word_1_259' title='bbox 493 4931 610 5000; x_wconf 90' lang='lat' dir='ltr'><strong>domni</strong></span> <span class='ocrx_word' id='word_1_260' title='bbox 627 4932 769 5018; x_wconf 87' lang='lat' dir='ltr'><strong>paldolfl</strong></span> <span class='ocrx_word' id='word_1_261' title='bbox 785 4933 904 5018; x_wconf 88' lang='lat' dir='ltr'><strong>optato</strong></span> <span class='ocrx_word' id='word_1_262' title='bbox 919 4933 992 5000; x_wconf 87' lang='lat' dir='ltr'><strong>illio</strong></span> <span class='ocrx_word' id='word_1_263' title='bbox 1006 4950 1139 5012; x_wconf 91' lang='lat' dir='ltr'><strong>eorum,</strong></span> <span class='ocrx_word' id='word_1_264' title='bbox 1158 4950 1277 5001; x_wconf 87' lang='lat' dir='ltr'><strong>mense</strong></span> <span class='ocrx_word' id='word_1_265' title='bbox 1291 4931 1471 5002; x_wconf 85' lang='lat' dir='ltr'><strong>december</strong></span> <span class='ocrx_word' id='word_1_266' title='bbox 1486 4933 1592 5002; x_wconf 81' lang='lat' dir='ltr'><strong>tertia</strong></span> <span class='ocrx_word' id='word_1_267' title='bbox 1606 4931 1807 5002; x_wconf 90' lang='lat' dir='ltr'><strong>indictione.</strong></span> <span class='ocrx_word' id='word_1_268' title='bbox 1826 4949 1889 5000; x_wconf 88' lang='lat' dir='ltr'><strong>nos</strong></span> <span class='ocrx_word' id='word_1_269' title='bbox 1899 4935 2057 5019; x_wconf 86' lang='lat' dir='ltr'><strong>superius</strong></span> 
     </span>
    </p>
   </div>
   <div class='ocr_carea' id='block_1_8' title="bbox 189 5334 2051 5798">
    <p class='ocr_par' dir='ltr' id='par_1_11' title="bbox 189 5334 2051 5651">
     <span class='ocr_line' id='line_1_26' title="bbox 255 5334 2051 5415; baseline -0.001 -18"><span class='ocrx_word' id='word_1_270' title='bbox 255 5334 279 5412; x_wconf 87' lang='lat'><strong>¹)</strong></span> <span class='ocrx_word' id='word_1_271' title='bbox 294 5340 477 5398; x_wconf 88' lang='lat' dir='ltr'><strong>Praeclarum</strong></span> <span class='ocrx_word' id='word_1_272' title='bbox 490 5342 548 5398; x_wconf 87' lang='lat' dir='ltr'><strong>hoc</strong></span> <span class='ocrx_word' id='word_1_273' title='bbox 562 5341 783 5413; x_wconf 88' lang='lat' dir='ltr'><strong>documentum,</strong></span> <span class='ocrx_word' id='word_1_274' title='bbox 800 5341 903 5415; x_wconf 88' lang='lat' dir='ltr'><strong>inquo</strong></span> <span class='ocrx_word' id='word_1_275' title='bbox 918 5340 1062 5415; x_wconf 90' lang='lat' dir='ltr'><strong>descripta</strong></span> <span class='ocrx_word' id='word_1_276' title='bbox 1075 5341 1183 5415; x_wconf 87' lang='lat' dir='ltr'><strong>legitur</strong></span> <span class='ocrx_word' id='word_1_277' title='bbox 1196 5349 1290 5398; x_wconf 89' lang='lat' dir='ltr'><strong>tarrae</strong></span> <span class='ocrx_word' id='word_1_278' title='bbox 1304 5341 1438 5409; x_wconf 87' lang='lat' dir='ltr'><strong>latitudo,</strong></span> <span class='ocrx_word' id='word_1_279' title='bbox 1455 5357 1529 5415; x_wconf 87' lang='lat' dir='ltr'><strong>quae</strong></span> <span class='ocrx_word' id='word_1_280' title='bbox 1549 5355 1629 5397; x_wconf 89' lang='lat' dir='ltr'><strong>nuuc</strong></span> <span class='ocrx_word' id='word_1_281' title='bbox 1648 5340 1736 5397; x_wconf 82' lang='lat' dir='ltr'><strong>Pione</strong></span> <span class='ocrx_word' id='word_1_282' title='bbox 1755 5341 1785 5394; x_wconf 86' lang='lat' dir='ltr'><strong>di</strong></span> <span class='ocrx_word' id='word_1_283' title='bbox 1802 5337 1917 5394; x_wconf 78' lang='lat' dir='ltr'><strong>Salano</strong></span> <span class='ocrx_word' id='word_1_284' title='bbox 1938 5352 2051 5395; x_wconf 89' lang='lat' dir='ltr'><strong>nuncu·</strong></span> 
     </span>
     <span class='ocr_line' id='line_1_27' title="bbox 191 5463 2048 5539; baseline 0 -17"><span class='ocrx_word' id='word_1_285' title='bbox 191 5473 293 5539; x_wconf 77' lang='lat' dir='ltr'><strong>palm,</strong></span> <span class='ocrx_word' id='word_1_286' title='bbox 309 5463 367 5520; x_wconf 91' lang='lat' dir='ltr'><strong>iam</strong></span> <span class='ocrx_word' id='word_1_287' title='bbox 382 5464 472 5522; x_wconf 91' lang='lat' dir='ltr'><strong>edidit</strong></span> <span class='ocrx_word' id='word_1_288' title='bbox 484 5464 518 5522; x_wconf 88' lang='lat' dir='ltr'><strong>b.</strong></span> <span class='ocrx_word' id='word_1_289' title='bbox 534 5465 666 5523; x_wconf 84' lang='lat' dir='ltr'><strong>Salvator</strong></span> <span class='ocrx_word' id='word_1_290' title='bbox 679 5466 715 5523; x_wconf 91' lang='lat' dir='ltr'><strong>de</strong></span> <span class='ocrx_word' id='word_1_291' title='bbox 730 5465 827 5522; x_wconf 89' lang='lat' dir='ltr'><strong>Blasio</strong></span> <span class='ocrx_word' id='word_1_292' title='bbox 842 5467 873 5521; x_wconf 91' lang='lat' dir='ltr'><strong>in</strong></span> <span class='ocrx_word' id='word_1_293' title='bbox 888 5482 941 5522; x_wconf 92' lang='lat' dir='ltr'><strong>suo</strong></span> <span class='ocrx_word' id='word_1_294' title='bbox 963 5481 1050 5538; x_wconf 89' lang='lat' dir='ltr'><strong>opera</strong></span> <span class='ocrx_word' id='word_1_295' title='bbox 1071 5465 1119 5522; x_wconf 86' lang='lat' dir='ltr'><strong>cui</strong></span> <span class='ocrx_word' id='word_1_296' title='bbox 1138 5466 1241 5524; x_wconf 86' lang='lat' dir='ltr'><strong>titulus</strong></span> <span class='ocrx_word' id='word_1_297' title='bbox 1252 5489 1281 5518; x_wconf 92' lang='lat'>=</span> <span class='ocrx_word' id='word_1_298' title='bbox 1292 5465 1394 5524; x_wconf 76' lang='lat' dir='ltr'><strong>Sontas</strong></span> <span class='ocrx_word' id='word_1_299' title='bbox 1417 5465 1569 5523; x_wconf 83' lang='lat' dir='ltr'><strong>Purumruu</strong></span> <span class='ocrx_word' id='word_1_300' title='bbox 1589 5481 1636 5526; x_wconf 83' lang='lat' dir='ltr'><strong>our</strong></span> <span class='ocrx_word' id='word_1_301' title='bbox 1658 5473 1717 5520; x_wconf 86' lang='lat' dir='ltr'><strong>alc:</strong></span> <span class='ocrx_word' id='word_1_302' title='bbox 1734 5464 1788 5521; x_wconf 91' lang='lat' dir='ltr'><strong>sub</strong></span> <span class='ocrx_word' id='word_1_303' title='bbox 1809 5479 1887 5522; x_wconf 92' lang='lat' dir='ltr'><strong>anno</strong></span> <span class='ocrx_word' id='word_1_304' title='bbox 1909 5463 1980 5538; x_wconf 75' lang='lat'><strong>9833</strong></span> <span class='ocrx_word' id='word_1_305' title='bbox 1997 5467 2048 5523; x_wconf 86' lang='lat' dir='ltr'><strong>sed</strong></span> 
     </span>
     <span class='ocr_line' id='line_1_28' title="bbox 189 5562 1023 5651; baseline 0.005 -3"><span class='ocrx_word' id='word_1_306' title='bbox 189 5591 303 5649; x_wconf 85' lang='lat' dir='ltr'><strong>rectius</strong></span> <span class='ocrx_word' id='word_1_307' title='bbox 317 5591 353 5648; x_wconf 92' lang='lat' dir='ltr'><strong>ad</strong></span> <span class='ocrx_word' id='word_1_308' title='bbox 367 5608 478 5648; x_wconf 87' lang='lat' dir='ltr'><strong>annum</strong></span> <span class='ocrx_word' id='word_1_309' title='bbox 493 5589 547 5649; x_wconf 82' lang='grc'><strong>981</strong></span> <span class='ocrx_word' id='word_1_310' title='bbox 562 5594 759 5651; x_wconf 83' lang='lat' dir='ltr'><strong>referendum.</strong></span> <span class='ocrx_word' id='word_1_311' title='bbox 789 5598 793 5604; x_wconf 89' lang='lat'>&#39;</span> <span class='ocrx_word' id='word_1_312' title='bbox 1018 5562 1023 5573; x_wconf 37' lang='lat'><em>⁶</em></span> 
     </span>
    </p>

    <p class='ocr_par' dir='ltr' id='par_1_12' title="bbox 252 5715 1439 5798">
     <span class='ocr_line' id='line_1_29' title="bbox 252 5715 1439 5798; baseline 0.003 -22"><span class='ocrx_word' id='word_1_313' title='bbox 252 5715 278 5787; x_wconf 80' lang='lat'><strong>²)</strong></span> <span class='ocrx_word' id='word_1_314' title='bbox 293 5717 348 5784; x_wconf 87' lang='lat' dir='ltr'><strong>Qui</strong></span> <span class='ocrx_word' id='word_1_315' title='bbox 362 5735 466 5776; x_wconf 83' lang='lat' dir='ltr'><strong>omncs</strong></span> <span class='ocrx_word' id='word_1_316' title='bbox 480 5727 603 5793; x_wconf 89' lang='lat' dir='ltr'><strong>nepotes</strong></span> <span class='ocrx_word' id='word_1_317' title='bbox 617 5729 701 5779; x_wconf 89' lang='lat' dir='ltr'><strong>erant</strong></span> <span class='ocrx_word' id='word_1_318' title='bbox 714 5723 871 5782; x_wconf 84' lang='lat' dir='ltr'><strong>Guairnarii</strong></span> <span class='ocrx_word' id='word_1_319' title='bbox 887 5723 911 5780; x_wconf 95' lang='lat' dir='ltr'><strong>ll</strong></span> <span class='ocrx_word' id='word_1_320' title='bbox 929 5724 1070 5798; x_wconf 87' lang='lat' dir='ltr'><strong>Principis</strong></span> <span class='ocrx_word' id='word_1_321' title='bbox 1084 5723 1198 5782; x_wconf 85' lang='lat' dir='ltr'><strong>Salerni</strong></span> <span class='ocrx_word' id='word_1_322' title='bbox 1212 5725 1266 5781; x_wconf 89' lang='lat' dir='ltr'><strong>sub</strong></span> <span class='ocrx_word' id='word_1_323' title='bbox 1280 5739 1359 5780; x_wconf 90' lang='lat' dir='ltr'><strong>anno</strong></span> <span class='ocrx_word' id='word_1_324' title='bbox 1373 5721 1439 5779; x_wconf 84' lang='grc'>893.</span> 
     </span>
    </p>
   </div>
   <div class='ocr_carea' id='block_1_9' title="bbox 252 5842 1037 5918">
    <p class='ocr_par' dir='ltr' id='par_1_13' title="bbox 252 5842 1037 5918">
     <span class='ocr_line' id='line_1_30' title="bbox 252 5842 1037 5918; baseline 0.014 -21"><span class='ocrx_word' id='word_1_325' title='bbox 252 5842 277 5913; x_wconf 75' lang='lat'><strong>³)</strong></span> <span class='ocrx_word' id='word_1_326' title='bbox 299 5845 392 5900; x_wconf 79' lang='lat' dir='ltr'><strong>lirino</strong></span> <span class='ocrx_word' id='word_1_327' title='bbox 411 5851 440 5903; x_wconf 89' lang='lat' dir='ltr'><strong>et</strong></span> <span class='ocrx_word' id='word_1_328' title='bbox 463 5845 604 5918; x_wconf 77' lang='lat' dir='ltr'><strong>Tasciaca,</strong></span> <span class='ocrx_word' id='word_1_329' title='bbox 627 5849 750 5906; x_wconf 88' lang='lat' dir='ltr'><strong>llnmina</strong></span> <span class='ocrx_word' id='word_1_330' title='bbox 770 5859 851 5908; x_wconf 84' lang='lat' dir='ltr'><strong>extra</strong></span> <span class='ocrx_word' id='word_1_331' title='bbox 870 5850 1037 5908; x_wconf 77' lang='lat' dir='ltr'><strong>Salernum.</strong></span> 
     </span>
    </p>
   </div>
   <div class='ocr_carea' id='block_1_10' title="bbox 0 0 2614 7092">
    <p class='ocr_par' dir='ltr' id='par_1_14' title="bbox 0 0 2614 7092">
     <span class='ocr_line' id='line_1_31' title="bbox 0 0 2614 7092; baseline 0 0"><span class='ocrx_word' id='word_1_332' title='bbox 0 0 2614 7092; x_wconf 95' lang='lat' dir='ltr'><strong> </strong></span> 
     </span>
    </p>
   </div>
  </div>
 </body>
</html>
