5286 7098
605 579 645 638 76
1278 557 1440 631 doubt
1484 562 1716 635 CAVENSIS

558 807 676 876 omnia
693 805 786 874 intra
802 823 839 873 se
853 805 1020 873 habentes
1036 805 1162 871 etcum
1178 801 1254 869 viee
1269 800 1312 868 de
1329 803 1386 868 bia
1402 821 1464 871 sua
1478 805 1578 871 nobis
1597 805 1747 874 tradidit.
1759 807 1849 876 unde
1866 827 1930 894 pro
1941 811 2059 886 taliter
2070 782 2199 899 guadia
2210 815 2307 885 nobis
2319 816 2409 885 dedit

557 965 591 1030 et
607 958 831 1026 mediatorem
848 956 946 1025 nobis
962 955 1076 1042 posuit
1090 955 1239 1024 andreas
1254 955 1345 1024 fliius
1361 955 1532 1039 radechis,
1545 958 1608 1026 tali
1624 959 1759 1039 ordine,
1770 964 1806 1030 ut
1821 963 1945 1031 amodo
1962 969 1997 1033 et
2012 985 2119 1052 usque
2134 973 2211 1035 octo
2223 970 2307 1036 anni
2319 988 2408 1036 oom-

557 1111 643 1196 pleti
658 1108 768 1178 licead
784 1127 847 1176 nos
862 1110 898 1176 et
912 1106 1041 1178 nostris
1056 1106 1241 1174 heredibus
1257 1107 1335 1192 ipsa
1350 1105 1453 1176 rebus
1469 1127 1531 1194 per
1555 1110 1629 1194 ipse
1647 1110 1727 1177 linis
1749 1113 1783 1180 et
1806 1114 1979 1181 mensuria
2001 1133 2079 1185 oum
2104 1118 2179 1185 vioe
2201 1119 2244 1185 de
2267 1119 2325 1186 bia
2347 1137 2407 1188 sua

557 1268 675 1334 tenere
691 1263 735 1332 ad
751 1264 869 1331 nostre
886 1261 1061 1348 potestati,
1081 1263 1116 1328 et
1131 1262 1249 1328 fobeas
1275 1261 1323 1327 ibi
1340 1261 1453 1329 faeere
1469 1264 1505 1330 et
1519 1264 1630 1331 omnis
1645 1267 1763 1333 nostre
1778 1266 1933 1346 utilitati,
1953 1273 1987 1335 el
2003 1270 2104 1338 vinea
2119 1269 2166 1336 ibi
2189 1273 2360 1356 plantare,
2378 1275 2409 1341 et

557 1431 679 1482 omnes
695 1414 814 1498 fruges
830 1413 866 1481 et
881 1411 1002 1479 vinum
1019 1413 1054 1478 et
1070 1363 1226 1495 quicquit
1241 1409 1437 1479 annualiter
1453 1410 1577 1480 ibidem
1593 1411 1737 1481 redierit
1753 1415 1876 1483 amodo
1892 1421 1926 1484 et
1943 1437 2050 1504 usque
2066 1423 2227 1506 completi
2251 1423 2317 1508 ipsi
2335 1427 2408 1490 octo

561 1567 658 1646 anni,
677 1567 784 1633 totum
800 1565 918 1633 nostre
933 1563 979 1630 sit
993 1563 1153 1649 potestati
1168 1562 1317 1630 faciendi
1332 1562 1459 1634 exinde
1474 1564 1562 1650 quod
1578 1567 1798 1646 voluerimus,
1818 1572 1852 1636 et
1867 1554 1998 1638 nullam
2021 1573 2119 1641 nohis
2142 1574 2268 1643 exinde
2292 1578 2408 1644 tollere

556 1722 718 1805 querant.
737 1717 780 1786 ad
798 1718 961 1802 completi
979 1717 1047 1802 ipsi
1064 1718 1140 1782 octo
1157 1717 1242 1783 anni
1258 1735 1320 1784 nos
1336 1719 1453 1784 autem
1469 1720 1506 1784 et
1520 1719 1649 1787 nostris
1665 1720 1851 1789 heredibus
1868 1722 1904 1788 in
1922 1721 1999 1806 ipsa
2015 1727 2116 1792 rebus
2132 1743 2194 1809 per
2219 1725 2295 1810 ipsa
2317 1746 2410 1794 men-

453 1865 455 1870 *
559 1873 656 1942 suria
673 1871 981 1942 habeamusvinea
996 1870 1089 1937 facta
1105 1873 1140 1937 et
1155 1871 1266 1938 lebata
1281 1872 1316 1936 et
1331 1873 1516 1954 cooperata
1531 1873 1566 1938 et
1581 1872 1624 1938 de
1640 1891 1744 1956 super
1759 1875 1793 1941 et
1808 1873 1851 1939 de
1869 1878 1968 1958 supto
1984 1877 2191 1955 laboratam,
2210 1877 2299 1946 siout
2320 1881 2411 1948 locus

557 2025 631 2110 ipse
646 2023 814 2091 meruerit
830 2023 868 2087 ut
884 2023 971 2088 bene
986 2018 1113 2105 paread
1130 2020 1335 2097 laboratam,
1353 2021 1566 2104 sceptuatum
1582 2021 1675 2086 inira
1689 2023 1767 2106 ipsa
1781 2025 1955 2090 mensurio
1971 2026 2028 2091 uhi
2045 2026 2169 2106 redita,
2195 2033 2231 2096 et
2246 2034 2356 2096 ortum
2381 2035 2412 2100 et

558 2180 771 2264 palmentum
789 2175 1024 2252 habuerimus
1042 2175 1076 2243 et
1092 2173 1130 2239 in
1145 2175 1247 2241 antea
1264 2173 1526 2258 omnitempore
1542 2175 1653 2241 licead
1670 2193 1733 2243 nos
1748 2177 1782 2242 et
1798 2177 1926 2243 nostris
1942 2177 2125 2246 heredibus
2139 2181 2213 2246 tota
2225 2181 2302 2265 ipsa
2313 2181 2411 2250 rebus

560 2351 623 2418 per
641 2334 716 2418 ipse
733 2331 813 2397 finis
829 2333 864 2397 et
878 2328 1051 2398 mensurie
1067 2329 1185 2396 tenere
1201 2325 1244 2394 ad
1261 2327 1378 2393 nostra
1394 2330 1564 2411 potestate
1579 2345 1656 2417 oum
1669 2329 1744 2394 vioe
1759 2327 1800 2396 de
1816 2330 1871 2394 bia
1886 2347 1961 2407 sua,
1976 2333 2009 2395 et
2022 2332 2137 2400 nostre
2151 2332 2293 2400 utilitati
2309 2337 2405 2401 iuxta

558 2488 652 2554 ratio
668 2486 716 2552 ibi
732 2487 859 2562 facere,
874 2485 909 2550 et
923 2484 1012 2567 aptis
1027 2481 1240 2566 temporibus
1257 2479 1356 2547 tinea
1373 2480 1449 2564 ipsa
1464 2479 1507 2547 de
1521 2499 1625 2564 super
1642 2483 1676 2547 et
1699 2481 1741 2548 de
1763 2485 1864 2566 supto
1888 2485 2094 2561 laboremus
2113 2485 2203 2552 siout
2225 2489 2318 2556 loeus
2340 2489 2411 2573 ipse

561 2639 728 2710 meruerit
743 2639 781 2705 ut
797 2638 883 2705 bene
898 2634 1027 2721 paread
1046 2635 1252 2719 laboratum3
1277 2637 1311 2699 et
1333 2651 1397 2717 per
1413 2632 1584 2700 vindemie
1605 2633 1772 2702 faciamus
1797 2633 1895 2702 illum
1919 2638 1971 2703 vel
1993 2637 2066 2703 eius
2089 2636 2233 2707 heredes
2253 2639 2354 2716 seire,
2380 2611 2411 2704 et

561 2792 708 2877 plicaret
724 2807 760 2857 se
775 2791 810 2856 et
829 2787 1000 2873 dirigeret
1021 2784 1149 2852 ibidem
1172 2786 1316 2853 missum
1338 2803 1436 2852 suum
1458 2784 1498 2852 ad
1525 2785 1765 2870 recipiendum
1786 2786 1914 2855 exinde
1937 2787 2126 2855 sortionem
2150 2807 2247 2856 suam
2270 2789 2313 2856 de
2336 2791 2410 2874 ipso

563 2945 693 3020 vinum,
712 2945 748 3010 et
763 2959 826 3008 nos
842 2941 942 3007 vinea
957 2939 1034 3023 ipsa
1051 2936 1301 3005 vindemiemus
1317 2938 1352 3004 et
1366 2936 1443 3021 ipso
1459 2936 1575 3002 vinum
1591 2935 1635 3003 ad
1651 2891 1863 3021 pulmentum
1880 2938 1917 3004 in
1933 2938 2071 3005 tertiam
2088 2943 2221 3022 partem
2238 2941 2327 3010 inter
2350 2961 2411 3008 nos

552 3094 757 3162 dividamus:
776 3092 845 3160 illis
858 3092 911 3158 vel
925 3090 1050 3157 missus
1062 3088 1136 3156 eius
1148 3089 1247 3155 tollat
1262 3087 1389 3156 exinde
1404 3089 1544 3158 tertiam
1559 3091 1707 3173 partem,
1727 3091 1762 3156 et
1777 3108 1840 3156 nos
1856 3089 1922 3156 due
1935 3092 2049 3157 sortis.
2066 3093 2101 3158 et
2112 3109 2173 3174 per
2186 3093 2263 3178 ipsa
2281 3091 2409 3177 guadia

471 3253 475 3261 '
557 3247 751 3332 hobligabit
768 3264 804 3313 se
822 3245 898 3330 ipse
913 3242 1058 3311 adelferi
1074 3244 1108 3308 et
1124 3258 1204 3308 suos
1219 3240 1310 3308 filios
1324 3243 1358 3308 et
1374 3241 1517 3310 heredes
1534 3241 1657 3308 amodo
1672 3245 1706 3309 et
1721 3259 1856 3327 semper
1870 3243 2106 3312 antistandum
2119 3247 2154 3312 et
2165 3245 2407 3313 defensandum

555 3402 655 3469 nobis
671 3399 763 3466 etad
779 3399 906 3466 nostris
923 3395 1106 3464 heredibus
1122 3397 1195 3464 tota
1210 3394 1411 3478 supradicta
1425 3397 1527 3463 rebus
1542 3414 1606 3480 per
1620 3397 1696 3480 ipse
1710 3396 1791 3463 linis
1805 3399 1840 3463 et
1856 3398 2031 3464 mensoria
2042 3415 2120 3465 oum
2137 3398 2212 3464 hice
2227 3397 2269 3468 de
2282 3400 2338 3466 bia
2349 3418 2407 3468 sua

558 3572 579 3619 a
596 3553 758 3638 partibus
775 3551 885 3636 ipsius
901 3549 1003 3616 uxori
1021 3565 1081 3614 sue
1096 3549 1131 3614 et
1145 3548 1189 3611 ab
1204 3543 1363 3612 omnibus
1378 3545 1573 3613 hominibus
1593 3545 1756 3630 omnique
1779 3545 1947 3630 partibus,
1966 3547 2001 3612 et
2023 3563 2092 3613 non
2117 3547 2194 3614 illut
2218 3551 2271 3617 vel
2286 3550 2409 3616 exinde

555 3705 656 3771 nobis
679 3704 802 3771 tollere
825 3703 884 3767 aut
907 3700 1094 3766 eontraret.
1122 3700 1156 3766 et
1179 3697 1209 3764 si
1233 3714 1295 3766 nos
1318 3699 1372 3765 vel
1395 3698 1525 3766 nostris
1549 3697 1733 3766 heredibus
1755 3697 1977 3765 medietatem
2007 3700 2081 3765 tota
2113 3697 2190 3783 ipsa
2218 3701 2321 3767 rebus
2350 3719 2410 3785 per

560 3858 636 3941 ipse
658 3856 741 3924 finis
765 3857 800 3922 et
822 3853 998 3921 mensoria
1020 3851 1103 3918 dare
1127 3851 1349 3930 voluerimus,
1367 3849 1412 3916 da
1435 3851 1605 3935 completo
1629 3849 1704 3935 ipso
1726 3850 1949 3917 constitutum
1974 3851 2011 3916 in
2027 3799 2133 3920 antea
2148 3853 2256 3936 ipsius
2272 3853 2409 3921 adelferi

558 4015 613 4079 vel
639 4011 682 4078 ad
708 4011 783 4078 eius
806 4005 952 4075 heredes
975 4023 1015 4072 ea
1037 4003 1222 4070 vindamus
1245 4001 1287 4069 ad
1313 4003 1403 4070 iusto
1426 4003 1576 4086 pretium
1601 4001 1691 4088 quod
1715 4001 1802 4070 iuste
1817 4002 1920 4070 tuerit
1935 4003 2180 4087 appretiatum,
2198 4007 2233 4072 et
2248 4004 2411 4071 faciamus

558 4167 609 4235 eis
634 4165 724 4232 seire
748 4161 791 4230 ad
816 4162 892 4247 ipso
915 4157 1097 4228 emendum
1120 4176 1184 4242 per
1206 4155 1311 4224 tertio
1333 4155 1558 4224 constitutum
1580 4174 1688 4241 usque
1710 4155 1784 4223 dies
1807 4155 1955 4240 triginta
1977 4173 2063 4241 sex3
2095 4158 2130 4222 et
2159 4155 2189 4223 si
2219 4155 2311 4222 infra
2341 4155 2410 4241 ipso

555 4320 744 4386 constituto
768 4315 920 4384 noluerit
941 4313 1020 4380 illut
1043 4327 1156 4379 emere
1178 4308 1223 4376 ad
1247 4310 1337 4376 iusto
1363 4275 1513 4376 baliente
1537 4307 1687 4393 pretium
1710 4310 1745 4376 et
1767 4307 1843 4376 illut
1865 4325 1933 4373 non
1956 4308 2085 4386 tulerit,
2113 4313 2195 4376 tuno
2218 4308 2327 4377 licead
2352 4327 2411 4375 nos

559 4473 637 4538 illut
660 4443 744 4536 dare
767 4467 823 4533 oui
847 4466 1081 4540 voluerimus,
1108 4464 1143 4529 et
1165 4479 1303 4546 semper
1328 4463 1403 4545 ipse
1427 4461 1573 4533 adelferi
1597 4463 1631 4528 et
1659 4462 1734 4529 eius
1763 4459 1909 4530 heredes
1939 4460 2018 4529 illut
2044 4458 2244 4538 defensare,
2271 4461 2328 4528 oui
2357 4479 2411 4528 eos

559 4619 754 4690 dederimus
776 4620 810 4686 et
834 4617 878 4684 ad
902 4615 976 4683 eius
1001 4612 1146 4681 heredes
1169 4630 1247 4678 eum
1273 4611 1348 4678 bice
1372 4610 1415 4678 de
1439 4610 1496 4680 hia
1518 4630 1582 4680 sua
1606 4583 1670 4698 per
1699 4612 1777 4698 ipsa
1806 4611 1937 4696 guadia
1963 4614 2005 4677 ab
2034 4611 2191 4678 omnibus
2221 4612 2413 4679 hominibus

560 4771 722 4856 omnique
745 4767 916 4854 partibus,
943 4767 978 4832 et
999 4782 1071 4830 non
1094 4762 1172 4831 illut
1194 4763 1249 4830 vel
1274 4761 1402 4830 exinde
1425 4761 1474 4829 eis
1498 4763 1621 4850 tollere
1645 4764 1706 4828 aut
1735 4763 1922 4829 contraret.
1950 4779 2033 4829 nam
2063 4760 2092 4829 si
2120 4764 2201 4829 ante
2230 4764 2309 4846 ipsa
2338 4778 2416 4828 oon-

558 4927 681 4994 stituta
703 4925 831 5007 absque
853 4919 927 4988 eius
951 4918 1184 5002 volumptate,
1210 4915 1414 5001 cuicumque
1440 4915 1520 4983 illut
1549 4914 1764 4994 dederimus,
1790 4915 1880 4983 sicut
1908 4914 1951 4982 de
1981 4917 2101 4984 nostra
2130 4919 2298 5002 potestate
2327 4919 2413 4984 esset

561 5078 807 5154 substractum,
834 5073 911 5141 sine
934 5069 1086 5155 pretium
1111 5068 1268 5136 rebertar
1291 5066 1335 5134 ad
1359 5069 1565 5151 potestatem
1588 5065 1681 5134 illius
1704 5066 1802 5136 etde
1831 5067 1905 5134 eius
1934 5065 2090 5134 heredes.
2117 5067 2207 5152 quod
2237 5068 2268 5134 si
2299 5067 2413 5136 taliter

560 5230 690 5308 omnia,
717 5231 755 5296 ut
777 5225 935 5312 superius
959 5223 1102 5307 legitur,
1128 5221 1227 5289 nobis
1249 5238 1320 5288 non
1345 5220 1598 5306 adimplebant,
1616 5224 1697 5288 tuno
1720 5238 1783 5305 per
1800 5221 1876 5303 ipsa
1890 5218 2020 5304 guadia
2042 5220 2238 5306 hobligabit
2260 5239 2297 5288 se
2320 5237 2412 5288 suos-

561 5401 628 5468 que
650 5381 741 5448 fllios
764 5381 799 5447 et
820 5375 965 5448 heredes
988 5389 1196 5458 componere
1219 5371 1318 5439 nobis
1341 5371 1535 5456 nostrisque
1564 5371 1773 5450 heredibus,
1799 5373 1860 5438 aut
1883 5371 1939 5437 oui
1963 5371 2101 5440 brebem
2124 5371 2189 5439 iste
2212 5371 2249 5438 in
2273 5389 2407 5440 manum

559 5533 727 5620 paruerit,
753 5531 882 5615 biginti
907 5529 983 5596 auri
1005 5525 1107 5596 solidi
1131 5525 1365 5602 constantini,
1391 5527 1425 5592 et
1449 5524 1567 5591 omnia
1589 5523 1827 5609 suprascripta
1857 5540 1920 5608 per
1950 5522 2069 5590 invitis
2095 5521 2195 5590 nobis
2217 5524 2408 5608 compliret.

557 5685 650 5771 quod
673 5681 794 5750 scribsi
818 5684 909 5750 hunc
933 5681 1072 5750 brebem
1094 5695 1161 5763 ego
1184 5633 1495 5763 perimmanis,
1521 5675 1580 5762 qui
1604 5674 1758 5744 interfui.

673 5851 739 5919 ego
762 5831 960 5900 romoaldus
