5286 7098
588 606 627 664 78
1251 582 1415 666 CODEX
1457 583 1691 656 unvuusts

546 851 635 910 mee,
662 835 699 898 ut
723 832 752 897 si
777 829 992 898 merentibus
1015 828 1166 913 peccatis
1188 832 1222 893 et
1245 825 1319 911 ipse
1341 826 1434 891 filius
1458 841 1555 891 meus
1578 824 1633 890 vir
1658 830 1734 892 tuus
1756 831 1836 893 ante
1859 845 1914 894 me
1938 827 2073 907 obierit,
2093 833 2126 896 et
2149 848 2215 914 ego
2230 833 2308 916 post
2323 850 2397 900 eum

542 950 754 1058 remansero,
781 981 898 1064 obligo
918 998 974 1046 me
997 978 1059 1046 tibi
1083 977 1167 1045 dare
1190 978 1346 1062 quartam
1372 976 1505 1059 partem
1523 973 1564 1042 de
1580 973 1658 1058 ipsa
1682 976 1876 1059 portionem
1901 977 2049 1061 predicti
2072 979 2136 1047 tilii
2160 981 2227 1049 mei
2243 983 2310 1049 viri
2335 985 2393 1062 tui,

545 1138 615 1205 tam
637 1135 679 1200 de
701 1133 862 1201 movilem
886 1149 989 1216 quam
1011 1135 1045 1200 et
1066 1131 1109 1199 de
1132 1129 1306 1207 stabilem,
1332 1129 1421 1194 sicut
1444 1146 1505 1211 per
1530 1146 1641 1194 meam
1664 1131 1877 1210 absolutione
1899 1131 1963 1197 tibi
1985 1093 2117 1200 tradita
2132 1137 2196 1212 est,
2214 1137 2249 1202 ct
2268 1137 2396 1204 abeatis

547 1285 627 1352 11100
649 1275 797 1351 firmiter
821 1299 884 1366 per
908 1281 1011 1350 istum
1042 1281 1210 1365 scriptum
1243 1280 1318 1346 sine
1348 1278 1652 1346 contradictionem
1682 1298 1793 1346 meam
1821 1280 1926 1350 etde
1956 1283 2042 1349 meis
2071 1283 2255 1352 heredibus
2285 1287 2395 1371 aliqua

547 1435 823 1504 contradictione
847 1439 908 1501 aut
931 1435 1175 1519 cuiuscumque
1198 1433 1445 1517 requisitione,
1469 1435 1504 1500 et
1526 1451 1592 1498 auc
1630 1434 1799 1499 cartulam
1827 1433 2074 1518 morgincapht
2102 1436 2140 1502 111
2170 1435 2398 1520 supradictam

546 1589 716 1657 rationem
740 1589 786 1656 sit
808 1589 955 1654 firmam.
982 1587 1076 1664 Quod
1101 1589 1135 1653 te
1159 1585 1349 1652 raimelfrid
1374 1584 1618 1651 subdiaconum
1637 1587 1672 1650 01
1688 1585 1862 1664 notarium
1880 1587 2031 1654 scribere
2048 1589 2189 1672 rogavit
2205 1589 2242 1656 in
2257 1590 2400 1658 abellino

547 1758 670 1807 mense
693 1743 728 1806 et
751 1716 1119 1806 indictione'feliciter.

522 1846 523 1849 Ἴ
607 1856 726 1976 †ego
750 1890 882 1958 simeon
904 1889 1074 1974 presbiter

606 2014 634 2125 †
657 2057 731 2141 ego
747 2041 818 2108 riso
842 2039 1023 2124 presbiter.

1316 2557 1647 2636 CCLXXIII.

1332 2805 1386 2880 A.
1424 2804 1474 2881 D.
1513 2801 1616 2880 973.

613 3062 650 3197 Τ
671 3115 710 3178 111
726 3110 866 3177 nomine
880 3109 1013 3176 domini
1028 3127 1118 3176 anno
1134 3108 1398 3195 quadragesimo
1414 3109 1631 3194 principatus
1647 3109 1764 3177 domni
1789 3111 1898 3179 nostri
1917 3113 2034 3196 gisolfi
2056 3115 2201 3196 gloriosi
2221 3116 2400 3201 principis,

553 3279 673 3331 mense
688 3263 870 3333 ianuarius
884 3264 998 3348 prima
1013 3262 1215 3331 indictione.
1235 3261 1312 3331 ideo
1328 3280 1393 3346 que
1409 3279 1476 3346 ego
1490 3265 1635 3348 lupenus
1650 3264 1869 3332 amalfitanus
1885 3264 1976 3332 filius
1991 3265 2086 3350 sergi
2102 3265 2145 3333 de
2161 3285 2202 3333 eo
2224 3268 2314 3353 quod
2325 3272 2402 3336 ante

557 3415 745 3502 supscripti
761 3415 934 3483 nobilibus
950 3417 1044 3484 intus
1060 3417 1152 3484 cibes
1174 3419 1322 3515 salerno,
1347 3433 1439 3484 vona
1459 3417 1583 3483 etenim
1607 3435 1683 3485 mea
1706 3420 1892 3486 volumtate
1915 3436 1978 3502 per
2001 3421 2092 3487 hanc
2121 3422 2290 3488 cartulam
2316 3421 2403 3490 dono

555 3566 667 3651 adque
683 3564 848 3642 confirmo
863 3567 927 3632 tibi
943 3567 1032 3635 100111
1051 3585 1239 3652 germanus
1254 3586 1347 3637 meus
1364 3570 1437 3634 tota
1452 3571 1487 3636 et
1503 3568 1621 3635 inclita
1637 3569 1825 3636 sortionem
1848 3587 1960 3636 meam
1982 3568 2023 3638 de
2047 3587 2103 3637 res
2126 3588 2219 3648 mea,
2239 3574 2401 3655 quantum

556 3719 753 3801 quantoque
768 3716 875 3783 michi
890 3717 1038 3803 pertinet
1054 3720 1182 3788 habere
1196 3717 1242 3786 da
1257 3717 1491 3804 suprascripto
1508 3719 1703 3802 genitorem
1721 3721 1874 3790 nostrum
1890 3720 2056 3788 inlocum
2072 3722 2158 3789 sonti
2183 3722 2227 3789 ad
2250 3725 2405 3790 sanctum

555 3871 659 3938 felici.
680 3871 768 3949 ide0‚
788 3871 877 3938 sicut
891 3871 1049 3956 superius
1063 3869 1206 3956 legitur,
1219 3871 1294 3938 tota
1308 3871 1428 3937 inclita
1443 3871 1642 3955 supradicta
1656 3874 1777 3941 nostra
1791 3873 1977 3941 donatione
2000 3876 2240 3964 suprascripta
2263 3893 2318 3942 res
2341 3876 2403 3945 tibi

554 4020 709 4089 iamdicti
726 4023 817 4090 leoni
834 4022 962 4090 donabi
978 4042 1056 4090 cum
1071 4023 1152 4092 finis
1167 4026 1202 4091 et
1218 4023 1283 4090 biis
1298 4024 1370 4091 suis
1385 4026 1421 4091 et
1434 4025 1552 4091 omnia
1567 4023 1658 4091 intra
1673 4043 1710 4092 se
1733 4025 1939 4094 habentibus
1963 4027 2186 4111 omnibusque
2209 4027 2279 4094 suis
2301 4027 2405 4112 perti-

555 4176 694 4253 nentiis,
710 4176 788 4243 illut
803 4176 899 4244 vobis
912 4175 1113 4242 donabimus
1128 4174 1172 4242 ad
1189 4177 1355 4244 securiter
1370 4179 1404 4243 et
1419 4177 1565 4243 firmiter
1581 4177 1729 4244 hamodo
1744 4182 1779 4244 et
1795 4197 1930 4262 semper
1946 4181 2010 4245 hec
2026 4179 2184 4263 predicta
2205 4181 2323 4245 nostra
2339 4177 2402 4248 do-

521 4343 527 4366 *
554 4329 698 4395 natione
714 4329 791 4394 illut
806 4329 938 4397 abeatis
953 4329 988 4396 et
1003 4328 1216 4413 possideatis,
1235 4329 1308 4395 tam
1326 4331 1384 4394 bos
1400 4346 1500 4412 quam
1517 4331 1552 4396 et
1567 4330 1692 4396 vestris
1708 4307 2402 4414 010(111110,01011111101110110011,ουοά

557 4479 749 4546 volueritis.
769 4480 860 4548 unde
875 4499 939 4564 pro
955 4483 1045 4549 hanc
1061 4485 1182 4550 nostra
1197 4481 1383 4549 donatione
1398 4481 1619 4564 firmandum,
1633 4501 1727 4549 nunc
1742 4501 1764 4550 a
1779 4483 1947 4569 presentis
1962 4484 2054 4550 iusta
2069 4485 2182 4568 tegern
2206 4483 2321 4567 recepi
2336 4500 2357 4548 a
2371 4487 2403 4549 te

560 4631 758 4698 nominatus
774 4633 826 4698 100
842 4651 1028 4716 germanus
1043 4652 1140 4702 meus
1156 4634 1326 4718 launegilt
1341 4633 1468 4700 camiso
1484 4651 1565 4700 uno:
1583 4633 1748 4716 finitoque
1763 4637 1884 4703 nostra
1898 4635 2084 4702 donatione
2107 4653 2168 4720 per
2190 4635 2403 4720 supsceptum

560 4787 732 4872 launegitt
747 4807 787 4854 ea
804 4788 940 4873 quidem
958 4791 1094 4858 ratione
1109 4791 1226 4874 obligo
1241 4810 1296 4859 1110
1311 4792 1346 4858 01
1361 4790 1447 4873 meis
1463 4789 1657 4868 heredibus,
1675 4789 1798 4856 amodo
1813 4792 1847 4856 et
1862 4806 1999 4873 semper
2015 4790 2091 4873 ipsa
2112 4790 2231 4857 nostra
2253 4785 2404 4854 donatio·

560 4957 616 5019 ne,
634 4944 673 5008 ut
688 4939 814 5008 dudum
831 4941 962 5009 dictum
978 4945 1040 5020 est,
1059 4942 1296 5011 antistandum
1313 4945 1347 5012 et
1362 4941 1608 5011 defensandum
1624 4943 1688 5008 tibi
1702 4942 1880 5008 nominato
1895 4941 1987 5050 leoni
2002 4959 2104 5025 quam
2120 4943 2155 5006 et
2169 4939 2213 5006 ad
2231 4939 2300 5007 tuis
2312 4939 2404 5003 here·

557 5091 660 5160 dibus
677 5094 722 5159 ab
745 5092 903 5159 omnibus
927 5091 1125 5158 hominibus
1148 5091 1310 5177 omnique
1332 5092 1501 5175 partibus.
1520 5090 1609 5175 quod
1633 5091 1662 5156 si
1686 5091 1801 5157 taliter
1827 5107 1964 5174 semper
1987 5090 2065 5174 ipsa
2087 5091 2204 5156 nostra
2225 5087 2405 5155 donatione
2471 5171 2476 5180 Ι

561 5245 660 5312 vobis
675 5263 746 5312 non
761 5245 1067 5324 defensaberimus
1086 5247 1147 5311 aut
1162 5245 1191 5310 si
1207 5263 1270 5312 nos
1287 5243 1352 5328 ipsi
1371 5243 1533 5310 forsitans
1548 5261 1611 5327 per
1626 5244 1746 5327 quabis
1763 5240 1874 5309 modis
1890 5238 2406 5309 1111110110101011111101011010

562 5397 648 5460 haut
663 5398 824 5462 contrare
839 5413 900 5463 seu
915 5397 1094 5462 remobere
1108 5394 1347 5479 quesierimus
1366 5397 1445 5460 tunc
1460 5395 1612 5477 primurn
1628 5393 1779 5460 omnium
1797 5393 1933 5477 questio
1949 5394 1984 5460 et
1997 5389 2149 5457 causatio
2165 5391 2288 5455 nostra
2303 5385 2407 5454 modis

564 5547 725 5613 omnibus
740 5547 785 5614 sit
800 5547 926 5614 exinde
941 5548 1095 5614 tacitast
1112 5548 1221 5612 bacua
1237 5547 1322 5629 aput
1337 5564 1397 5611 vos
1413 5562 1627 5631 maneamus3
1644 5547 1677 5613 et
1692 5549 1874 5629 sequenter
1890 5543 1927 5611 in
1950 5545 2007 5610 lex
2030 5540 2243 5626 langobardo
2264 5539 2409 5606 continet

565 5697 608 5764 de
624 5695 752 5764 donum
769 5701 803 5764 01
818 5699 1001 5782 launegilt‚
1020 5700 1071 5766 ita
1086 5716 1150 5767 1100
1165 5701 1200 5766 01
1216 5697 1345 5765 nostris
1366 5695 1524 5765 creditus
1547 5696 1643 5762 101110
1665 5695 1858 5780 vestrisque
1882 5693 2065 5764 heredibus
2087 5693 2360 5778 repromittimus
2380 5691 2409 5756 et

560 5851 757 5936 obligamus
773 5852 965 5936 adimplere
982 5851 1123 5919 iustitia.
1143 5857 1176 5918 01
1192 5847 1224 5917 01
1237 5852 1356 5920 taliter
1369 5850 1498 5928 omnia,
1514 5852 1552 5915 ut
1566 5851 1724 5934 superius
1740 5851 1881 5934 legitur,
1896 5849 1994 5916 bobis
2008 5865 2076 5915 nou
2094 5846 2406 5930 adimpleberimus
