5216 7092
584 499 647 634 111
696 619 700 628 .
1256 507 1419 620 oouxx
1457 547 1690 620 1111111111

536 807 570 869 11
594 799 711 868 omnia
733 795 860 865 exinde
883 794 1077 862 faciendum
1102 810 1168 878 que
1191 789 1489 894 volueritisUnde
1505 808 1569 876 pro
1584 793 1858 862 confirmandam
1883 798 1918 862 et
1939 798 2215 868 stavilisccndam
2228 804 2315 870 hanc
2329 826 2383 874 no

415 967 420 976 ·
537 957 647 1022 stram
664 949 908 1018 bindictionem
925 945 1129 1032 aprescntis
1140 945 1334 1029 recepimus
1349 946 1414 1010 ate
1430 942 1556 1011 exinde
1572 945 1739 1012 statutum
1756 948 1919 1031 pretium,
1934 955 2049 1032 ysunt
2066 953 2143 1020 auri
2159 953 2258 1021 solidi
2270 954 2310 1024 de
2321 955 2381 1025 tari

536 1123 717 1172 numerum
732 1101 995 1190 quinquaginta,
1011 1099 1100 1167 sicut
1112 1098 1204 1165 inter
1221 1115 1284 1164 nos
1300 1096 1473 1163 combenit
1488 1096 1524 1162 in
1537 1112 1656 1165 omnes
1667 1096 1927 1168 deliberatione:
1942 1104 2109 1190 finitoque
2121 1108 2268 1191 pretium
2280 1108 2381 1192 ipsum

535 1262 620 1347 aput
635 1275 700 1325 nos
716 1275 760 1324 ea
774 1255 920 1331 ratione,
939 1253 1081 1336 hobligo
1097 1270 1151 1319 me
1166 1248 1225 1335 qui
1242 1267 1350 1333 supra
1366 1249 1523 1332 areghisi
1547 1251 1582 1316 et
1601 1251 1686 1318 meis
1709 1251 1893 1321 heredibus
1916 1255 1978 1321 tibi
2002 1257 2144 1324 iohanni
2171 1276 2270 1343 quam
2293 1263 2325 1329 et
2345 1262 2384 1329 ad

535 1411 606 1480 tuis
621 1409 807 1478 heredibus
823 1405 1026 1491 supradicta
1041 1405 1160 1470 nostra
1175 1401 1397 1479 vindictione‚
1417 1403 1456 1468 ut
1470 1401 1599 1468 dictum
1617 1405 1680 1482 est,
1699 1403 1823 1471 amodo
1837 1408 1870 1474 et
1886 1424 2023 1492 semper
2038 1409 2274 1479 antistandum
2288 1417 2321 1480 et
2333 1415 2384 1482 de-

535 1563 737 1635 fensandum
753 1582 775 1630 a
790 1579 872 1647 pars
888 1558 1010 1625 uxoris
1026 1575 1102 1626 mee
1118 1558 1152 1623 et
1170 1557 1213 1622 ab
1230 1555 1388 1623 omnibus
1403 1554 1577 1621 ominibus
1593 1556 1753 1640 omnique
1769 1558 1937 1642 partibus,
1952 1563 2007 1628 cui
2021 1563 2073 1630 uel
2086 1565 2144 1630 ubi
2157 1581 2220 1650 per
2235 1583 2296 1632 nos
2308 1567 2380 1634 illud

436 1711 438 1715 ’
538 1721 594 1786 vel
619 1715 745 1786 exinde
762 1714 881 1782 datum
899 1714 960 1780 aut
976 1712 1169 1796 obligatum
1185 1727 1245 1779 seu
1259 1711 1459 1794 tinguatum
1476 1711 1531 1777 vel
1554 1711 1814 1778 manifestatum
1838 1715 2007 1798 paruerit,
2026 1718 2081 1783 vel
2104 1716 2162 1802 qui
2185 1735 2251 1802 pro
2272 1722 2388 1789 nostris

540 1869 696 1957 partibus
712 1871 771 1935 aut
786 1886 851 1953 pro
866 1884 948 1952 pars
964 1866 1074 1950 ipsius
1091 1864 1211 1932 uxoris
1228 1881 1303 1931 mee
1319 1863 1500 1931 emiserint
1514 1863 1611 1930 uobis
1634 1864 1760 1932 exinde
1782 1865 2017 1953 quodcumque
2040 1871 2269 1939 causationes.
2284 1873 2313 1939 si
2335 1891 2386 1939 au·
2422 1853 2428 1872 ’

537 2030 620 2102 tem,
638 1983 703 2093 etc.
728 2020 889 2106 Sequitur
907 2022 1062 2104 somnulc
1077 2022 1246 2090 consuetu.
1270 2021 1333 2093 Qui
1350 2022 1460 2102 pacto
1473 2035 1542 2084 noa
1564 2022 1685 2093 servet,
1700 2021 1870 2088 multatur
1892 2025 2025 2089 contum
2049 2025 2166 2090 aurcis
2188 2025 2307 2094 solua
2320 2045 2387 2094 con-

532 2177 770 2248 stanttulunts.
798 2177 833 2243 et
856 2163 992 2260 quando
1015 2191 1097 2260 pars
1120 2173 1231 2258 ipsius
1253 2173 1420 2258 episcopii
1445 2190 1507 2240 vos
1530 2174 1706 2257 vestrique
1728 2172 1873 2241 heredes
1896 2173 2111 2244 defensorem
2134 2178 2242 2244 abere
2272 2181 2391 2264 quasia

534 2331 614 2398 ritis
630 2329 673 2398 dc
689 2330 768 2414 ipsa
783 2331 895 2407 rebus,
915 2329 1011 2406 tunc,
1030 2325 1332 2410 quemammodum
1348 2324 1448 2393 nobis
1463 2344 1547 2410 pars
1570 2325 1679 2410 ipsius
1703 2327 1870 2412 episcopii
1893 2329 1997 2396 rebus
2020 2329 2097 2414 ipsa
2112 2329 2301 2398 secundum
2322 2333 2389 2416 ipsa

535 2485 669 2551 cartula
685 2480 870 2549 defendere
887 2482 922 2547 et
935 2479 1126 2563 adimplere
1140 2477 1253 2556 deret,
1272 2477 1391 2545 eodem
1409 2477 1509 2544 modo
1525 2477 1620 2544 illam
1638 2476 1735 2545 vobis
1751 2477 1915 2545 defendat
1931 2498 2014 2564 pars
2038 2480 2145 2566 ipsius
2167 2482 2343 2566 episcopii,
2359 2485 2389 2550 et

535 2633 735 2720 adimplead
753 2633 860 2711 vobis,
879 2630 1181 2718 quemammodum
1196 2631 1297 2698 nobis
1313 2629 1497 2699 defendere
1513 2633 1548 2696 et
1565 2629 1755 2715 adimplere
1770 2629 1893 2714 1111111,
1914 2648 1954 2698 eo
1977 2631 2067 2716 quod
2090 2634 2141 2702 sic
2155 2634 2309 2700 continet
2322 2635 2389 2718 ipsa
2422 2687 2426 2696 .

534 2789 670 2853 cartula
694 2783 983 2861 commutationis,
1010 2787 1048 2850 ut
1070 2784 1171 2850 nobis
1195 2783 1392 2867 nostrisque
1414 2780 1609 2862 heredibus,
1629 2785 1663 2850 et
1679 2781 1733 2848 cui
1750 2801 1813 2866 per
1835 2800 1898 2850 nos
1921 2782 2004 2850 data
2026 2785 2196 2869 paruerit,
2216 2787 2252 2852 et
2268 2784 2387 2854 adeius

535 2939 679 3008 heredes
703 2940 806 3005 rebus
830 2938 909 3023 ipsa
932 2935 1143 3024 defensaret3
1162 2955 1184 3002 a
1208 2953 1275 3020 quo
1298 2939 1415 3003 autom
1440 2937 1543 3003 rebus
1567 2935 1645 3020 ipsa
1668 2955 1729 3021 per
1753 2935 1821 3002 ista
1837 2937 1971 3002 cartula
1986 2936 2083 3004 vobis
2098 2937 2384 3016 venumdedimus,

532 3093 621 3160 sicut
643 3092 809 3170 diximus,
828 3089 967 3176 quando
983 3108 1065 3174 pars
1088 3090 1200 3174 ipsius
1215 3089 1382 3174 episcopii
1400 3089 1614 3158 defensorem
1631 3059 1758 3156 exinde
1773 3090 1901 3158 habere
1918 3089 2108 3169 uolueritis,
2127 3089 2285 3157 defenset
2299 3093 2388 3158 vobis

535 3250 637 3314 rebus
660 3246 747 3330 ipsa,
766 3245 855 3312 sicut
878 3245 975 3312 illam
998 3244 1098 3311 nobis
1122 3243 1307 3311 defendere
1330 3242 1500 3322 debuerit,
1527 3245 1620 3312 velut
1642 3243 1719 3329 ipsa
1742 3246 1880 3311 cartula
1902 3244 2065 3312 continet.
2091 3243 2191 3312 Unde
2216 3243 2258 3312 de
2280 3244 2388 3310 omnia

533 3398 774 3484 suprascripta
795 3415 859 3482 per
884 3396 1119 3480 suprascripto
1143 3395 1265 3464 ordine
1288 3396 1385 3462 vobis
1409 3394 1682 3479 adimplendum,
1699 3395 1831 3480 guadia
1847 3396 1944 3462 vobis
1959 3395 2085 3463 exinde
2101 3395 2263 3466 dedimus
2277 3401 2310 3464 et
2325 3414 2386 3464 me·

532 3552 669 3620 diatore
692 3551 787 3620 vobis
809 3551 988 3635 posuimus
1012 3549 1172 3618 alerisius
1196 3567 1310 3618 comes
1333 3551 1426 3618 iilius
1448 3551 1595 3619 dauferi.
1622 3557 1730 3636 quam
1750 3553 1786 3619 te
1809 3549 2031 3636 aghenardus
2054 3551 2215 3619 notarius
2245 3551 2386 3619 scribere

421 3691 422 3694 '
530 3705 745 3790 rogabimus.
772 3707 888 3770 actum
911 3705 1061 3772 salerno.
1626 3701 1631 3712 ’
1835 3754 1852 3792 x

584 3828 615 3942 †
638 3861 714 3941 Ego
738 3856 934 3941 grimoaldo

584 3981 614 4094 †
636 4012 713 4096 Ego
735 4009 850 4094 pando

584 4135 612 4248 †
636 4168 711 4248 Ego
736 4163 839 4264 lando

1324 4673 1593 4752 CCCLIII.

1319 4902 1374 4979 A.
1413 4902 1464 4980 D.
1501 4899 1604 4980 983.

587 5156 684 5295 Ila
708 5209 849 5296 nomine
874 5207 1005 5277 domini
1030 5210 1181 5278 secundo
1205 5230 1297 5278 anno
1320 5212 1537 5296 principatus
1559 5211 1676 5280 domni
1701 5213 1813 5280 nostri
1840 5209 2007 5281 mansoni
2026 5211 2222 5298 imperialis
2254 5208 2391 5294 patricii

527 5364 562 5426 et
586 5359 703 5426 domni
729 5361 873 5429 iohanni
897 5363 970 5431 eius
992 5362 1065 5430 illio
1089 5347 1233 5447 gloriosi
1256 5363 1496 5448 principibus,
1523 5383 1640 5433 mense
1669 5363 1797 5434 abrelis
1823 5364 2007 5433 undecima
2033 5363 2238 5432 indictione.
2267 5382 2391 5434 memo

524 5514 696 5580 ratorium
724 5515 817 5600 factu
840 5534 861 5581 a
884 5535 939 5583 me
965 5517 1159 5586 romoaldus
1182 5519 1255 5588 filio
1278 5518 1452 5604 quondam
1478 5519 1567 5586 leoni
1590 5519 1715 5598 franci,
1733 5537 1773 5589 eo
1788 5519 1878 5605 quod
1902 5522 1985 5588 ante
2007 5519 2193 5604 subscripti
2218 5521 2392 5589 nobilibus

526 5683 589 5751 per
613 5668 704 5734 bona
727 5669 982 5737 combenientia
1005 5669 1150 5737 tradidit
1173 5670 1259 5738 mihi
1285 5673 1478 5754 guaiferius
1500 5670 1593 5738 lilius
1616 5672 1787 5758 quondam
1813 5671 1984 5758 guaimari
2000 5674 2135 5740 comitis
2151 5674 2254 5742 terra
2270 5672 2391 5742 suade

530 5815 624 5899 intus
647 5821 738 5886 hanc
762 5821 974 5888 salernitana
998 5822 1174 5892 cibitatem
1199 5825 1317 5892 subtus
1340 5825 1487 5893 ecclesia
1508 5824 1619 5894 sancti
1644 5827 1799 5906 maximi,
1825 5825 1914 5912 quod
1938 5826 2039 5893 modo
2061 5843 2128 5910 ego
2151 5825 2287 5894 ibidem
2312 5841 2393 5893 casa
