<?xml version="1.0" encoding="UTF-8"?>
<!DOCTYPE html PUBLIC "-//W3C//DTD XHTML 1.0 Transitional//EN"
    "http://www.w3.org/TR/xhtml1/DTD/xhtml1-transitional.dtd">
<html xmlns="http://www.w3.org/1999/xhtml" xml:lang="en" lang="en">
 <head>
  <title>
</title>
<meta http-equiv="Content-Type" content="text/html;charset=utf-8" />
  <meta name='ocr-system' content='tesseract 3.04.00' />
  <meta name='ocr-capabilities' content='ocr_page ocr_carea ocr_par ocr_line ocrx_word'/>
</head>
<body>
  <div class='ocr_page' id='page_1' title='image "./codexdiplomatic07aragoog_0247.png"; bbox 0 0 5216 7092; ppageno 0'>
   <div class='ocr_carea' id='block_1_1' title="bbox 598 544 1697 632">
    <p class='ocr_par' dir='ltr' id='par_1_1' title="bbox 598 544 1697 632">
     <span class='ocr_line' id='line_1_1' title="bbox 598 544 1697 632; baseline -0.017 1"><span class='ocrx_word' id='word_1_1' title='bbox 598 570 658 632; x_wconf 85' lang='lat'>178</span> <span class='ocrx_word' id='word_1_2' title='bbox 1262 544 1423 616; x_wconf 81' lang='lat' dir='ltr'>CODEX</span> <span class='ocrx_word' id='word_1_3' title='bbox 1464 544 1697 615; x_wconf 83' lang='lat' dir='ltr'>CAVENSIS</span> 
     </span>
    </p>
   </div>
   <div class='ocr_carea' id='block_1_2' title="bbox 491 785 2409 4062">
    <p class='ocr_par' dir='ltr' id='par_1_2' title="bbox 491 785 2409 4062">
     <span class='ocr_line' id='line_1_2' title="bbox 548 785 2402 884; baseline -0.006 -18"><span class='ocrx_word' id='word_1_4' title='bbox 548 801 678 884; x_wconf 90' lang='lat' dir='ltr'>populo</span> <span class='ocrx_word' id='word_1_5' title='bbox 694 795 846 872; x_wconf 70' lang='lat' dir='ltr'>venecia</span> <span class='ocrx_word' id='word_1_6' title='bbox 865 811 1010 878; x_wconf 92' lang='lat' dir='ltr'>quorum</span> <span class='ocrx_word' id='word_1_7' title='bbox 1030 807 1155 857; x_wconf 89' lang='lat' dir='ltr'>manus</span> <span class='ocrx_word' id='word_1_8' title='bbox 1178 787 1388 872; x_wconf 91' lang='lat' dir='ltr'>optimorum</span> <span class='ocrx_word' id='word_1_9' title='bbox 1412 787 1539 872; x_wconf 89' lang='lat' dir='ltr'>partim</span> <span class='ocrx_word' id='word_1_10' title='bbox 1563 787 1607 853; x_wconf 92' lang='lat' dir='ltr'>ob</span> <span class='ocrx_word' id='word_1_11' title='bbox 1621 786 1798 854; x_wconf 87' lang='lat' dir='ltr'>firmitatis</span> <span class='ocrx_word' id='word_1_12' title='bbox 1821 785 1953 854; x_wconf 90' lang='lat' dir='ltr'>indicia</span> <span class='ocrx_word' id='word_1_13' title='bbox 1975 789 2092 855; x_wconf 78' lang='lat' dir='ltr'>subter</span> <span class='ocrx_word' id='word_1_14' title='bbox 2115 785 2287 870; x_wconf 82' lang='lat' dir='ltr'>adscripta</span> <span class='ocrx_word' id='word_1_15' title='bbox 2310 791 2402 868; x_wconf 92' lang='lat' dir='ltr'>sunt,</span> 
     </span>
     <span class='ocr_line' id='line_1_3' title="bbox 549 941 2404 1035; baseline -0.005 -13"><span class='ocrx_word' id='word_1_16' title='bbox 549 971 728 1022; x_wconf 80' lang='lat' dir='ltr'>assensum</span> <span class='ocrx_word' id='word_1_17' title='bbox 744 947 928 1035; x_wconf 92' lang='lat' dir='ltr'>peticionis</span> <span class='ocrx_word' id='word_1_18' title='bbox 944 948 1002 1016; x_wconf 88' lang='lat' dir='ltr'>tue</span> <span class='ocrx_word' id='word_1_19' title='bbox 1016 963 1094 1013; x_wconf 92' lang='lat' dir='ltr'>cum</span> <span class='ocrx_word' id='word_1_20' title='bbox 1111 942 1363 1012; x_wconf 88' lang='lat' dir='ltr'>successoribus</span> <span class='ocrx_word' id='word_1_21' title='bbox 1377 941 1508 1010; x_wconf 86' lang='lat' dir='ltr'>nostris</span> <span class='ocrx_word' id='word_1_22' title='bbox 1524 944 1652 1008; x_wconf 90' lang='lat' dir='ltr'>Damus</span> <span class='ocrx_word' id='word_1_23' title='bbox 1674 941 1832 1009; x_wconf 90' lang='lat' dir='ltr'>eamdem</span> <span class='ocrx_word' id='word_1_24' title='bbox 1855 943 2036 1011; x_wconf 88' lang='lat' dir='ltr'>ecclesiam</span> <span class='ocrx_word' id='word_1_25' title='bbox 2060 943 2306 1028; x_wconf 79' lang='lat' dir='ltr'>perpetualiter</span> <span class='ocrx_word' id='word_1_26' title='bbox 2329 943 2404 1012; x_wconf 84' lang='lat' dir='ltr'>lteri</span> 
     </span>
     <span class='ocr_line' id='line_1_4' title="bbox 549 1094 2404 1183; baseline -0.004 -10"><span class='ocrx_word' id='word_1_27' title='bbox 549 1104 795 1174; x_wconf 88' lang='lat' dir='ltr'>monasterium</span> <span class='ocrx_word' id='word_1_28' title='bbox 812 1101 857 1170; x_wconf 90' lang='lat' dir='ltr'>ad</span> <span class='ocrx_word' id='word_1_29' title='bbox 874 1099 1009 1170; x_wconf 85' lang='lat' dir='ltr'>laudem</span> <span class='ocrx_word' id='word_1_30' title='bbox 1027 1097 1274 1183; x_wconf 84' lang='lat' dir='ltr'>omnipotentis</span> <span class='ocrx_word' id='word_1_31' title='bbox 1289 1094 1345 1164; x_wconf 93' lang='lat' dir='ltr'>dei</span> <span class='ocrx_word' id='word_1_32' title='bbox 1362 1097 1398 1162; x_wconf 94' lang='lat' dir='ltr'>et</span> <span class='ocrx_word' id='word_1_33' title='bbox 1419 1095 1538 1162; x_wconf 90' lang='lat' dir='ltr'>nostre</span> <span class='ocrx_word' id='word_1_34' title='bbox 1554 1095 1669 1178; x_wconf 89' lang='lat' dir='ltr'>patrie</span> <span class='ocrx_word' id='word_1_35' title='bbox 1691 1094 1890 1174; x_wconf 85' lang='lat' dir='ltr'>tuicionem,</span> <span class='ocrx_word' id='word_1_36' title='bbox 1908 1099 1962 1164; x_wconf 89' lang='lat' dir='ltr'>lta</span> <span class='ocrx_word' id='word_1_37' title='bbox 1983 1099 2023 1162; x_wconf 92' lang='lat' dir='ltr'>ut</span> <span class='ocrx_word' id='word_1_38' title='bbox 2044 1099 2082 1163; x_wconf 90' lang='lat' dir='ltr'>tu</span> <span class='ocrx_word' id='word_1_39' title='bbox 2105 1095 2264 1166; x_wconf 90' lang='lat' dir='ltr'>omnibus</span> <span class='ocrx_word' id='word_1_40' title='bbox 2285 1095 2404 1165; x_wconf 91' lang='lat' dir='ltr'>diebus</span> 
     </span>
     <span class='ocr_line' id='line_1_5' title="bbox 549 1243 2405 1350; baseline -0.004 -28"><span class='ocrx_word' id='word_1_41' title='bbox 549 1257 618 1324; x_wconf 91' lang='lat' dir='ltr'>vite</span> <span class='ocrx_word' id='word_1_42' title='bbox 633 1256 692 1322; x_wconf 90' lang='lat' dir='ltr'>tue</span> <span class='ocrx_word' id='word_1_43' title='bbox 708 1251 869 1320; x_wconf 89' lang='lat' dir='ltr'>monachi</span> <span class='ocrx_word' id='word_1_44' title='bbox 885 1269 964 1317; x_wconf 92' lang='lat' dir='ltr'>cum</span> <span class='ocrx_word' id='word_1_45' title='bbox 979 1266 1111 1316; x_wconf 90' lang='lat' dir='ltr'>morem</span> <span class='ocrx_word' id='word_1_46' title='bbox 1129 1264 1201 1314; x_wconf 88' lang='lat' dir='ltr'>una</span> <span class='ocrx_word' id='word_1_47' title='bbox 1217 1261 1295 1312; x_wconf 93' lang='lat' dir='ltr'>cum</span> <span class='ocrx_word' id='word_1_48' title='bbox 1311 1248 1486 1312; x_wconf 90' lang='lat' dir='ltr'>catervam</span> <span class='ocrx_word' id='word_1_49' title='bbox 1502 1243 1608 1311; x_wconf 91' lang='lat' dir='ltr'>cristo</span> <span class='ocrx_word' id='word_1_50' title='bbox 1618 1244 1832 1350; x_wconf 86' lang='lat' dir='ltr'>¹servituram</span> <span class='ocrx_word' id='word_1_51' title='bbox 1850 1245 1940 1312; x_wconf 87' lang='lat' dir='ltr'>iusta</span> <span class='ocrx_word' id='word_1_52' title='bbox 1962 1243 2204 1313; x_wconf 90' lang='lat' dir='ltr'>discretionem</span> <span class='ocrx_word' id='word_1_53' title='bbox 2221 1245 2319 1314; x_wconf 87' lang='lat' dir='ltr'>adeo</span> <span class='ocrx_word' id='word_1_54' title='bbox 2342 1247 2405 1314; x_wconf 91' lang='lat' dir='ltr'>tibi</span> 
     </span>
     <span class='ocr_line' id='line_1_6' title="bbox 548 1394 2406 1488; baseline -0.005 -15"><span class='ocrx_word' id='word_1_55' title='bbox 548 1403 714 1474; x_wconf 88' lang='lat' dir='ltr'>traditam</span> <span class='ocrx_word' id='word_1_56' title='bbox 731 1401 779 1470; x_wconf 93' lang='lat' dir='ltr'>ibi</span> <span class='ocrx_word' id='word_1_57' title='bbox 796 1398 998 1487; x_wconf 79' lang='lat' dir='ltr'>potestative</span> <span class='ocrx_word' id='word_1_58' title='bbox 1012 1397 1177 1466; x_wconf 89' lang='lat' dir='ltr'>ordinare</span> <span class='ocrx_word' id='word_1_59' title='bbox 1191 1395 1318 1465; x_wconf 82' lang='lat' dir='ltr'>debeas</span> <span class='ocrx_word' id='word_1_60' title='bbox 1340 1394 1417 1488; x_wconf 87' lang='lat' dir='ltr'>sine</span> <span class='ocrx_word' id='word_1_61' title='bbox 1437 1395 1559 1462; x_wconf 87' lang='lat' dir='ltr'>nostra</span> <span class='ocrx_word' id='word_1_62' title='bbox 1581 1396 1636 1462; x_wconf 92' lang='lat' dir='ltr'>vel</span> <span class='ocrx_word' id='word_1_63' title='bbox 1660 1411 1895 1462; x_wconf 87' lang='lat' dir='ltr'>successorum</span> <span class='ocrx_word' id='word_1_64' title='bbox 1919 1396 2117 1462; x_wconf 90' lang='lat' dir='ltr'>nostrorum</span> <span class='ocrx_word' id='word_1_65' title='bbox 2140 1397 2202 1462; x_wconf 90' lang='lat' dir='ltr'>aut</span> <span class='ocrx_word' id='word_1_66' title='bbox 2223 1396 2406 1466; x_wconf 89' lang='lat' dir='ltr'>cuiuslibet</span> 
     </span>
     <span class='ocr_line' id='line_1_7' title="bbox 551 1545 2401 1634; baseline -0.005 -8"><span class='ocrx_word' id='word_1_67' title='bbox 551 1557 706 1626; x_wconf 90' lang='lat' dir='ltr'>hominis</span> <span class='ocrx_word' id='word_1_68' title='bbox 722 1554 967 1622; x_wconf 83' lang='lat' dir='ltr'>contrarietate</span> <span class='ocrx_word' id='word_1_69' title='bbox 982 1552 1064 1620; x_wconf 87' lang='lat' dir='ltr'>Gum</span> <span class='ocrx_word' id='word_1_70' title='bbox 1079 1551 1151 1617; x_wconf 91' lang='lat' dir='ltr'>toto</span> <span class='ocrx_word' id='word_1_71' title='bbox 1166 1547 1345 1626; x_wconf 88' lang='lat' dir='ltr'>hedifici0,</span> <span class='ocrx_word' id='word_1_72' title='bbox 1365 1545 1483 1624; x_wconf 92' lang='lat' dir='ltr'>libris,</span> <span class='ocrx_word' id='word_1_73' title='bbox 1503 1547 1669 1615; x_wconf 83' lang='lat' dir='ltr'>thesauro</span> <span class='ocrx_word' id='word_1_74' title='bbox 1691 1548 1727 1614; x_wconf 93' lang='lat' dir='ltr'>et</span> <span class='ocrx_word' id='word_1_75' title='bbox 1742 1548 1847 1616; x_wconf 90' lang='lat' dir='ltr'>vinea</span> <span class='ocrx_word' id='word_1_76' title='bbox 1869 1546 1918 1612; x_wconf 93' lang='lat' dir='ltr'>ibi</span> <span class='ocrx_word' id='word_1_77' title='bbox 1942 1547 2130 1626; x_wconf 86' lang='lat' dir='ltr'>coniunta,</span> <span class='ocrx_word' id='word_1_78' title='bbox 2148 1549 2184 1615; x_wconf 92' lang='lat' dir='ltr'>et</span> <span class='ocrx_word' id='word_1_79' title='bbox 2205 1548 2401 1634; x_wconf 88' lang='lat' dir='ltr'>paludibus,</span> 
     </span>
     <span class='ocr_line' id='line_1_8' title="bbox 551 1697 2407 1792; baseline -0.002 -18"><span class='ocrx_word' id='word_1_80' title='bbox 551 1711 721 1792; x_wconf 88' lang='lat' dir='ltr'>rebusque</span> <span class='ocrx_word' id='word_1_81' title='bbox 736 1705 921 1774; x_wconf 89' lang='lat' dir='ltr'>mobilibus</span> <span class='ocrx_word' id='word_1_82' title='bbox 937 1706 972 1771; x_wconf 88' lang='lat' dir='ltr'>et</span> <span class='ocrx_word' id='word_1_83' title='bbox 985 1702 1222 1770; x_wconf 86' lang='lat' dir='ltr'>immobilibus</span> <span class='ocrx_word' id='word_1_84' title='bbox 1238 1699 1281 1768; x_wconf 90' lang='lat' dir='ltr'>ad</span> <span class='ocrx_word' id='word_1_85' title='bbox 1298 1717 1375 1767; x_wconf 92' lang='lat' dir='ltr'>eam</span> <span class='ocrx_word' id='word_1_86' title='bbox 1392 1697 1659 1784; x_wconf 86' lang='lat' dir='ltr'>pertinentibus,</span> <span class='ocrx_word' id='word_1_87' title='bbox 1674 1698 1762 1775; x_wconf 78' lang='lat' dir='ltr'>Quia</span> <span class='ocrx_word' id='word_1_88' title='bbox 1777 1716 1902 1783; x_wconf 91' lang='lat' dir='ltr'>equum</span> <span class='ocrx_word' id='word_1_89' title='bbox 1919 1701 1985 1776; x_wconf 90' lang='lat' dir='ltr'>est,</span> <span class='ocrx_word' id='word_1_90' title='bbox 1999 1701 2037 1765; x_wconf 92' lang='lat' dir='ltr'>ut</span> <span class='ocrx_word' id='word_1_91' title='bbox 2052 1699 2157 1766; x_wconf 91' lang='lat' dir='ltr'>cristo</span> <span class='ocrx_word' id='word_1_92' title='bbox 2172 1701 2333 1768; x_wconf 84' lang='lat' dir='ltr'>famulari</span> <span class='ocrx_word' id='word_1_93' title='bbox 2349 1700 2407 1770; x_wconf 92' lang='lat' dir='ltr'>de·</span> 
     </span>
     <span class='ocr_line' id='line_1_9' title="bbox 554 1851 2408 1937; baseline -0.003 -8"><span class='ocrx_word' id='word_1_94' title='bbox 554 1859 790 1930; x_wconf 88' lang='lat' dir='ltr'>siderantibus</span> <span class='ocrx_word' id='word_1_95' title='bbox 805 1859 917 1925; x_wconf 89' lang='lat' dir='ltr'>libera</span> <span class='ocrx_word' id='word_1_96' title='bbox 934 1857 972 1924; x_wconf 91' lang='lat' dir='ltr'>in</span> <span class='ocrx_word' id='word_1_97' title='bbox 988 1855 1147 1923; x_wconf 91' lang='lat' dir='ltr'>omnibus</span> <span class='ocrx_word' id='word_1_98' title='bbox 1163 1854 1216 1922; x_wconf 89' lang='lat' dir='ltr'>illi</span> <span class='ocrx_word' id='word_1_99' title='bbox 1232 1851 1405 1921; x_wconf 90' lang='lat' dir='ltr'>serviendi</span> <span class='ocrx_word' id='word_1_100' title='bbox 1423 1852 1598 1920; x_wconf 89' lang='lat' dir='ltr'>tribuatur</span> <span class='ocrx_word' id='word_1_101' title='bbox 1614 1853 1772 1921; x_wconf 82' lang='lat' dir='ltr'>facultas.</span> <span class='ocrx_word' id='word_1_102' title='bbox 1792 1851 1960 1937; x_wconf 82' lang='lat' dir='ltr'>Quicquid</span> <span class='ocrx_word' id='word_1_103' title='bbox 1976 1853 2090 1920; x_wconf 88' lang='lat' dir='ltr'>autem</span> <span class='ocrx_word' id='word_1_104' title='bbox 2107 1855 2144 1919; x_wconf 94' lang='lat' dir='ltr'>tu</span> <span class='ocrx_word' id='word_1_105' title='bbox 2157 1851 2204 1919; x_wconf 91' lang='lat' dir='ltr'>ibi</span> <span class='ocrx_word' id='word_1_106' title='bbox 2221 1851 2358 1921; x_wconf 91' lang='lat' dir='ltr'>dederis</span> <span class='ocrx_word' id='word_1_107' title='bbox 2369 1853 2408 1923; x_wconf 93' lang='lat' dir='ltr'>de</span> 
     </span>
     <span class='ocr_line' id='line_1_10' title="bbox 551 2003 2407 2091; baseline -0.002 -15"><span class='ocrx_word' id='word_1_108' title='bbox 551 2012 621 2079; x_wconf 90' lang='lat' dir='ltr'>tuis</span> <span class='ocrx_word' id='word_1_109' title='bbox 637 2010 871 2086; x_wconf 87' lang='lat' dir='ltr'>facultatibus,</span> <span class='ocrx_word' id='word_1_110' title='bbox 891 2009 949 2076; x_wconf 90' lang='lat' dir='ltr'>aut</span> <span class='ocrx_word' id='word_1_111' title='bbox 964 2009 994 2076; x_wconf 93' lang='lat' dir='ltr'>si</span> <span class='ocrx_word' id='word_1_112' title='bbox 1011 2010 1049 2074; x_wconf 90' lang='lat' dir='ltr'>tu</span> <span class='ocrx_word' id='word_1_113' title='bbox 1064 2025 1142 2074; x_wconf 89' lang='lat' dir='ltr'>eam</span> <span class='ocrx_word' id='word_1_114' title='bbox 1158 2004 1409 2084; x_wconf 90' lang='lat' dir='ltr'>melioraveris,</span> <span class='ocrx_word' id='word_1_115' title='bbox 1428 2006 1545 2072; x_wconf 92' lang='lat' dir='ltr'>nullus</span> <span class='ocrx_word' id='word_1_116' title='bbox 1560 2004 1599 2070; x_wconf 91' lang='lat' dir='ltr'>in</span> <span class='ocrx_word' id='word_1_117' title='bbox 1614 2004 1686 2071; x_wconf 88' lang='lat' dir='ltr'>vita</span> <span class='ocrx_word' id='word_1_118' title='bbox 1701 2005 1754 2072; x_wconf 93' lang='lat' dir='ltr'>vel</span> <span class='ocrx_word' id='word_1_119' title='bbox 1770 2005 1849 2089; x_wconf 90' lang='lat' dir='ltr'>post</span> <span class='ocrx_word' id='word_1_120' title='bbox 1863 2004 2049 2072; x_wconf 86' lang='lat' dir='ltr'>transitum</span> <span class='ocrx_word' id='word_1_121' title='bbox 2065 2007 2161 2071; x_wconf 91' lang='lat' dir='ltr'>tuum</span> <span class='ocrx_word' id='word_1_122' title='bbox 2178 2003 2260 2072; x_wconf 91' lang='lat' dir='ltr'>inde</span> <span class='ocrx_word' id='word_1_123' title='bbox 2276 2005 2407 2091; x_wconf 88' lang='lat' dir='ltr'>aliquid</span> 
     </span>
     <span class='ocr_line' id='line_1_11' title="bbox 557 2153 2409 2246; baseline -0.002 -18"><span class='ocrx_word' id='word_1_124' title='bbox 557 2163 736 2246; x_wconf 90' lang='lat' dir='ltr'>requirere</span> <span class='ocrx_word' id='word_1_125' title='bbox 752 2161 939 2245; x_wconf 89' lang='lat' dir='ltr'>presumat,</span> <span class='ocrx_word' id='word_1_126' title='bbox 958 2158 1015 2226; x_wconf 90' lang='lat' dir='ltr'>sed</span> <span class='ocrx_word' id='word_1_127' title='bbox 1040 2159 1078 2224; x_wconf 86' lang='lat' dir='ltr'>iri</span> <span class='ocrx_word' id='word_1_128' title='bbox 1095 2157 1249 2224; x_wconf 91' lang='lat' dir='ltr'>dominio</span> <span class='ocrx_word' id='word_1_129' title='bbox 1271 2155 1425 2224; x_wconf 91' lang='lat' dir='ltr'>eiusdem</span> <span class='ocrx_word' id='word_1_130' title='bbox 1449 2155 1595 2224; x_wconf 84' lang='lat' dir='ltr'>ecclesie</span> <span class='ocrx_word' id='word_1_131' title='bbox 1616 2173 1720 2240; x_wconf 90' lang='lat' dir='ltr'>quam</span> <span class='ocrx_word' id='word_1_132' title='bbox 1744 2153 1907 2240; x_wconf 89' lang='lat' dir='ltr'>deinceps</span> <span class='ocrx_word' id='word_1_133' title='bbox 1929 2156 2140 2223; x_wconf 91' lang='lat' dir='ltr'>monasterio</span> <span class='ocrx_word' id='word_1_134' title='bbox 2162 2157 2409 2241; x_wconf 88' lang='lat' dir='ltr'>perpetualiter</span> 
     </span>
     <span class='ocr_line' id='line_1_12' title="bbox 555 2307 2408 2395; baseline -0.003 -13"><span class='ocrx_word' id='word_1_135' title='bbox 555 2314 731 2392; x_wconf 89' lang='lat' dir='ltr'>manendi,</span> <span class='ocrx_word' id='word_1_136' title='bbox 750 2313 961 2381; x_wconf 91' lang='lat' dir='ltr'>Ordinamus</span> <span class='ocrx_word' id='word_1_137' title='bbox 977 2328 1115 2395; x_wconf 89' lang='lat' dir='ltr'>semper</span> <span class='ocrx_word' id='word_1_138' title='bbox 1130 2313 1268 2376; x_wconf 90' lang='lat' dir='ltr'>maneat</span> <span class='ocrx_word' id='word_1_139' title='bbox 1285 2307 1328 2374; x_wconf 90' lang='lat' dir='ltr'>ad</span> <span class='ocrx_word' id='word_1_140' title='bbox 1345 2307 1606 2377; x_wconf 89' lang='lat' dir='ltr'>succedencium</span> <span class='ocrx_word' id='word_1_141' title='bbox 1626 2308 1796 2374; x_wconf 85' lang='lat' dir='ltr'>fratruum</span> <span class='ocrx_word' id='word_1_142' title='bbox 1819 2307 2021 2376; x_wconf 89' lang='lat' dir='ltr'>subsidium.</span> <span class='ocrx_word' id='word_1_143' title='bbox 2042 2313 2176 2378; x_wconf 85' lang='lat' dir='ltr'>Verum</span> <span class='ocrx_word' id='word_1_144' title='bbox 2199 2309 2315 2377; x_wconf 92' lang='lat' dir='ltr'>minus</span> <span class='ocrx_word' id='word_1_145' title='bbox 2338 2329 2408 2378; x_wconf 90' lang='lat' dir='ltr'>mo-</span> 
     </span>
     <span class='ocr_line' id='line_1_13' title="bbox 554 2458 2406 2544; baseline -0.003 -10"><span class='ocrx_word' id='word_1_146' title='bbox 554 2466 671 2534; x_wconf 89' lang='lat' dir='ltr'>lestias</span> <span class='ocrx_word' id='word_1_147' title='bbox 686 2467 747 2530; x_wconf 90' lang='lat' dir='ltr'>aut</span> <span class='ocrx_word' id='word_1_148' title='bbox 761 2464 1028 2530; x_wconf 88' lang='lat' dir='ltr'>contrarietates</span> <span class='ocrx_word' id='word_1_149' title='bbox 1043 2460 1144 2528; x_wconf 87' lang='lat' dir='ltr'>nobis</span> <span class='ocrx_word' id='word_1_150' title='bbox 1160 2463 1221 2526; x_wconf 92' lang='lat' dir='ltr'>aut</span> <span class='ocrx_word' id='word_1_151' title='bbox 1236 2459 1490 2527; x_wconf 84' lang='lat' dir='ltr'>successoribus</span> <span class='ocrx_word' id='word_1_152' title='bbox 1506 2458 1635 2525; x_wconf 90' lang='lat' dir='ltr'>nostris</span> <span class='ocrx_word' id='word_1_153' title='bbox 1651 2459 1714 2525; x_wconf 92' lang='lat' dir='ltr'>tibi</span> <span class='ocrx_word' id='word_1_154' title='bbox 1731 2458 1958 2528; x_wconf 87' lang='lat' dir='ltr'>inferentibus</span> <span class='ocrx_word' id='word_1_155' title='bbox 1974 2461 2148 2544; x_wconf 83' lang='lat' dir='ltr'>prelatum</span> <span class='ocrx_word' id='word_1_156' title='bbox 2162 2463 2406 2530; x_wconf 86' lang='lat' dir='ltr'>monasterium</span> 
     </span>
     <span class='ocr_line' id='line_1_14' title="bbox 552 2583 2408 2702; baseline -0.003 -18"><span class='ocrx_word' id='word_1_157' title='bbox 552 2619 750 2702; x_wconf 91' lang='lat' dir='ltr'>relinquere</span> <span class='ocrx_word' id='word_1_158' title='bbox 773 2583 843 2682; x_wconf 82' lang='lat' dir='ltr'>non</span> <span class='ocrx_word' id='word_1_159' title='bbox 865 2613 999 2692; x_wconf 87' lang='lat' dir='ltr'>debeas,</span> <span class='ocrx_word' id='word_1_160' title='bbox 1018 2611 1077 2681; x_wconf 91' lang='lat' dir='ltr'>sed</span> <span class='ocrx_word' id='word_1_161' title='bbox 1102 2629 1180 2678; x_wconf 90' lang='lat' dir='ltr'>eum</span> <span class='ocrx_word' id='word_1_162' title='bbox 1203 2608 1391 2694; x_wconf 87' lang='lat' dir='ltr'>possidere,</span> <span class='ocrx_word' id='word_1_163' title='bbox 1410 2611 1539 2687; x_wconf 90' lang='lat' dir='ltr'>tenere,</span> <span class='ocrx_word' id='word_1_164' title='bbox 1563 2609 1750 2676; x_wconf 89' lang='lat' dir='ltr'>meliorare</span> <span class='ocrx_word' id='word_1_165' title='bbox 1764 2611 1799 2676; x_wconf 87' lang='lat' dir='ltr'>et</span> <span class='ocrx_word' id='word_1_166' title='bbox 1814 2609 1856 2674; x_wconf 88' lang='lat' dir='ltr'>ad</span> <span class='ocrx_word' id='word_1_167' title='bbox 1873 2612 2003 2678; x_wconf 90' lang='lat' dir='ltr'>cultum</span> <span class='ocrx_word' id='word_1_168' title='bbox 2025 2610 2182 2678; x_wconf 89' lang='lat' dir='ltr'>divinum</span> <span class='ocrx_word' id='word_1_169' title='bbox 2207 2631 2408 2696; x_wconf 87' lang='lat' dir='ltr'>promovere</span> 
     </span>
     <span class='ocr_line' id='line_1_15' title="bbox 553 2763 2405 2853; baseline -0.003 -16"><span class='ocrx_word' id='word_1_170' title='bbox 553 2773 644 2839; x_wconf 89' lang='lat' dir='ltr'>iusta</span> <span class='ocrx_word' id='word_1_171' title='bbox 660 2769 818 2853; x_wconf 82' lang='lat' dir='ltr'>regulam</span> <span class='ocrx_word' id='word_1_172' title='bbox 834 2767 925 2834; x_wconf 90' lang='lat' dir='ltr'>beati</span> <span class='ocrx_word' id='word_1_173' title='bbox 941 2764 1115 2834; x_wconf 91' lang='lat' dir='ltr'>benedicti</span> <span class='ocrx_word' id='word_1_174' title='bbox 1130 2763 1258 2830; x_wconf 89' lang='lat' dir='ltr'>debeas</span> <span class='ocrx_word' id='word_1_175' title='bbox 1271 2763 1347 2832; x_wconf 91' lang='lat' dir='ltr'>sine</span> <span class='ocrx_word' id='word_1_176' title='bbox 1362 2763 1483 2830; x_wconf 88' lang='lat' dir='ltr'>nostra</span> <span class='ocrx_word' id='word_1_177' title='bbox 1499 2763 1560 2829; x_wconf 91' lang='lat' dir='ltr'>aut</span> <span class='ocrx_word' id='word_1_178' title='bbox 1575 2780 1811 2829; x_wconf 88' lang='lat' dir='ltr'>successorum</span> <span class='ocrx_word' id='word_1_179' title='bbox 1826 2765 2023 2830; x_wconf 88' lang='lat' dir='ltr'>nostrorum</span> <span class='ocrx_word' id='word_1_180' title='bbox 2046 2765 2100 2831; x_wconf 93' lang='lat' dir='ltr'>vel</span> <span class='ocrx_word' id='word_1_181' title='bbox 2124 2764 2273 2832; x_wconf 92' lang='lat' dir='ltr'>aliorum</span> <span class='ocrx_word' id='word_1_182' title='bbox 2297 2765 2405 2832; x_wconf 91' lang='lat' dir='ltr'>bomi-</span> 
     </span>
     <span class='ocr_line' id='line_1_16' title="bbox 551 2915 2408 3002; baseline -0.003 -13"><span class='ocrx_word' id='word_1_183' title='bbox 551 2941 633 2989; x_wconf 93' lang='lat' dir='ltr'>num</span> <span class='ocrx_word' id='word_1_184' title='bbox 650 2921 906 2997; x_wconf 90' lang='lat' dir='ltr'>contrarietate,</span> <span class='ocrx_word' id='word_1_185' title='bbox 925 2921 964 2986; x_wconf 90' lang='lat' dir='ltr'>ut</span> <span class='ocrx_word' id='word_1_186' title='bbox 979 2919 1107 2986; x_wconf 94' lang='lat' dir='ltr'>dictum</span> <span class='ocrx_word' id='word_1_187' title='bbox 1125 2918 1189 2984; x_wconf 92' lang='lat' dir='ltr'>est.</span> <span class='ocrx_word' id='word_1_188' title='bbox 1208 2918 1290 2984; x_wconf 93' lang='lat' dir='ltr'>Post</span> <span class='ocrx_word' id='word_1_189' title='bbox 1304 2919 1401 2982; x_wconf 91' lang='lat' dir='ltr'>tuum</span> <span class='ocrx_word' id='word_1_190' title='bbox 1419 2933 1500 2983; x_wconf 90' lang='lat' dir='ltr'>vero</span> <span class='ocrx_word' id='word_1_191' title='bbox 1518 2917 1703 2984; x_wconf 89' lang='lat' dir='ltr'>transitum</span> <span class='ocrx_word' id='word_1_192' title='bbox 1727 2917 1881 3002; x_wconf 87' lang='lat' dir='ltr'>potestas</span> <span class='ocrx_word' id='word_1_193' title='bbox 1898 2915 1978 2984; x_wconf 92' lang='lat' dir='ltr'>inde</span> <span class='ocrx_word' id='word_1_194' title='bbox 1993 2917 2114 2984; x_wconf 90' lang='lat' dir='ltr'>damus</span> <span class='ocrx_word' id='word_1_195' title='bbox 2137 2935 2216 2984; x_wconf 92' lang='lat' dir='ltr'>cum</span> <span class='ocrx_word' id='word_1_196' title='bbox 2240 2935 2408 2986; x_wconf 88' lang='lat' dir='ltr'>successo·</span> 
     </span>
     <span class='ocr_line' id='line_1_17' title="bbox 491 3035 2406 3154; baseline -0.001 -17"><span class='ocrx_word' id='word_1_197' title='bbox 491 3112 496 3122; x_wconf 89' lang='lat'>-</span> <span class='ocrx_word' id='word_1_198' title='bbox 551 3071 648 3138; x_wconf 91' lang='lat' dir='ltr'>ribus</span> <span class='ocrx_word' id='word_1_199' title='bbox 664 3069 793 3137; x_wconf 89' lang='lat' dir='ltr'>nostris</span> <span class='ocrx_word' id='word_1_200' title='bbox 816 3069 946 3147; x_wconf 90' lang='lat' dir='ltr'>abbati,</span> <span class='ocrx_word' id='word_1_201' title='bbox 964 3069 1023 3153; x_wconf 92' lang='lat' dir='ltr'>qui</span> <span class='ocrx_word' id='word_1_202' title='bbox 1048 3069 1096 3135; x_wconf 91' lang='lat' dir='ltr'>ibi</span> <span class='ocrx_word' id='word_1_203' title='bbox 1119 3087 1183 3154; x_wconf 91' lang='lat' dir='ltr'>per</span> <span class='ocrx_word' id='word_1_204' title='bbox 1207 3070 1365 3152; x_wconf 89' lang='lat' dir='ltr'>tempora</span> <span class='ocrx_word' id='word_1_205' title='bbox 1380 3067 1485 3135; x_wconf 84' lang='lat' dir='ltr'>fuerit</span> <span class='ocrx_word' id='word_1_206' title='bbox 1499 3067 1533 3132; x_wconf 88' lang='lat' dir='ltr'>et</span> <span class='ocrx_word' id='word_1_207' title='bbox 1548 3065 1671 3134; x_wconf 86' lang='lat' dir='ltr'>ceteris</span> <span class='ocrx_word' id='word_1_208' title='bbox 1694 3035 1872 3146; x_wconf 83' lang='lat' dir='ltr'>fratribus,</span> <span class='ocrx_word' id='word_1_209' title='bbox 1892 3069 1931 3134; x_wconf 91' lang='lat' dir='ltr'>ut</span> <span class='ocrx_word' id='word_1_210' title='bbox 1953 3084 2074 3136; x_wconf 90' lang='lat' dir='ltr'>eorum</span> <span class='ocrx_word' id='word_1_211' title='bbox 2097 3069 2142 3134; x_wconf 88' lang='lat' dir='ltr'>sit</span> <span class='ocrx_word' id='word_1_212' title='bbox 2164 3069 2406 3136; x_wconf 88' lang='lat' dir='ltr'>monasterium</span> 
     </span>
     <span class='ocr_line' id='line_1_18' title="bbox 547 3216 2407 3306; baseline -0.002 -15"><span class='ocrx_word' id='word_1_213' title='bbox 547 3240 610 3306; x_wconf 90' lang='lat' dir='ltr'>per</span> <span class='ocrx_word' id='word_1_214' title='bbox 626 3221 876 3291; x_wconf 89' lang='lat' dir='ltr'>successionem</span> <span class='ocrx_word' id='word_1_215' title='bbox 892 3225 927 3286; x_wconf 88' lang='lat' dir='ltr'>et</span> <span class='ocrx_word' id='word_1_216' title='bbox 941 3218 1223 3287; x_wconf 91' lang='lat' dir='ltr'>consuetudinem</span> <span class='ocrx_word' id='word_1_217' title='bbox 1239 3237 1297 3285; x_wconf 90' lang='lat' dir='ltr'>seu</span> <span class='ocrx_word' id='word_1_218' title='bbox 1312 3219 1471 3301; x_wconf 86' lang='lat' dir='ltr'>regulam</span> <span class='ocrx_word' id='word_1_219' title='bbox 1487 3218 1681 3285; x_wconf 90' lang='lat' dir='ltr'>ceterorum</span> <span class='ocrx_word' id='word_1_220' title='bbox 1698 3216 1989 3284; x_wconf 91' lang='lat' dir='ltr'>monasteriorum</span> <span class='ocrx_word' id='word_1_221' title='bbox 2005 3217 2074 3285; x_wconf 94' lang='lat' dir='ltr'>dei.</span> <span class='ocrx_word' id='word_1_222' title='bbox 2085 3221 2230 3297; x_wconf 91' lang='lat' dir='ltr'>Verum,</span> <span class='ocrx_word' id='word_1_223' title='bbox 2249 3220 2332 3304; x_wconf 93' lang='lat' dir='ltr'>quia</span> <span class='ocrx_word' id='word_1_224' title='bbox 2354 3235 2407 3288; x_wconf 86' lang='lat' dir='ltr'>ec·</span> 
     </span>
     <span class='ocr_line' id='line_1_19' title="bbox 550 3367 2407 3455; baseline -0.002 -16"><span class='ocrx_word' id='word_1_225' title='bbox 550 3371 653 3442; x_wconf 88' lang='lat' dir='ltr'>clesia</span> <span class='ocrx_word' id='word_1_226' title='bbox 668 3371 783 3439; x_wconf 85' lang='lat' dir='ltr'>luerat</span> <span class='ocrx_word' id='word_1_227' title='bbox 798 3371 979 3455; x_wconf 89' lang='lat' dir='ltr'>pertinens</span> <span class='ocrx_word' id='word_1_228' title='bbox 995 3369 1037 3436; x_wconf 88' lang='lat' dir='ltr'>ad</span> <span class='ocrx_word' id='word_1_229' title='bbox 1055 3369 1248 3435; x_wconf 90' lang='lat' dir='ltr'>dominium</span> <span class='ocrx_word' id='word_1_230' title='bbox 1265 3367 1409 3434; x_wconf 87' lang='lat' dir='ltr'>basilice</span> <span class='ocrx_word' id='word_1_231' title='bbox 1426 3370 1518 3436; x_wconf 88' lang='lat' dir='ltr'>beati</span> <span class='ocrx_word' id='word_1_232' title='bbox 1534 3369 1654 3447; x_wconf 88' lang='lat' dir='ltr'>marci,</span> <span class='ocrx_word' id='word_1_233' title='bbox 1669 3385 1734 3454; x_wconf 91' lang='lat' dir='ltr'>que</span> <span class='ocrx_word' id='word_1_234' title='bbox 1750 3369 1802 3438; x_wconf 85' lang='lat' dir='ltr'>est</span> <span class='ocrx_word' id='word_1_235' title='bbox 1816 3369 1975 3452; x_wconf 89' lang='lat' dir='ltr'>cappella</span> <span class='ocrx_word' id='word_1_236' title='bbox 1990 3369 2101 3437; x_wconf 91' lang='lat' dir='ltr'>nostri</span> <span class='ocrx_word' id='word_1_237' title='bbox 2117 3369 2243 3454; x_wconf 88' lang='lat' dir='ltr'>palacii</span> <span class='ocrx_word' id='word_1_238' title='bbox 2255 3373 2289 3436; x_wconf 92' lang='lat' dir='ltr'>et</span> <span class='ocrx_word' id='word_1_239' title='bbox 2302 3369 2407 3438; x_wconf 89' lang='lat' dir='ltr'>libera</span> 
     </span>
     <span class='ocr_line' id='line_1_20' title="bbox 551 3519 2405 3606; baseline 0.002 -20"><span class='ocrx_word' id='word_1_240' title='bbox 551 3521 754 3588; x_wconf 87' lang='lat' dir='ltr'>aservitute</span> <span class='ocrx_word' id='word_1_241' title='bbox 776 3521 895 3589; x_wconf 90' lang='lat' dir='ltr'>sancte</span> <span class='ocrx_word' id='word_1_242' title='bbox 918 3519 1042 3586; x_wconf 88' lang='lat' dir='ltr'>matris</span> <span class='ocrx_word' id='word_1_243' title='bbox 1064 3521 1220 3598; x_wconf 90' lang='lat' dir='ltr'>ecclesie,</span> <span class='ocrx_word' id='word_1_244' title='bbox 1241 3520 1408 3598; x_wconf 88' lang='lat' dir='ltr'>volumus,</span> <span class='ocrx_word' id='word_1_245' title='bbox 1426 3521 1462 3586; x_wconf 92' lang='lat' dir='ltr'>ut</span> <span class='ocrx_word' id='word_1_246' title='bbox 1477 3519 1631 3587; x_wconf 90' lang='lat' dir='ltr'>eamdem</span> <span class='ocrx_word' id='word_1_247' title='bbox 1655 3519 1853 3588; x_wconf 92' lang='lat' dir='ltr'>libertatem</span> <span class='ocrx_word' id='word_1_248' title='bbox 1876 3538 2013 3606; x_wconf 90' lang='lat' dir='ltr'>semper</span> <span class='ocrx_word' id='word_1_249' title='bbox 2035 3522 2212 3600; x_wconf 87' lang='lat' dir='ltr'>consistat,</span> <span class='ocrx_word' id='word_1_250' title='bbox 2231 3525 2271 3589; x_wconf 92' lang='lat' dir='ltr'>ut</span> <span class='ocrx_word' id='word_1_251' title='bbox 2294 3523 2405 3590; x_wconf 89' lang='lat' dir='ltr'>nullus</span> 
     </span>
     <span class='ocr_line' id='line_1_21' title="bbox 554 3668 2408 3756; baseline 0.001 -18"><span class='ocrx_word' id='word_1_252' title='bbox 554 3672 737 3756; x_wconf 90' lang='lat' dir='ltr'>episcopus</span> <span class='ocrx_word' id='word_1_253' title='bbox 762 3671 942 3739; x_wconf 89' lang='lat' dir='ltr'>servitutis</span> <span class='ocrx_word' id='word_1_254' title='bbox 964 3689 1065 3738; x_wconf 91' lang='lat' dir='ltr'>usum</span> <span class='ocrx_word' id='word_1_255' title='bbox 1091 3669 1271 3755; x_wconf 89' lang='lat' dir='ltr'>requirere</span> <span class='ocrx_word' id='word_1_256' title='bbox 1294 3672 1354 3736; x_wconf 89' lang='lat' dir='ltr'>aut</span> <span class='ocrx_word' id='word_1_257' title='bbox 1378 3668 1527 3754; x_wconf 90' lang='lat' dir='ltr'>prandia</span> <span class='ocrx_word' id='word_1_258' title='bbox 1549 3673 1742 3754; x_wconf 84' lang='lat' dir='ltr'>presumat,</span> <span class='ocrx_word' id='word_1_259' title='bbox 1760 3671 1829 3738; x_wconf 89' lang='lat' dir='ltr'>nisi</span> <span class='ocrx_word' id='word_1_260' title='bbox 1850 3673 1985 3738; x_wconf 88' lang='lat' dir='ltr'>tantum</span> <span class='ocrx_word' id='word_1_261' title='bbox 2011 3673 2050 3737; x_wconf 92' lang='lat' dir='ltr'>ut</span> <span class='ocrx_word' id='word_1_262' title='bbox 2076 3672 2288 3756; x_wconf 92' lang='lat' dir='ltr'>provisorem</span> <span class='ocrx_word' id='word_1_263' title='bbox 2314 3674 2408 3742; x_wconf 90' lang='lat' dir='ltr'>decet</span> 
     </span>
     <span class='ocr_line' id='line_1_22' title="bbox 553 3783 2406 3912; baseline 0.003 -24"><span class='ocrx_word' id='word_1_264' title='bbox 553 3822 797 3892; x_wconf 90' lang='lat' dir='ltr'>rectitudinem</span> <span class='ocrx_word' id='word_1_265' title='bbox 813 3824 891 3892; x_wconf 88' lang='lat' dir='ltr'>illos</span> <span class='ocrx_word' id='word_1_266' title='bbox 906 3826 1027 3891; x_wconf 92' lang='lat' dir='ltr'>tenere</span> <span class='ocrx_word' id='word_1_267' title='bbox 1042 3823 1164 3891; x_wconf 91' lang='lat' dir='ltr'>doceat</span> <span class='ocrx_word' id='word_1_268' title='bbox 1179 3825 1214 3890; x_wconf 90' lang='lat' dir='ltr'>et</span> <span class='ocrx_word' id='word_1_269' title='bbox 1235 3825 1399 3907; x_wconf 88' lang='lat' dir='ltr'>pabulum</span> <span class='ocrx_word' id='word_1_270' title='bbox 1424 3823 1494 3890; x_wconf 87' lang='lat' dir='ltr'>vite</span> <span class='ocrx_word' id='word_1_271' title='bbox 1517 3827 1635 3889; x_wconf 90' lang='lat' dir='ltr'>eterne</span> <span class='ocrx_word' id='word_1_272' title='bbox 1658 3783 1899 3892; x_wconf 34' lang='lat' dir='ltr'>ministretsSi</span> <span class='ocrx_word' id='word_1_273' title='bbox 1923 3825 2000 3910; x_wconf 88' lang='lat' dir='ltr'>quis</span> <span class='ocrx_word' id='word_1_274' title='bbox 2023 3827 2089 3892; x_wconf 92' lang='lat' dir='ltr'>boc</span> <span class='ocrx_word' id='word_1_275' title='bbox 2112 3812 2301 3906; x_wconf 83' lang='lat' dir='ltr'>decretum,</span> <span class='ocrx_word' id='word_1_276' title='bbox 2321 3825 2406 3912; x_wconf 89' lang='lat' dir='ltr'>quod</span> 
     </span>
     <span class='ocr_line' id='line_1_23' title="bbox 553 3975 2406 4062; baseline 0.003 -20"><span class='ocrx_word' id='word_1_277' title='bbox 553 3977 754 4044; x_wconf 89' lang='lat' dir='ltr'>hortatione</span> <span class='ocrx_word' id='word_1_278' title='bbox 781 3980 817 4043; x_wconf 92' lang='lat' dir='ltr'>et</span> <span class='ocrx_word' id='word_1_279' title='bbox 843 3993 1014 4044; x_wconf 89' lang='lat' dir='ltr'>consensu</span> <span class='ocrx_word' id='word_1_280' title='bbox 1037 3975 1273 4062; x_wconf 89' lang='lat' dir='ltr'>predictorum</span> <span class='ocrx_word' id='word_1_281' title='bbox 1297 3977 1495 4062; x_wconf 91' lang='lat' dir='ltr'>principum</span> <span class='ocrx_word' id='word_1_282' title='bbox 1518 3979 1553 4044; x_wconf 91' lang='lat' dir='ltr'>et</span> <span class='ocrx_word' id='word_1_283' title='bbox 1574 3977 1726 4046; x_wconf 90' lang='lat' dir='ltr'>fidelium</span> <span class='ocrx_word' id='word_1_284' title='bbox 1749 3981 1947 4046; x_wconf 90' lang='lat' dir='ltr'>nostrorum</span> <span class='ocrx_word' id='word_1_285' title='bbox 1970 3979 2013 4044; x_wconf 92' lang='lat' dir='ltr'>ob</span> <span class='ocrx_word' id='word_1_286' title='bbox 2035 3979 2317 4049; x_wconf 82' lang='lat' dir='ltr'>sanctamonialis</span> <span class='ocrx_word' id='word_1_287' title='bbox 2340 3979 2406 4046; x_wconf 92' lang='lat' dir='ltr'>vite</span> 
     </span>
    </p>
   </div>
   <div class='ocr_carea' id='block_1_3' title="bbox 552 4127 2407 4216">
    <p class='ocr_par' dir='ltr' id='par_1_3' title="bbox 552 4127 2407 4216">
     <span class='ocr_line' id='line_1_24' title="bbox 552 4127 2407 4216; baseline 0 -19"><span class='ocrx_word' id='word_1_288' title='bbox 552 4129 712 4212; x_wconf 83' lang='lat' dir='ltr'>regulam</span> <span class='ocrx_word' id='word_1_289' title='bbox 728 4127 941 4196; x_wconf 86' lang='lat' dir='ltr'>dilatandam</span> <span class='ocrx_word' id='word_1_290' title='bbox 957 4145 1162 4212; x_wconf 89' lang='lat' dir='ltr'>corumpere</span> <span class='ocrx_word' id='word_1_291' title='bbox 1178 4129 1339 4206; x_wconf 91' lang='lat' dir='ltr'>voluerit,</span> <span class='ocrx_word' id='word_1_292' title='bbox 1351 4127 1581 4196; x_wconf 89' lang='lat' dir='ltr'>anathematis</span> <span class='ocrx_word' id='word_1_293' title='bbox 1597 4147 1688 4213; x_wconf 91' lang='lat' dir='ltr'>pena</span> <span class='ocrx_word' id='word_1_294' title='bbox 1710 4131 1889 4210; x_wconf 90' lang='lat' dir='ltr'>multetur,</span> <span class='ocrx_word' id='word_1_295' title='bbox 1910 4131 1945 4197; x_wconf 94' lang='lat' dir='ltr'>et</span> <span class='ocrx_word' id='word_1_296' title='bbox 1966 4130 2108 4216; x_wconf 90' lang='lat' dir='ltr'>insuper</span> <span class='ocrx_word' id='word_1_297' title='bbox 2130 4135 2315 4215; x_wconf 89' lang='lat' dir='ltr'>componat</span> <span class='ocrx_word' id='word_1_298' title='bbox 2334 4129 2407 4198; x_wconf 91' lang='lat' dir='ltr'>auri</span> 
     </span>
    </p>
   </div>
   <div class='ocr_carea' id='block_1_4' title="bbox 455 4279 2408 4368">
    <p class='ocr_par' dir='ltr' id='par_1_4' title="bbox 455 4279 2408 4368">
     <span class='ocr_line' id='line_1_25' title="bbox 455 4279 2408 4368; baseline 0.005 -28"><span class='ocrx_word' id='word_1_299' title='bbox 455 4331 462 4340; x_wconf 94' lang='lat'><em>.</em></span> <span class='ocrx_word' id='word_1_300' title='bbox 555 4279 665 4348; x_wconf 90' lang='lat' dir='ltr'>obrizi</span> <span class='ocrx_word' id='word_1_301' title='bbox 682 4280 790 4348; x_wconf 89' lang='lat' dir='ltr'>libras</span> <span class='ocrx_word' id='word_1_302' title='bbox 805 4280 946 4364; x_wconf 79' lang='lat' dir='ltr'>viginti,</span> <span class='ocrx_word' id='word_1_303' title='bbox 966 4280 1185 4348; x_wconf 84' lang='lat' dir='ltr'>medietatem</span> <span class='ocrx_word' id='word_1_304' title='bbox 1209 4282 1246 4347; x_wconf 90' lang='lat' dir='ltr'>in</span> <span class='ocrx_word' id='word_1_305' title='bbox 1260 4299 1399 4348; x_wconf 90' lang='lat' dir='ltr'>camere</span> <span class='ocrx_word' id='word_1_306' title='bbox 1420 4281 1530 4348; x_wconf 90' lang='lat' dir='ltr'>nostri</span> <span class='ocrx_word' id='word_1_307' title='bbox 1548 4282 1677 4366; x_wconf 91' lang='lat' dir='ltr'>palacii</span> <span class='ocrx_word' id='word_1_308' title='bbox 1701 4283 1735 4350; x_wconf 91' lang='lat' dir='ltr'>et</span> <span class='ocrx_word' id='word_1_309' title='bbox 1758 4280 1974 4350; x_wconf 87' lang='lat' dir='ltr'>medietatem</span> <span class='ocrx_word' id='word_1_310' title='bbox 1997 4282 2035 4349; x_wconf 95' lang='lat' dir='ltr'>in</span> <span class='ocrx_word' id='word_1_311' title='bbox 2057 4283 2194 4368; x_wconf 85' lang='lat' dir='ltr'>prefato</span> <span class='ocrx_word' id='word_1_312' title='bbox 2216 4283 2272 4350; x_wconf 94' lang='lat' dir='ltr'>dei</span> <span class='ocrx_word' id='word_1_313' title='bbox 2297 4301 2408 4350; x_wconf 86' lang='lat' dir='ltr'>mona·</span> 
     </span>
    </p>
   </div>
   <div class='ocr_carea' id='block_1_5' title="bbox 466 4431 2409 4977">
    <p class='ocr_par' dir='ltr' id='par_1_5' title="bbox 466 4431 2409 4977">
     <span class='ocr_line' id='line_1_26' title="bbox 555 4431 2408 4521; baseline 0.003 -22"><span class='ocrx_word' id='word_1_314' title='bbox 555 4431 673 4500; x_wconf 90' lang='lat' dir='ltr'>sterio.</span> <span class='ocrx_word' id='word_1_315' title='bbox 689 4435 732 4502; x_wconf 87' lang='lat' dir='ltr'>Et</span> <span class='ocrx_word' id='word_1_316' title='bbox 743 4435 810 4500; x_wconf 91' lang='lat' dir='ltr'>hoc</span> <span class='ocrx_word' id='word_1_317' title='bbox 825 4432 1049 4502; x_wconf 90' lang='lat' dir='ltr'>decretumet</span> <span class='ocrx_word' id='word_1_318' title='bbox 1059 4434 1236 4502; x_wconf 86' lang='lat' dir='ltr'>firmitatis</span> <span class='ocrx_word' id='word_1_319' title='bbox 1252 4437 1370 4503; x_wconf 90' lang='lat' dir='ltr'>nostre</span> <span class='ocrx_word' id='word_1_320' title='bbox 1386 4437 1521 4503; x_wconf 89' lang='lat' dir='ltr'>cartula</span> <span class='ocrx_word' id='word_1_321' title='bbox 1536 4435 1693 4502; x_wconf 90' lang='lat' dir='ltr'>omnibus</span> <span class='ocrx_word' id='word_1_322' title='bbox 1706 4452 1770 4521; x_wconf 88' lang='lat' dir='ltr'>pro</span> <span class='ocrx_word' id='word_1_323' title='bbox 1782 4436 1908 4504; x_wconf 84' lang='lat' dir='ltr'>futuris</span> <span class='ocrx_word' id='word_1_324' title='bbox 1920 4437 2131 4521; x_wconf 88' lang='lat' dir='ltr'>temporibus</span> <span class='ocrx_word' id='word_1_325' title='bbox 2146 4440 2287 4505; x_wconf 88' lang='lat' dir='ltr'>maneat</span> <span class='ocrx_word' id='word_1_326' title='bbox 2300 4439 2336 4505; x_wconf 92' lang='lat' dir='ltr'>in</span> <span class='ocrx_word' id='word_1_327' title='bbox 2348 4455 2408 4506; x_wconf 87' lang='lat' dir='ltr'>sua</span> 
     </span>
     <span class='ocr_line' id='line_1_27' title="bbox 466 4584 2409 4674; baseline 0.003 -24"><span class='ocrx_word' id='word_1_328' title='bbox 466 4655 474 4665; x_wconf 70' lang='grc'><strong><em>,</em></strong></span> <span class='ocrx_word' id='word_1_329' title='bbox 556 4584 737 4653; x_wconf 85' lang='lat' dir='ltr'>firmitate.</span> <span class='ocrx_word' id='word_1_330' title='bbox 756 4584 980 4654; x_wconf 79' lang='lat' dir='ltr'>concedimus</span> <span class='ocrx_word' id='word_1_331' title='bbox 996 4587 1100 4671; x_wconf 89' lang='lat' dir='ltr'>atque</span> <span class='ocrx_word' id='word_1_332' title='bbox 1116 4587 1291 4654; x_wconf 87' lang='lat' dir='ltr'>offerimus</span> <span class='ocrx_word' id='word_1_333' title='bbox 1305 4587 1370 4654; x_wconf 91' lang='lat' dir='ltr'>deo</span> <span class='ocrx_word' id='word_1_334' title='bbox 1385 4587 1613 4671; x_wconf 84' lang='lat' dir='ltr'>omnipotenti</span> <span class='ocrx_word' id='word_1_335' title='bbox 1638 4589 1673 4653; x_wconf 89' lang='lat' dir='ltr'>et</span> <span class='ocrx_word' id='word_1_336' title='bbox 1695 4587 1732 4653; x_wconf 93' lang='lat' dir='ltr'>in</span> <span class='ocrx_word' id='word_1_337' title='bbox 1755 4587 1821 4656; x_wconf 90' lang='lat' dir='ltr'>isto</span> <span class='ocrx_word' id='word_1_338' title='bbox 1844 4588 2052 4658; x_wconf 85' lang='lat' dir='ltr'>monasterio</span> <span class='ocrx_word' id='word_1_339' title='bbox 2076 4589 2168 4657; x_wconf 90' lang='lat' dir='ltr'>beati</span> <span class='ocrx_word' id='word_1_340' title='bbox 2190 4591 2330 4674; x_wconf 79' lang='lat' dir='ltr'>georgii</span> <span class='ocrx_word' id='word_1_341' title='bbox 2352 4605 2409 4674; x_wconf 86' lang='lat' dir='ltr'>per</span> 
     </span>
     <span class='ocr_line' id='line_1_28' title="bbox 556 4735 2408 4826; baseline 0.003 -26"><span class='ocrx_word' id='word_1_342' title='bbox 556 4753 740 4804; x_wconf 91' lang='lat' dir='ltr'>comunem</span> <span class='ocrx_word' id='word_1_343' title='bbox 755 4735 908 4803; x_wconf 89' lang='lat' dir='ltr'>omnium</span> <span class='ocrx_word' id='word_1_344' title='bbox 923 4739 1143 4806; x_wconf 81' lang='lat' dir='ltr'>volumtatem</span> <span class='ocrx_word' id='word_1_345' title='bbox 1158 4737 1257 4806; x_wconf 94' lang='lat' dir='ltr'>illum</span> <span class='ocrx_word' id='word_1_346' title='bbox 1275 4739 1384 4804; x_wconf 92' lang='lat' dir='ltr'>totum</span> <span class='ocrx_word' id='word_1_347' title='bbox 1400 4738 1510 4803; x_wconf 91' lang='lat' dir='ltr'>lacum</span> <span class='ocrx_word' id='word_1_348' title='bbox 1525 4737 1660 4803; x_wconf 90' lang='lat' dir='ltr'>iuntum</span> <span class='ocrx_word' id='word_1_349' title='bbox 1676 4737 1767 4804; x_wconf 89' lang='lat' dir='ltr'>iusta</span> <span class='ocrx_word' id='word_1_350' title='bbox 1782 4737 1897 4817; x_wconf 90' lang='lat' dir='ltr'>vinea,</span> <span class='ocrx_word' id='word_1_351' title='bbox 1915 4757 2020 4823; x_wconf 92' lang='lat' dir='ltr'>quam</span> <span class='ocrx_word' id='word_1_352' title='bbox 2036 4742 2073 4806; x_wconf 93' lang='lat' dir='ltr'>tu</span> <span class='ocrx_word' id='word_1_353' title='bbox 2088 4738 2211 4808; x_wconf 90' lang='lat' dir='ltr'>dedisti</span> <span class='ocrx_word' id='word_1_354' title='bbox 2228 4739 2267 4807; x_wconf 89' lang='lat' dir='ltr'>in</span> <span class='ocrx_word' id='word_1_355' title='bbox 2282 4739 2408 4826; x_wconf 83' lang='lat' dir='ltr'>prelato</span> 
     </span>
     <span class='ocr_line' id='line_1_29' title="bbox 559 4885 2408 4977; baseline 0.004 -25"><span class='ocrx_word' id='word_1_356' title='bbox 559 4885 771 4954; x_wconf 88' lang='lat' dir='ltr'>monasterio</span> <span class='ocrx_word' id='word_1_357' title='bbox 789 4904 854 4969; x_wconf 92' lang='lat' dir='ltr'>que</span> <span class='ocrx_word' id='word_1_358' title='bbox 868 4885 933 4953; x_wconf 89' lang='lat' dir='ltr'>suit</span> <span class='ocrx_word' id='word_1_359' title='bbox 947 4886 1120 4954; x_wconf 90' lang='lat' dir='ltr'>dominico</span> <span class='ocrx_word' id='word_1_360' title='bbox 1137 4888 1235 4955; x_wconf 84' lang='lat' dir='ltr'>fratri</span> <span class='ocrx_word' id='word_1_361' title='bbox 1252 4887 1312 4956; x_wconf 87' lang='lat' dir='ltr'>tuo</span> <span class='ocrx_word' id='word_1_362' title='bbox 1328 4889 1387 4956; x_wconf 92' lang='lat' dir='ltr'>ubi</span> <span class='ocrx_word' id='word_1_363' title='bbox 1403 4891 1505 4956; x_wconf 88' lang='lat' dir='ltr'>antea</span> <span class='ocrx_word' id='word_1_364' title='bbox 1520 4885 1585 4956; x_wconf 88' lang='lat' dir='ltr'>fuit</span> <span class='ocrx_word' id='word_1_365' title='bbox 1599 4890 1763 4959; x_wconf 92' lang='lat' dir='ltr'>molinum</span> <span class='ocrx_word' id='word_1_366' title='bbox 1781 4890 1836 4958; x_wconf 93' lang='lat' dir='ltr'>ius</span> <span class='ocrx_word' id='word_1_367' title='bbox 1856 4891 1967 4958; x_wconf 90' lang='lat' dir='ltr'>nostri</span> <span class='ocrx_word' id='word_1_368' title='bbox 1989 4891 2130 4977; x_wconf 89' lang='lat' dir='ltr'>palacii,</span> <span class='ocrx_word' id='word_1_369' title='bbox 2148 4909 2227 4958; x_wconf 90' lang='lat' dir='ltr'>cum</span> <span class='ocrx_word' id='word_1_370' title='bbox 2250 4892 2332 4960; x_wconf 91' lang='lat' dir='ltr'>totis</span> <span class='ocrx_word' id='word_1_371' title='bbox 2355 4908 2408 4976; x_wconf 93' lang='lat' dir='ltr'>pe·</span> 
     </span>
    </p>
   </div>
   <div class='ocr_carea' id='block_1_6' title="bbox 555 5035 2408 5127">
    <p class='ocr_par' dir='ltr' id='par_1_6' title="bbox 555 5035 2408 5127">
     <span class='ocr_line' id='line_1_30' title="bbox 555 5035 2408 5127; baseline 0.002 -24"><span class='ocrx_word' id='word_1_372' title='bbox 555 5037 621 5106; x_wconf 89' lang='lat' dir='ltr'>tris</span> <span class='ocrx_word' id='word_1_373' title='bbox 637 5055 705 5124; x_wconf 90' lang='lat' dir='ltr'>que</span> <span class='ocrx_word' id='word_1_374' title='bbox 720 5035 770 5103; x_wconf 94' lang='lat' dir='ltr'>ibi</span> <span class='ocrx_word' id='word_1_375' title='bbox 785 5037 943 5104; x_wconf 90' lang='lat' dir='ltr'>reiacere</span> <span class='ocrx_word' id='word_1_376' title='bbox 957 5036 1132 5116; x_wconf 89' lang='lat' dir='ltr'>videntur,</span> <span class='ocrx_word' id='word_1_377' title='bbox 1150 5037 1210 5105; x_wconf 89' lang='lat' dir='ltr'>ubi</span> <span class='ocrx_word' id='word_1_378' title='bbox 1226 5040 1262 5105; x_wconf 90' lang='lat' dir='ltr'>tu</span> <span class='ocrx_word' id='word_1_379' title='bbox 1279 5041 1493 5126; x_wconf 90' lang='lat' dir='ltr'>aquimolum</span> <span class='ocrx_word' id='word_1_380' title='bbox 1508 5039 1635 5108; x_wconf 89' lang='lat' dir='ltr'>debeas</span> <span class='ocrx_word' id='word_1_381' title='bbox 1651 5041 1777 5120; x_wconf 85' lang='lat' dir='ltr'>facere,</span> <span class='ocrx_word' id='word_1_382' title='bbox 1791 5041 1880 5109; x_wconf 90' lang='lat' dir='ltr'>sicut</span> <span class='ocrx_word' id='word_1_383' title='bbox 1895 5044 1999 5110; x_wconf 90' lang='lat' dir='ltr'>antea</span> <span class='ocrx_word' id='word_1_384' title='bbox 2013 5041 2079 5109; x_wconf 83' lang='lat' dir='ltr'>luit</span> <span class='ocrx_word' id='word_1_385' title='bbox 2090 5042 2132 5109; x_wconf 93' lang='lat' dir='ltr'>ad</span> <span class='ocrx_word' id='word_1_386' title='bbox 2149 5059 2235 5127; x_wconf 89' lang='lat' dir='ltr'>opus</span> <span class='ocrx_word' id='word_1_387' title='bbox 2247 5041 2290 5110; x_wconf 93' lang='lat' dir='ltr'>de</span> <span class='ocrx_word' id='word_1_388' title='bbox 2302 5043 2408 5110; x_wconf 88' lang='lat' dir='ltr'>vestro</span> 
     </span>
    </p>
   </div>
   <div class='ocr_carea' id='block_1_7' title="bbox 556 5187 2515 5278">
    <p class='ocr_par' dir='ltr' id='par_1_7' title="bbox 556 5187 2515 5278">
     <span class='ocr_line' id='line_1_31' title="bbox 556 5187 2515 5278; baseline 0.002 -24"><span class='ocrx_word' id='word_1_389' title='bbox 556 5187 768 5256; x_wconf 86' lang='lat' dir='ltr'>monasterio</span> <span class='ocrx_word' id='word_1_390' title='bbox 785 5187 1038 5273; x_wconf 89' lang='lat' dir='ltr'>perpetualiter</span> <span class='ocrx_word' id='word_1_391' title='bbox 1052 5187 1275 5266; x_wconf 89' lang='lat' dir='ltr'>manendum,</span> <span class='ocrx_word' id='word_1_392' title='bbox 1294 5193 1346 5257; x_wconf 90' lang='lat' dir='ltr'>lta</span> <span class='ocrx_word' id='word_1_393' title='bbox 1361 5193 1400 5258; x_wconf 93' lang='lat' dir='ltr'>ut</span> <span class='ocrx_word' id='word_1_394' title='bbox 1415 5194 1547 5259; x_wconf 91' lang='lat' dir='ltr'>nullum</span> <span class='ocrx_word' id='word_1_395' title='bbox 1564 5193 1739 5278; x_wconf 91' lang='lat' dir='ltr'>publicum</span> <span class='ocrx_word' id='word_1_396' title='bbox 1763 5193 1946 5260; x_wconf 88' lang='lat' dir='ltr'>servicium</span> <span class='ocrx_word' id='word_1_397' title='bbox 1969 5193 2151 5260; x_wconf 90' lang='lat' dir='ltr'>molenarii</span> <span class='ocrx_word' id='word_1_398' title='bbox 2175 5191 2404 5262; x_wconf 88' lang='lat' dir='ltr'>habitantibus</span> <span class='ocrx_word' id='word_1_399' title='bbox 2508 5207 2515 5222; x_wconf 92' lang='lat'><strong>·</strong></span> 
     </span>
    </p>
   </div>
   <div class='ocr_carea' id='block_1_8' title="bbox 558 5335 2485 5583">
    <p class='ocr_par' dir='ltr' id='par_1_8' title="bbox 558 5335 2485 5583">
     <span class='ocr_line' id='line_1_32' title="bbox 562 5335 2408 5430; baseline 0.003 -26"><span class='ocrx_word' id='word_1_400' title='bbox 562 5339 686 5406; x_wconf 91' lang='lat' dir='ltr'>tamin</span> <span class='ocrx_word' id='word_1_401' title='bbox 703 5339 778 5424; x_wconf 91' lang='lat' dir='ltr'>ipso</span> <span class='ocrx_word' id='word_1_402' title='bbox 794 5357 899 5425; x_wconf 90' lang='lat' dir='ltr'>quam</span> <span class='ocrx_word' id='word_1_403' title='bbox 915 5341 954 5407; x_wconf 89' lang='lat' dir='ltr'>in</span> <span class='ocrx_word' id='word_1_404' title='bbox 968 5339 1047 5408; x_wconf 88' lang='lat' dir='ltr'>aliis</span> <span class='ocrx_word' id='word_1_405' title='bbox 1062 5339 1196 5409; x_wconf 91' lang='lat' dir='ltr'>duobus</span> <span class='ocrx_word' id='word_1_406' title='bbox 1212 5341 1398 5427; x_wconf 88' lang='lat' dir='ltr'>aquimolis</span> <span class='ocrx_word' id='word_1_407' title='bbox 1415 5343 1519 5428; x_wconf 87' lang='lat' dir='ltr'>positi</span> <span class='ocrx_word' id='word_1_408' title='bbox 1536 5335 1573 5410; x_wconf 88' lang='lat' dir='ltr'>in</span> <span class='ocrx_word' id='word_1_409' title='bbox 1589 5345 1666 5412; x_wconf 90' lang='lat' dir='ltr'>rivo</span> <span class='ocrx_word' id='word_1_410' title='bbox 1682 5345 1871 5423; x_wconf 78' lang='lat' dir='ltr'>businiacO,</span> <span class='ocrx_word' id='word_1_411' title='bbox 1890 5364 1975 5430; x_wconf 90' lang='lat' dir='ltr'>quos</span> <span class='ocrx_word' id='word_1_412' title='bbox 1991 5349 2028 5412; x_wconf 94' lang='lat' dir='ltr'>tu</span> <span class='ocrx_word' id='word_1_413' title='bbox 2043 5343 2167 5413; x_wconf 89' lang='lat' dir='ltr'>dedisti</span> <span class='ocrx_word' id='word_1_414' title='bbox 2191 5346 2229 5413; x_wconf 92' lang='lat' dir='ltr'>in</span> <span class='ocrx_word' id='word_1_415' title='bbox 2253 5345 2408 5414; x_wconf 90' lang='lat' dir='ltr'>iamdicto</span> 
     </span>
     <span class='ocr_line' id='line_1_33' title="bbox 558 5481 2485 5583; baseline 0.003 -27"><span class='ocrx_word' id='word_1_416' title='bbox 558 5491 781 5571; x_wconf 85' lang='lat' dir='ltr'>monasterio,</span> <span class='ocrx_word' id='word_1_417' title='bbox 800 5491 986 5579; x_wconf 89' lang='lat' dir='ltr'>aliquando</span> <span class='ocrx_word' id='word_1_418' title='bbox 1010 5495 1124 5562; x_wconf 84' lang='lat' dir='ltr'>lacere</span> <span class='ocrx_word' id='word_1_419' title='bbox 1140 5494 1273 5574; x_wconf 87' lang='lat' dir='ltr'>debeat,</span> <span class='ocrx_word' id='word_1_420' title='bbox 1292 5494 1361 5564; x_wconf 89' lang='lat' dir='ltr'>nisi</span> <span class='ocrx_word' id='word_1_421' title='bbox 1378 5498 1514 5564; x_wconf 88' lang='lat' dir='ltr'>tantum</span> <span class='ocrx_word' id='word_1_422' title='bbox 1538 5498 1664 5582; x_wconf 84' lang='lat' dir='ltr'>vigilia</span> <span class='ocrx_word' id='word_1_423' title='bbox 1686 5515 1748 5582; x_wconf 88' lang='lat' dir='ltr'>per</span> <span class='ocrx_word' id='word_1_424' title='bbox 1770 5499 1863 5565; x_wconf 86' lang='lat' dir='ltr'>vices</span> <span class='ocrx_word' id='word_1_425' title='bbox 1890 5516 1969 5567; x_wconf 90' lang='lat' dir='ltr'>suas</span> <span class='ocrx_word' id='word_1_426' title='bbox 1997 5498 2042 5565; x_wconf 89' lang='lat' dir='ltr'>ad</span> <span class='ocrx_word' id='word_1_427' title='bbox 2064 5503 2221 5568; x_wconf 89' lang='lat' dir='ltr'>nostrum</span> <span class='ocrx_word' id='word_1_428' title='bbox 2244 5498 2407 5583; x_wconf 86' lang='lat' dir='ltr'>palacium</span> <span class='ocrx_word' id='word_1_429' title='bbox 2480 5481 2485 5488; x_wconf 73' lang='grc'>’</span> 
     </span>
    </p>
   </div>
   <div class='ocr_carea' id='block_1_9' title="bbox 557 5641 2403 5738">
    <p class='ocr_par' dir='ltr' id='par_1_9' title="bbox 557 5641 2403 5738">
     <span class='ocr_line' id='line_1_34' title="bbox 557 5641 2403 5738; baseline 0.005 -30"><span class='ocrx_word' id='word_1_430' title='bbox 557 5641 745 5711; x_wconf 89' lang='lat' dir='ltr'>secundum</span> <span class='ocrx_word' id='word_1_431' title='bbox 760 5661 878 5711; x_wconf 88' lang='lat' dir='ltr'>eorum</span> <span class='ocrx_word' id='word_1_432' title='bbox 895 5648 1184 5718; x_wconf 90' lang='lat' dir='ltr'>consuetudinem.</span> <span class='ocrx_word' id='word_1_433' title='bbox 1200 5647 1294 5728; x_wconf 84' lang='lat' dir='ltr'>Quod</span> <span class='ocrx_word' id='word_1_434' title='bbox 1311 5650 1340 5718; x_wconf 92' lang='lat' dir='ltr'>si</span> <span class='ocrx_word' id='word_1_435' title='bbox 1356 5651 1482 5736; x_wconf 89' lang='lat' dir='ltr'>aliquis</span> <span class='ocrx_word' id='word_1_436' title='bbox 1497 5650 1655 5719; x_wconf 89' lang='lat' dir='ltr'>eamdem</span> <span class='ocrx_word' id='word_1_437' title='bbox 1671 5670 1811 5738; x_wconf 88' lang='lat' dir='ltr'>aquam,</span> <span class='ocrx_word' id='word_1_438' title='bbox 1829 5669 1931 5736; x_wconf 90' lang='lat' dir='ltr'>quam</span> <span class='ocrx_word' id='word_1_439' title='bbox 1947 5652 2085 5719; x_wconf 91' lang='lat' dir='ltr'>comuni</span> <span class='ocrx_word' id='word_1_440' title='bbox 2101 5653 2289 5719; x_wconf 89' lang='lat' dir='ltr'>volumtate</span> <span class='ocrx_word' id='word_1_441' title='bbox 2303 5651 2403 5719; x_wconf 89' lang='lat' dir='ltr'>dona·</span> 
     </span>
    </p>
   </div>
   <div class='ocr_carea' id='block_1_10' title="bbox 562 5795 2408 5890">
    <p class='ocr_par' dir='ltr' id='par_1_10' title="bbox 562 5795 2408 5890">
     <span class='ocr_line' id='line_1_35' title="bbox 562 5795 2408 5890; baseline 0.004 -28"><span class='ocrx_word' id='word_1_442' title='bbox 562 5795 673 5862; x_wconf 89' lang='lat' dir='ltr'>vimus</span> <span class='ocrx_word' id='word_1_443' title='bbox 688 5795 725 5863; x_wconf 91' lang='lat' dir='ltr'>in</span> <span class='ocrx_word' id='word_1_444' title='bbox 741 5795 907 5864; x_wconf 90' lang='lat' dir='ltr'>iamdicto</span> <span class='ocrx_word' id='word_1_445' title='bbox 922 5800 1133 5868; x_wconf 90' lang='lat' dir='ltr'>monasterio</span> <span class='ocrx_word' id='word_1_446' title='bbox 1149 5803 1271 5872; x_wconf 91' lang='lat' dir='ltr'>tollere</span> <span class='ocrx_word' id='word_1_447' title='bbox 1286 5804 1445 5883; x_wconf 88' lang='lat' dir='ltr'>voluerit,</span> <span class='ocrx_word' id='word_1_448' title='bbox 1465 5805 1526 5871; x_wconf 87' lang='lat' dir='ltr'>aut</span> <span class='ocrx_word' id='word_1_449' title='bbox 1540 5803 1672 5890; x_wconf 90' lang='lat' dir='ltr'>aliquas</span> <span class='ocrx_word' id='word_1_450' title='bbox 1688 5805 1956 5873; x_wconf 89' lang='lat' dir='ltr'>contrarietates</span> <span class='ocrx_word' id='word_1_451' title='bbox 1970 5803 2099 5872; x_wconf 82' lang='lat' dir='ltr'>exinde</span> <span class='ocrx_word' id='word_1_452' title='bbox 2122 5803 2238 5872; x_wconf 88' lang='lat' dir='ltr'>lacere</span> <span class='ocrx_word' id='word_1_453' title='bbox 2261 5821 2408 5889; x_wconf 89' lang='lat' dir='ltr'>presum-</span> 
     </span>
    </p>
   </div>
   <div class='ocr_carea' id='block_1_11' title="bbox 0 0 2617 7092">
    <p class='ocr_par' dir='ltr' id='par_1_11' title="bbox 0 0 2617 7092">
     <span class='ocr_line' id='line_1_36' title="bbox 0 0 2617 7092; baseline 0 0"><span class='ocrx_word' id='word_1_454' title='bbox 0 0 2617 7092; x_wconf 95' lang='lat' dir='ltr'> </span> 
     </span>
    </p>
   </div>
  </div>
 </body>
</html>
