5286 7098
614 582 653 642 si
1225 659 1230 676 ,
1281 561 1443 633 connx
1481 563 1713 640 cavensis

566 807 726 906 germani
750 805 813 872 filii
838 804 982 872 mascini
1006 803 1153 870 ecclesia
1176 803 1378 869 vocabulum
1401 805 1512 872 sancti
1536 806 1693 884 iohanni,
1719 807 1808 891 quod
1833 807 1903 875 illis
1926 807 2174 878 dedicaverunt
2191 811 2229 878 in
2244 813 2348 879 rebus
2363 831 2424 880 sua

567 962 740 1028 inlocum
766 957 876 1026 boteri
900 957 988 1023 ulter
1013 952 1117 1022 dubio
1141 953 1285 1032 boneia,
1312 953 1467 1038 predicta
1489 956 1635 1024 ecclesia
1657 975 1734 1024 eum
1763 963 1888 1025 cuncta
1922 959 2079 1026 misteria
2113 963 2147 1026 et
2180 962 2281 1030 rebus
2316 961 2424 1046 ipsius

567 1111 711 1181 ecclesie
735 1109 822 1178 mihi
847 1107 1066 1176 tradiderunt
1088 1108 1153 1176 tali
1182 1106 1322 1185 ordine,
1348 1109 1386 1174 ut
1408 1108 1531 1176 amodo
1554 1111 1589 1177 et
1615 1127 1720 1195 usque
1754 1110 1875 1179 diebus
1908 1111 1977 1180 bite
2011 1130 2085 1179 mee
2120 1110 2163 1178 ad
2197 1115 2317 1182 nostra
2349 1113 2425 1181 illos

566 1267 756 1334 habeamus
779 1263 948 1347 potestate
969 1261 1154 1330 tenendum
1178 1264 1213 1329 et
1238 1260 1496 1340 dominandum,
1522 1263 1614 1332 etin
1636 1263 1713 1348 ipsa
1735 1265 1882 1332 ccclesia
1905 1263 2031 1332 cotidie
2058 1264 2114 1332 dic
2146 1267 2319 1350 noctuque
2352 1267 2423 1334 offi-

524 1377 532 1390 ,
567 1419 699 1486 ciamus
723 1435 787 1485 nos
809 1418 845 1483 et
866 1418 976 1483 cleros
999 1432 1100 1498 quern
1120 1414 1167 1479 ibi
1191 1413 1397 1490 miserimus,
1424 1413 1512 1480 sicut
1535 1415 1723 1502 meruerit3
1748 1418 1783 1484 et
1805 1417 1936 1500 quanta
1959 1418 2080 1484 offerta
2101 1419 2136 1483 et
2157 1419 2335 1502 sepultura
2359 1418 2423 1485 ibi·

568 1572 645 1641 dem
670 1568 858 1648 introierit,
885 1571 994 1636 totum
1018 1567 1095 1634 illut
1118 1565 1217 1634 nobis
1241 1567 1438 1634 habeamus:
1464 1567 1599 1634 tantum
1624 1585 1686 1653 per
1710 1568 1787 1652 ipsa
1803 1569 1991 1637 lestibitatc
2006 1568 2115 1636 sancti
2131 1570 2273 1636 iohanni
2289 1587 2421 1638 annua-

568 1723 648 1791 liter
671 1722 790 1790 de'mus
815 1720 895 1788 inde
918 1721 1057 1787 illorum
1082 1719 1195 1786 oblato
1218 1719 1320 1802 paria
1341 1717 1409 1784 dua
1431 1718 1466 1784 et
1489 1717 1660 1803 quadtuor
1683 1737 1804 1792 cerea,
1827 1721 1861 1787 et
1883 1720 1921 1787 in
1945 1711 2036 1788 c'asis
2070 1721 2104 1787 et
2138 1723 2238 1789 rebus
2268 1721 2421 1806 predicte

565 1877 710 1945 ecclesie
735 1875 954 1951 habitemus,
981 1874 1015 1940 et
1040 1872 1152 1940 omnis
1176 1872 1295 1938 nostra
1320 1871 1468 1938 utilitate
1490 1871 1538 1938 ibi
1560 1874 1595 1938 et
1618 1873 1655 1939 in
1679 1873 1756 1957 ipsa
1779 1873 1927 1940 ccclesia
1949 1873 2051 1940 iuxta
2078 1873 2213 1940 ratione
2243 1873 2419 1945 iaciamus,

550 1993 600 2099 'et
622 2029 732 2098 bineis
756 2028 863 2113 ipsius
894 2026 1039 2094 ecclesie
1069 2025 1266 2092 annualiter
1295 2025 1509 2109 temporibus
1533 2027 1605 2094 suis
1635 2045 1698 2093 nos
1727 2028 1762 2094 et
1784 2025 1982 2093 hominibus
2012 2044 2115 2111 quam
2147 2027 2194 2093 ihi
2216 2026 2419 2104 miserimus,

567 2183 765 2250 lavoremus
782 2181 816 2248 et
832 2181 998 2248 cultemus
1014 2177 1057 2246 dc
1074 2195 1178 2262 super
1193 2177 1285 2274 etde
1299 2179 1431 2261 supter,
1450 2178 1537 2246 sicut
1561 2180 1655 2246 locus
1679 2179 1753 2262 ipsc
1777 2179 1943 2246 meruerit
1967 2181 2004 2244 nt
2028 2181 2114 2246 bcne
2137 2177 2265 2262 paread
2288 2181 2420 2246 lavora-

566 2333 652 2408 tunr,
671 2335 839 2416 quatenus
858 2329 970 2397 bineis
987 2328 1060 2413 ipse
1078 2327 1263 2412 proficiant
1279 2329 1314 2394 ct
1328 2345 1399 2395 non
1414 2326 1626 2412 dispereant,
1645 2331 1678 2396 et
1694 2326 1805 2394 omnis
1822 2327 1974 2412 frugium
1990 2331 2024 2394 et
2046 2330 2197 2396 levorem
2212 2326 2256 2396 de
2272 2329 2349 2413 ipsa
2370 2347 2421 2396 re

569 2488 632 2552 bus
648 2488 682 2552 et
699 2484 811 2550 bineis
827 2483 945 2548 nostre
959 2482 1005 2550 sit
1022 2480 1183 2565 potestati
1201 2478 1349 2546 faciendi
1365 2477 1452 2563 qnod
1470 2477 1692 2558 voluerimus
1712 2481 1746 2547 et
1761 2480 1892 2547 nullarn
1908 2478 1989 2546 inde
2003 2479 2101 2546 nohis
2116 2481 2286 2548 tollerent.
2306 2481 2419 2563 preter

567 2635 767 2704 annualiter
789 2634 908 2703 demus
924 2633 1063 2700 illorum
1080 2632 1124 2701 de
1139 2633 1234 2701 cetra
1250 2650 1351 2718 poma
1374 2631 1511 2717 quando
1535 2633 1697 2702 habuerit
1723 2631 1848 2716 biginti
1876 2633 1991 2700 cetrea
2013 2649 2115 2708 vona,
2135 2632 2168 2699 ot
2191 2630 2331 2716 quando
2356 2631 2421 2699 illis

565 2790 619 2854 vel
636 2788 803 2854 uxoribus
832 2787 971 2854 illorum
1001 2783 1129 2852 ibidem
1159 2785 1328 2862 benerint,
1347 2784 1553 2868 potestatem
1579 2784 1730 2852 habeant
1758 2785 1795 2850 in
1818 2784 1896 2868 ipsa
1921 2783 2063 2851 ecclesia
2089 2785 2123 2850 et
2153 2785 2241 2851 casis
2264 2788 2301 2852 et
2322 2787 2419 2854 rebus

561 2937 670 3008 eidem
687 2937 832 3005 ecclesie
848 2936 1007 3012 introire,
1027 2937 1061 3004 et
1076 2934 1188 3004 omnis
1206 2953 1266 3002 sue
1282 2934 1443 3002 utilitatis
1458 2935 1506 3002 ibi
1522 2935 1691 3020 lacerent3
1708 2935 1743 3002 et
1758 2935 2021 3002 reserbaverunt
2043 2951 2104 3002 sue
2117 2935 2278 3018 potestati
2295 2937 2419 3004 haben-

565 3091 646 3157 dum
662 3091 851 3160 tornacum
867 3090 982 3168 vinea,
1000 3107 1067 3176 que
1083 3091 1137 3156 est
1151 3090 1254 3158 extra
1270 3089 1382 3156 vineis
1398 3087 1506 3174 ipsius
1522 3090 1747 3174 ecclesieque
1763 3089 1815 3156 est
1831 3087 1960 3156 bitineo
1984 3091 2234 3173 marcangello.
2261 3089 2304 3156 ad
2328 3091 2418 3156 hobi-

562 3245 635 3309 tum
659 3261 771 3310 meum
786 3241 1001 3310 dimittamus
1023 3257 1087 3308 nos
1110 3240 1153 3306 de
1175 3241 1294 3307 nostra
1309 3256 1414 3307 causa
1430 3239 1466 3304 in
1491 3239 1567 3323 ipsa
1590 3239 1734 3307 ecclesia
1758 3257 1864 3308 unum
1888 3237 2107 3309 antelanario
2130 3257 2272 3306 romano
2295 3243 2331 3308 et
2354 3257 2416 3309 unc

561 3394 676 3461 orario
699 3395 865 3464 cinnum
889 3393 1066 3474 amniictu.
1087 3395 1164 3477 post
1181 3409 1263 3460 vero
1280 3410 1394 3458 meum
1411 3392 1567 3458 hobitum
1589 3391 1794 3476 potestatem
1819 3392 1971 3459 habeant
1993 3391 2053 3458 ille
2076 3393 2190 3470 homo,
2210 3391 2266 3458 cui
2289 3409 2351 3476 per
2366 3411 2416 3458 me

564 3545 767 3630 dispositum
784 3546 890 3613 fuerit
912 3547 963 3614 vel
981 3545 1037 3613 cui
1054 3547 1145 3612 hunc
1170 3545 1307 3611 brebem
1331 3545 1378 3610 irn
1403 3562 1507 3612 manu
1524 3545 1694 3630 paruerit,
1710 3544 1778 3612 alia
1794 3543 1905 3612 omnis
1932 3561 2008 3610 mea
2024 3542 2165 3610 movilia
2188 3542 2270 3612 inde
2284 3545 2413 3620 tollere,

563 3701 678 3781 scepto
694 3697 785 3764 casis
800 3698 834 3766 et
850 3699 985 3766 lavores
1001 3712 1103 3783 quam
1119 3695 1166 3762 ibi
1183 3696 1375 3774 fecerimus
1393 3697 1428 3762 et
1443 3695 1514 3762 illis
1536 3696 1669 3763 nullam
1692 3692 1774 3762 inde
1790 3696 1962 3762 contrane.
1983 3694 2026 3762 de
2042 3713 2109 3780 qua
2124 3697 2368 3780 obligaverunt
2384 3716 2416 3764 se

564 3850 632 3934 ipsi
649 3850 811 3935 germani
827 3852 861 3918 et
877 3851 949 3918 suis
965 3849 1150 3917 heredibus
1166 3848 1289 3916 amodo
1305 3851 1339 3916 et
1354 3848 1474 3916 diebus
1492 3849 1561 3916 bite
1577 3867 1651 3918 mee
1665 3847 1884 3918 defensarent
1899 3849 1986 3916 mihi
2010 3849 2088 3934 ipsa
2102 3851 2249 3918 ecclesia
2263 3851 2298 3918 et
2314 3850 2416 3918 bineis

566 4001 601 4068 et
616 4003 717 4070 rebus
734 4000 890 4086 predicte
906 4001 1051 4069 ecclesie
1065 4018 1142 4065 cum
1160 3999 1318 4066 omnibns
1334 4000 1404 4067 suis
1418 3993 1639 4085 pertinentiis
1662 3999 1708 4067 da
1722 4001 1835 4068 omnis
1844 3978 2005 4070 ¹homines
2029 4001 2189 4086 omnique
2211 4002 2366 4086 partibus
2385 4004 2416 4071 et

562 4172 633 4222 non
651 4153 730 4222 illut
746 4156 800 4222 vel
817 4139 942 4224 exinde
957 4153 1056 4219 nobis
1072 4154 1244 4220 contrane.
1266 4151 1357 4220 unde
1379 4151 1423 4220 do
1439 4154 1557 4220 omnia
1573 4153 1814 4238 suprascripta
1835 4153 1935 4220 nobis
1955 4151 2229 4246 adimplendum,
2248 4173 2312 4239 per
2335 4171 2416 4222 vona

562 4305 820 4374 combenientia
836 4304 968 4389 guadia
984 4304 1072 4372 mihi
1089 4303 1157 4388 ipsi
1174 4303 1336 4388 germani
1353 4321 1416 4388 per
1433 4304 1649 4371 absolutione
1667 4303 1776 4389 ipsius
1792 4303 1945 4389 genitori
1962 4322 2024 4371 suo
2038 4302 2217 4384 dederunt,
2236 4307 2271 4372 et
2294 4303 2415 4373 media·

564 4459 675 4524 torem
691 4457 780 4523 mihi
796 4459 984 4540 posuerunt
999 4454 1215 4524 domnandus
1232 4456 1324 4523 iilius
1341 4454 1515 4540 quondam
1532 4455 1703 4524 romoaldi
1718 4477 1727 4542 3
1753 4457 1788 4522 et
1804 4475 1865 4541 per
1880 4457 1959 4541 ipsa
1974 4456 2105 4542 guadia
2119 4455 2363 4541 obligaverunt
2383 4474 2416 4524 se

568 4610 704 4694 suisque
721 4607 918 4687 heredibus,
931 4611 971 4674 ut
986 4607 1014 4676 si
1031 4608 1165 4693 aliquit,
1181 4605 1224 4676 de
1241 4607 1331 4693 quod
1348 4607 1505 4692 superius
1519 4609 1661 4692 legitur,
1676 4608 1866 4693 quesierint
1882 4625 2061 4676 removere
2076 4611 2137 4676 aut
2151 4610 2312 4677 contrane
2325 4611 2358 4677 et
2372 4609 2418 4675 ta·

517 4777 520 4782 ·
566 4761 615 4828 lia
630 4777 700 4828 non
718 4758 999 4844 adimpleverint,
1018 4776 1225 4844 componere
1240 4761 1486 4845 obligaverunt
1507 4780 1543 4828 se
1558 4761 1695 4846 suisque
1710 4759 1899 4828 heredibus
1914 4758 2011 4838 mihi,
2031 4762 2085 4828 vel
2102 4761 2156 4828 cui
2173 4762 2263 4828 hunc
2286 4761 2417 4829 brebem

564 4913 602 4979 in
618 4930 722 4980 manu
740 4911 907 4995 paruerit,
926 4909 1075 4994 triginta
1098 4911 1175 4978 auri
1198 4911 1325 4980 solidos
1348 4913 1569 4981 costantinos.
1592 4914 1837 4990 verumtamen,
1863 4911 1893 4980 si
1917 4911 1954 4979 in
1978 4913 2056 4997 ipsa
2078 4913 2224 4980 ecclesia
2247 4911 2415 4981 introierit

563 5065 697 5135 codices
714 5067 768 5134 vel
784 5083 931 5150 pannoS,
950 5066 1011 5132 aut
1027 5059 1115 5132 aliut
1131 5083 1196 5150 qne
1212 5065 1255 5132 ad
1273 5065 1429 5135 ordinem
1445 5068 1667 5136 ecclesiarum
1685 5065 1807 5134 ordine
1822 5063 2001 5149 meruerit,
2017 5065 2087 5134 sint
2111 5064 2154 5132 ad
2178 5068 2347 5150 potestate
2369 5066 2416 5150 ip

564 5217 636 5284 sius
651 5216 808 5294 ecclesie,
828 5220 863 5283 et
879 5217 1007 5284 nullam
1024 5215 1107 5284 inde
1122 5217 1292 5294 tollamus
1308 5219 1443 5284 tanturn
1459 5217 1580 5286 diebus
1596 5218 1665 5287 bite
1681 5235 1757 5284 mee
1774 5215 1817 5284 ad
1834 5218 1953 5284 nostra
1969 5215 2039 5284 sint
2055 5215 2222 5300 potestate
2236 5213 2415 5286 tenendum

481 5375 485 5384 “
564 5371 598 5436 et
613 5368 824 5437 habendum.
844 5371 880 5436 et
894 5386 961 5454 ego
977 5369 1097 5454 petrus
1113 5369 1270 5438 notarius
1286 5369 1427 5438 interlui
1443 5372 1478 5438 et
1494 5372 1587 5438 hunc
1603 5372 1740 5437 brebem
1754 5369 1890 5453 scripsi.

621 5495 651 5607 †
666 5539 732 5608 ego
747 5521 941 5592 audericus
956 5524 1115 5592 notarius
1133 5541 1186 5592 me
1204 5523 1391 5608 subscripsi

623 5645 653 5756 †
668 5690 735 5760 ego
751 5672 937 5743 dauferius.

623 5800 734 5913 †ego
751 5829 903 5896 ioannes
