5378 7098
1147 607 1152 624 .
1193 511 1430 585 llONlTUlll
1894 513 1897 522 ⁴
2144 545 2173 592 ut

373 777 414 848 et
450 715 659 849 landolfo
701 789 856 847 nomen
893 773 994 858 erat,
1026 759 1293 845 multitudine
1332 787 1483 872 magna
1520 787 1742 873 procorum
1779 764 1963 863 favente,
1989 794 2030 851 se
2066 767 2229 852 Salerni

372 943 602 1056 principem
654 943 821 1028 clamat.
856 943 1016 1026 Verum
1059 942 1204 1054 paucis
1246 953 1338 1053 post
1389 939 1602 1025 mensibus
1645 942 1879 1028 Pandolsus
1929 943 2225 1058 Capilerreus,

372 1121 605 1207 Beneventi
648 1132 688 1204 et
730 1122 896 1234 Capuae
939 1121 1164 1233 princeps,
1200 1131 1286 1202 tam
1328 1121 1511 1203 immane
1554 1121 1717 1206 lacinus
1760 1121 2030 1234 indignam,
2076 1155 2229 1238 magna

373 1331 585 1388 armorum
630 1301 670 1383 vi
713 1302 935 1388 Salernum
979 1301 1171 1398 obsidet,
1219 1315 1510 1413 usurpatorem
1560 1298 1754 1413 profligat
1797 1302 1956 1388 Gisullo
2005 1303 2230 1419 imperium

373 1484 563 1568 restituit.
612 1483 721 1582 Qui,
759 1511 870 1567 anno
919 1481 1237 1596 nongentesimo
1287 1482 1594 1595 septuagesimo
1644 1482 1820 1594 quinto,
1858 1484 2117 1599 principatus
2165 1489 2231 1574 sui

374 1667 698 1780 quadragesimo
741 1666 955 1764 secundo,
998 1666 1040 1748 in
1082 1665 1186 1776 grati
1229 1664 1357 1749 animi
1398 1676 1630 1762 tesseram,
1671 1666 1955 1766 Pandolfum,
1995 1670 2229 1782 legitimum

373 1849 602 1964 Capiferrei
635 1847 783 1945 lilium,
812 1849 852 1932 in
888 1847 1021 1933 tilium
1054 1862 1178 1960 atque
1211 1846 1372 1959 imperii
1407 1845 1605 1932 heredem
1638 1847 1819 1960 adoptat.
1854 1847 2079 1936 Praeterea
2100 1853 2226 1939 Guai·

371 2029 551 2114 marium
593 2043 633 2114 et
674 2028 937 2114 Guaiserium
970 2025 1119 2114 Gisulli
1160 2041 1347 2138 nepotes,
1381 2026 1528 2138 quiin
1562 2039 1644 2108 tam
1678 2005 1836 2111 nefaria
1869 2029 2228 2115 Salernitanorum

337 2206 621 2322 proditione,
658 2208 696 2292 ei
728 2233 881 2316 magna
913 2205 1123 2292 fidelitatis
1155 2208 1406 2292 documenta
1438 2205 1654 2304 dederant,
1687 2207 1845 2321 ingenti
1878 2221 2084 2293 terrarum
2106 2210 2227 2321 copia

370 2390 612 2502 impertivit.
649 2390 773 2488 Quod
806 2418 826 2472 e
861 2391 1044 2502 quadam
1078 2389 1281 2474 sententia
1320 2402 1586 2514 perspectum
1623 2389 1827 2476 hahemus
1864 2389 1946 2474 lata
1987 2389 2029 2473 in
2073 2391 2229 2478 iudicio

371 2569 478 2654 inter
520 2569 630 2684 ipsos
673 2571 963 2656 Guaimarinm
1006 2586 1046 2655 et
1088 2570 1384 2667 Guaiferium,
1425 2583 1465 2653 et
1506 2568 1743 2654 Guidooem
1780 2569 2012 2656 Guaimarii
2057 2571 2230 2656 Comitis

369 2747 519 2848 lilium,
551 2752 781 2836 Ademario
825 2765 864 2835 et
906 2711 1048 2837 Petro
1070 2751 1280 2837 iudicibus
1304 2753 1347 2860 ¹).

458 2931 687 3042 Postquam
720 2911 905 3016 Gisulfus
936 2932 1018 3016 lato
1051 2901 1287 3029 concessit,
1322 2931 1552 3016 Pandollus
1584 2959 1681 3016 cum
1721 2932 1810 3014 eius
1851 2932 2070 3043 superstite
2102 2959 2226 3016 uxore

370 3109 547 3194 Gemma
590 3138 674 3195 uno
717 3111 783 3194 rel
824 3112 954 3194 altero
997 3138 1141 3194 mense
1185 3111 1431 3224 imperavit,
1473 3123 1534 3206 et,
1581 3111 1757 3196 Gemma
1799 3110 2026 3208 defuncta,
2067 3126 2227 3225 patrem

369 3321 494 3377 suum
527 3292 812 3404 Capilerreum
839 3283 1286 3405 principatus'socium
1308 3293 1497 3378 adscivit.
1525 3293 1623 3390 Sed,
1649 3302 1764 3402 patre
1787 3292 1954 3390 amisse,
1980 3292 2052 3405 qui
2083 3321 2227 3378 mense

308 3437 313 3448 .
373 3432 536 3604 martio
565 3476 819 3586 octogesimo
861 3476 996 3588 primo
1039 3504 1148 3561 anno
1194 3503 1319 3586 supra
1362 3476 1733 3589 nongentesimum
1775 3488 1952 3559 mortem
1997 3475 2224 3574 occubuit,

372 3681 483 3740 unus
524 3655 748 3768 imperavit
792 3669 873 3740 toto
916 3656 1087 3740 forsitan
1131 3682 1272 3755 anno,
1314 3684 1397 3768 quo
1446 3654 1703 3767 principatus
1749 3653 1813 3738 sui
1857 3679 1922 3737 res
1974 3655 2081 3738 male
2124 3655 2226 3738 verti

375 3847 592 3946 ceperunt.
626 3837 752 3933 Nam,
784 3863 880 3919 cum
914 3836 1022 3921 Otho
1056 3836 1096 3920 ll
1130 3834 1370 3948 imperator,
1404 3837 1586 3919 exercitu
1620 3861 1670 3918 ex
1705 3833 1942 3919 colluvione
1976 3833 2226 3919 Germaniae

372 4014 600 4127 Italiaeque
633 4017 819 4128 gentium
850 4018 980 4102 mixto
1013 4019 1270 4105 Graecorum
1303 4016 1479 4102 ditiones
1511 4018 1554 4100 in
1588 4016 1781 4131 Calabria
1807 4029 1845 4100 et
1873 4015 2028 4128 Apulia
2058 4041 2222 4128 aggres-

371 4223 440 4279 sus
472 4209 547 4292 est,
580 4196 613 4280 is
647 4211 738 4310 post
760 4199 896 4283 varios
929 4198 1025 4283 belli
1059 4226 1196 4296 casus,
1232 4229 1255 4283 a
1295 4199 1513 4286 Saracenis
1545 4197 1802 4284 Graecorum
1833 4195 2077 4292 auxiliariis,
2108 4196 2226 4282 lusus

370 4391 445 4474 est,
478 4392 517 4461 et
559 4379 601 4460 in
643 4377 787 4490 lugam
829 4380 1056 4464 coniectos.
1088 4381 1228 4493 Atque
1271 4380 1347 4463 hac
1391 4379 1536 4477 clade,
1574 4405 1655 4490 qua
1699 4377 1951 4464 Germaniae
2000 4391 2040 4460 et
2081 4379 2224 4463 ltaliae

370 4573 428 4645 tot
467 4559 686 4646 hominum
730 4561 860 4646 millia
904 4561 1137 4647 obtruncati
1179 4574 1289 4659 sunt,
1325 4550 1567 4646 universam
1608 4559 1847 4672 principum
1889 4559 2119 4644 Beneventi
2165 4558 2220 4640 l-

334 4740 541 4856 imiliam,
569 4767 799 4854 omnesque
837 4739 1033 4828 Pandolli
1066 4743 1315 4831 salernitani
1357 4741 1558 4856 principis
1591 4742 1940 4854 consanguineos,
1967 4739 2223 4825 Pandollum

241 4942 244 4951 ’
368 4917 525 5003 scilicet
559 4919 793 5032 principem
831 4920 1097 5036 Capuanum,
1127 4923 1381 5034 fratremque
1402 4922 1664 5018 Atenollum,
1700 4920 1909 5006 Othonem
1938 4932 2118 5016 secutos,
2146 4919 2220 5002 mi-

368 5121 458 5180 sere
501 5123 644 5182 caesos
686 5096 811 5184 luisse
841 5100 1070 5187 memoriae
1101 5101 1311 5213 proditum
1344 5114 1419 5185 est.
1453 5099 1628 5184 Interim
1660 5097 2104 5212 Mauso,·Amalphiae
2128 5097 2223 5182 Dux

367 5277 615 5392 iampridem
647 5279 896 5366 Salernitani
926 5283 1182 5398 principatus
1215 5283 1431 5396 adpetens
1454 5281 1673 5368 Salernum
1698 5292 1806 5364 terra
1831 5280 2018 5392 marique
2041 5276 2218 5375 obsidet,

445 5671 469 5747 ⁴)
491 5668 572 5730 Vide
595 5671 760 5749 presentis
783 5670 927 5730 Volumis
952 5689 1022 5750 pag.
1047 5670 1120 5732 209.
