<?xml version="1.0" encoding="UTF-8"?>
<!DOCTYPE html PUBLIC "-//W3C//DTD XHTML 1.0 Transitional//EN"
    "http://www.w3.org/TR/xhtml1/DTD/xhtml1-transitional.dtd">
<html xmlns="http://www.w3.org/1999/xhtml" xml:lang="en" lang="en">
 <head>
  <title>
</title>
<meta http-equiv="Content-Type" content="text/html;charset=utf-8" />
  <meta name='ocr-system' content='tesseract 3.04.00' />
  <meta name='ocr-capabilities' content='ocr_page ocr_carea ocr_par ocr_line ocrx_word'/>
</head>
<body>
  <div class='ocr_page' id='page_1' title='image "./codexdiplomatic07aragoog_0117.png"; bbox 0 0 5286 7098; ppageno 0'>
   <div class='ocr_carea' id='block_1_1' title="bbox 547 616 1707 722">
    <p class='ocr_par' dir='ltr' id='par_1_1' title="bbox 547 616 1707 722">
     <span class='ocr_line' id='line_1_1' title="bbox 547 616 1707 722; baseline -0.009 -20"><span class='ocrx_word' id='word_1_1' title='bbox 547 641 587 702; x_wconf 75' lang='lat' dir='ltr'>n</span> <span class='ocrx_word' id='word_1_2' title='bbox 1212 616 1376 693; x_wconf 83' lang='lat' dir='ltr'>comm</span> <span class='ocrx_word' id='word_1_3' title='bbox 1419 619 1654 720; x_wconf 81' lang='lat' dir='ltr'>olvnnsrs</span> <span class='ocrx_word' id='word_1_4' title='bbox 1702 715 1707 722; x_wconf 83' lang='lat'>.</span> 
     </span>
    </p>
   </div>
   <div class='ocr_carea' id='block_1_2' title="bbox 449 860 2364 2022">
    <p class='ocr_par' dir='ltr' id='par_1_2' title="bbox 449 860 2364 2022">
     <span class='ocr_line' id='line_1_2' title="bbox 499 860 2364 954; baseline -0.005 -18"><span class='ocrx_word' id='word_1_5' title='bbox 499 887 697 954; x_wconf 89' lang='lat' dir='ltr'>presummo</span> <span class='ocrx_word' id='word_1_6' title='bbox 714 886 780 954; x_wconf 84' lang='lat' dir='ltr'>ego</span> <span class='ocrx_word' id='word_1_7' title='bbox 796 870 857 936; x_wconf 86' lang='lat' dir='ltr'>aut</span> <span class='ocrx_word' id='word_1_8' title='bbox 873 867 1018 936; x_wconf 89' lang='lat' dir='ltr'>heredes</span> <span class='ocrx_word' id='word_1_9' title='bbox 1034 866 1121 934; x_wconf 90' lang='lat' dir='ltr'>meis</span> <span class='ocrx_word' id='word_1_10' title='bbox 1137 884 1202 934; x_wconf 90' lang='lat' dir='ltr'>nec</span> <span class='ocrx_word' id='word_1_11' title='bbox 1219 866 1409 934; x_wconf 83' lang='lat' dir='ltr'>habeamus</span> <span class='ocrx_word' id='word_1_12' title='bbox 1424 865 1599 935; x_wconf 84' lang='lat' dir='ltr'><strong>licentiam</strong></span> <span class='ocrx_word' id='word_1_13' title='bbox 1616 883 1676 932; x_wconf 90' lang='lat' dir='ltr'>vos</span> <span class='ocrx_word' id='word_1_14' title='bbox 1692 863 1762 932; x_wconf 90' lang='lat' dir='ltr'>vite</span> <span class='ocrx_word' id='word_1_15' title='bbox 1778 867 1890 932; x_wconf 78' lang='lat' dir='ltr'><strong>vestre</strong></span> <span class='ocrx_word' id='word_1_16' title='bbox 1906 861 2032 930; x_wconf 82' lang='lat' dir='ltr'>exinde</span> <span class='ocrx_word' id='word_1_17' title='bbox 2049 860 2177 930; x_wconf 82' lang='lat' dir='ltr'>iactare</span> <span class='ocrx_word' id='word_1_18' title='bbox 2199 877 2262 946; x_wconf 91' lang='lat' dir='ltr'>per</span> <span class='ocrx_word' id='word_1_19' title='bbox 2285 862 2364 928; x_wconf 90' lang='lat' dir='ltr'>nul-</span> 
     </span>
     <span class='ocr_line' id='line_1_3' title="bbox 500 1013 2361 1107; baseline -0.004 -19"><span class='ocrx_word' id='word_1_20' title='bbox 500 1025 570 1089; x_wconf 91' lang='lat' dir='ltr'>lum</span> <span class='ocrx_word' id='word_1_21' title='bbox 586 1019 744 1107; x_wconf 83' lang='lat' dir='ltr'>modum3</span> <span class='ocrx_word' id='word_1_22' title='bbox 762 1021 825 1099; x_wconf 89' lang='lat' dir='ltr'>set,</span> <span class='ocrx_word' id='word_1_23' title='bbox 844 1022 882 1087; x_wconf 90' lang='lat' dir='ltr'>ut</span> <span class='ocrx_word' id='word_1_24' title='bbox 897 1018 1063 1096; x_wconf 85' lang='lat' dir='ltr'>diximus,</span> <span class='ocrx_word' id='word_1_25' title='bbox 1083 1021 1161 1104; x_wconf 89' lang='lat' dir='ltr'>post</span> <span class='ocrx_word' id='word_1_26' title='bbox 1177 1019 1307 1086; x_wconf 84' lang='lat' dir='ltr'>cultum</span> <span class='ocrx_word' id='word_1_27' title='bbox 1332 1017 1569 1103; x_wconf 77' lang='lat' dir='ltr'>suprascripte</span> <span class='ocrx_word' id='word_1_28' title='bbox 1586 1018 1716 1102; x_wconf 83' lang='lat' dir='ltr'>agathe</span> <span class='ocrx_word' id='word_1_29' title='bbox 1731 1013 1848 1084; x_wconf 82' lang='lat' dir='ltr'>ambas</span> <span class='ocrx_word' id='word_1_30' title='bbox 1864 1019 1981 1101; x_wconf 88' lang='lat' dir='ltr'>partes</span> <span class='ocrx_word' id='word_1_31' title='bbox 2003 1032 2210 1100; x_wconf 89' lang='lat' dir='ltr'>permanere</span> <span class='ocrx_word' id='word_1_32' title='bbox 2233 1013 2361 1082; x_wconf 90' lang='lat' dir='ltr'>debea-</span> 
     </span>
     <span class='ocr_line' id='line_1_4' title="bbox 500 1169 2359 1260; baseline -0.005 -19"><span class='ocrx_word' id='word_1_33' title='bbox 500 1193 575 1243; x_wconf 87' lang='lat' dir='ltr'>mus</span> <span class='ocrx_word' id='word_1_34' title='bbox 598 1175 634 1242; x_wconf 90' lang='lat' dir='ltr'>in</span> <span class='ocrx_word' id='word_1_35' title='bbox 656 1190 776 1244; x_wconf 90' lang='lat' dir='ltr'>omnes</span> <span class='ocrx_word' id='word_1_36' title='bbox 798 1173 989 1252; x_wconf 88' lang='lat' dir='ltr'>hordines,</span> <span class='ocrx_word' id='word_1_37' title='bbox 1015 1191 1101 1260; x_wconf 91' lang='lat' dir='ltr'>quos</span> <span class='ocrx_word' id='word_1_38' title='bbox 1123 1173 1363 1259; x_wconf 89' lang='lat' dir='ltr'>suprascripta</span> <span class='ocrx_word' id='word_1_39' title='bbox 1388 1170 1549 1238; x_wconf 89' lang='lat' dir='ltr'>chartula</span> <span class='ocrx_word' id='word_1_40' title='bbox 1574 1175 1689 1238; x_wconf 87' lang='lat' dir='ltr'>vestra</span> <span class='ocrx_word' id='word_1_41' title='bbox 1718 1171 1872 1238; x_wconf 90' lang='lat' dir='ltr'>continet</span> <span class='ocrx_word' id='word_1_42' title='bbox 1893 1169 1962 1238; x_wconf 85' lang='lat' dir='ltr'>uite</span> <span class='ocrx_word' id='word_1_43' title='bbox 1987 1170 2112 1237; x_wconf 79' lang='lat' dir='ltr'>vestre.</span> <span class='ocrx_word' id='word_1_44' title='bbox 2138 1169 2216 1254; x_wconf 88' lang='lat' dir='ltr'>post</span> <span class='ocrx_word' id='word_1_45' title='bbox 2243 1169 2359 1234; x_wconf 89' lang='lat' dir='ltr'>aulem</span> 
     </span>
     <span class='ocr_line' id='line_1_5' title="bbox 501 1319 2360 1410; baseline -0.003 -20"><span class='ocrx_word' id='word_1_46' title='bbox 501 1327 653 1394; x_wconf 89' lang='lat' dir='ltr'>vestrum</span> <span class='ocrx_word' id='word_1_47' title='bbox 677 1324 855 1394; x_wconf 89' lang='lat' dir='ltr'>amborum</span> <span class='ocrx_word' id='word_1_48' title='bbox 881 1325 1067 1394; x_wconf 82' lang='lat' dir='ltr'>transitum</span> <span class='ocrx_word' id='word_1_49' title='bbox 1092 1323 1334 1410; x_wconf 88' lang='lat' dir='ltr'>suprascripta</span> <span class='ocrx_word' id='word_1_50' title='bbox 1356 1322 1497 1406; x_wconf 82' lang='lat' dir='ltr'>integra</span> <span class='ocrx_word' id='word_1_51' title='bbox 1518 1320 1666 1389; x_wconf 89' lang='lat' dir='ltr'>ecclesia</span> <span class='ocrx_word' id='word_1_52' title='bbox 1688 1338 1768 1387; x_wconf 91' lang='lat' dir='ltr'>cum</span> <span class='ocrx_word' id='word_1_53' title='bbox 1792 1319 1949 1388; x_wconf 89' lang='lat' dir='ltr'>omnibus</span> <span class='ocrx_word' id='word_1_54' title='bbox 1971 1319 2221 1406; x_wconf 84' lang='lat' dir='ltr'>suprascriptis</span> <span class='ocrx_word' id='word_1_55' title='bbox 2243 1336 2286 1386; x_wconf 88' lang='lat' dir='ltr'>ex</span> <span class='ocrx_word' id='word_1_56' title='bbox 2317 1335 2360 1386; x_wconf 85' lang='lat' dir='ltr'>ea</span> 
     </span>
     <span class='ocr_line' id='line_1_6' title="bbox 500 1434 2359 1564; baseline -0.003 -20"><span class='ocrx_word' id='word_1_57' title='bbox 500 1434 712 1560; x_wconf 80' lang='lat' dir='ltr'>pertinentes</span> <span class='ocrx_word' id='word_1_58' title='bbox 728 1478 955 1564; x_wconf 90' lang='lat' dir='ltr'>omnibusque</span> <span class='ocrx_word' id='word_1_59' title='bbox 977 1477 1030 1546; x_wconf 91' lang='lat' dir='ltr'>eis</span> <span class='ocrx_word' id='word_1_60' title='bbox 1052 1476 1315 1563; x_wconf 89' lang='lat' dir='ltr'>pertinentibus,</span> <span class='ocrx_word' id='word_1_61' title='bbox 1332 1477 1371 1541; x_wconf 90' lang='lat' dir='ltr'>ut</span> <span class='ocrx_word' id='word_1_62' title='bbox 1394 1493 1503 1558; x_wconf 87' lang='lat' dir='ltr'>supra</span> <span class='ocrx_word' id='word_1_63' title='bbox 1526 1473 1669 1558; x_wconf 81' lang='lat' dir='ltr'>legitur,</span> <span class='ocrx_word' id='word_1_64' title='bbox 1690 1475 1912 1542; x_wconf 89' lang='lat' dir='ltr'>rebertantur</span> <span class='ocrx_word' id='word_1_65' title='bbox 1936 1475 1971 1540; x_wconf 92' lang='lat' dir='ltr'>et</span> <span class='ocrx_word' id='word_1_66' title='bbox 1994 1473 2064 1542; x_wconf 91' lang='lat' dir='ltr'>sint</span> <span class='ocrx_word' id='word_1_67' title='bbox 2088 1473 2294 1558; x_wconf 87' lang='lat' dir='ltr'>potestatem</span> <span class='ocrx_word' id='word_1_68' title='bbox 2315 1469 2359 1539; x_wconf 92' lang='lat' dir='ltr'>de</span> 
     </span>
     <span class='ocr_line' id='line_1_7' title="bbox 449 1626 2360 1717; baseline -0.006 -14"><span class='ocrx_word' id='word_1_69' title='bbox 449 1657 451 1665; x_wconf 70' lang='grc'><em>’</em></span> <span class='ocrx_word' id='word_1_70' title='bbox 499 1631 735 1717; x_wconf 85' lang='lat' dir='ltr'>suprascripto</span> <span class='ocrx_word' id='word_1_71' title='bbox 750 1634 872 1700; x_wconf 87' lang='lat' dir='ltr'>sancto</span> <span class='ocrx_word' id='word_1_72' title='bbox 894 1635 928 1700; x_wconf 91' lang='lat' dir='ltr'>et</span> <span class='ocrx_word' id='word_1_73' title='bbox 949 1630 1141 1700; x_wconf 85' lang='lat' dir='ltr'>venerabili</span> <span class='ocrx_word' id='word_1_74' title='bbox 1163 1632 1283 1698; x_wconf 88' lang='lat' dir='ltr'>nostro</span> <span class='ocrx_word' id='word_1_75' title='bbox 1306 1629 1530 1707; x_wconf 84' lang='lat' dir='ltr'>monasterio,</span> <span class='ocrx_word' id='word_1_76' title='bbox 1549 1627 1636 1706; x_wconf 80' lang='lat' dir='ltr'>Quia</span> <span class='ocrx_word' id='word_1_77' title='bbox 1659 1628 1710 1696; x_wconf 87' lang='lat' dir='ltr'>lta</span> <span class='ocrx_word' id='word_1_78' title='bbox 1733 1627 1832 1694; x_wconf 91' lang='lat' dir='ltr'>nobis</span> <span class='ocrx_word' id='word_1_79' title='bbox 1855 1626 2082 1712; x_wconf 78' lang='lat' dir='ltr'>complacuit.</span> <span class='ocrx_word' id='word_1_80' title='bbox 2098 1627 2134 1695; x_wconf 91' lang='lat' dir='ltr'>Si</span> <span class='ocrx_word' id='word_1_81' title='bbox 2156 1627 2272 1692; x_wconf 88' lang='lat' dir='ltr'>autem</span> <span class='ocrx_word' id='word_1_82' title='bbox 2294 1642 2360 1711; x_wconf 83' lang='lat' dir='ltr'>ego</span> 
     </span>
     <span class='ocr_line' id='line_1_8' title="bbox 499 1776 2359 1870; baseline -0.003 -20"><span class='ocrx_word' id='word_1_83' title='bbox 499 1788 559 1851; x_wconf 88' lang='lat' dir='ltr'>aut</span> <span class='ocrx_word' id='word_1_84' title='bbox 573 1787 723 1870; x_wconf 87' lang='lat' dir='ltr'>posteris</span> <span class='ocrx_word' id='word_1_85' title='bbox 739 1785 826 1853; x_wconf 89' lang='lat' dir='ltr'>meis</span> <span class='ocrx_word' id='word_1_86' title='bbox 841 1783 960 1870; x_wconf 88' lang='lat' dir='ltr'>quovis</span> <span class='ocrx_word' id='word_1_87' title='bbox 974 1785 1131 1869; x_wconf 87' lang='lat' dir='ltr'>tempore</span> <span class='ocrx_word' id='word_1_88' title='bbox 1147 1783 1269 1850; x_wconf 88' lang='lat' dir='ltr'>contra</span> <span class='ocrx_word' id='word_1_89' title='bbox 1285 1785 1376 1850; x_wconf 91' lang='lat' dir='ltr'>hanc</span> <span class='ocrx_word' id='word_1_90' title='bbox 1399 1782 1593 1849; x_wconf 87' lang='lat' dir='ltr'>chartulam</span> <span class='ocrx_word' id='word_1_91' title='bbox 1619 1779 1869 1866; x_wconf 83' lang='lat' dir='ltr'>promissionis,</span> <span class='ocrx_word' id='word_1_92' title='bbox 1888 1783 1926 1847; x_wconf 89' lang='lat' dir='ltr'>ut</span> <span class='ocrx_word' id='word_1_93' title='bbox 1947 1796 2054 1864; x_wconf 89' lang='lat' dir='ltr'>supra</span> <span class='ocrx_word' id='word_1_94' title='bbox 2076 1777 2219 1862; x_wconf 84' lang='lat' dir='ltr'>legitur,</span> <span class='ocrx_word' id='word_1_95' title='bbox 2239 1776 2359 1844; x_wconf 85' lang='lat' dir='ltr'>venire</span> 
     </span>
     <span class='ocr_line' id='line_1_9' title="bbox 502 1926 2359 2022; baseline -0.004 -20"><span class='ocrx_word' id='word_1_96' title='bbox 502 1935 794 2022; x_wconf 89' lang='lat' dir='ltr'>presumserimus</span> <span class='ocrx_word' id='word_1_97' title='bbox 809 1955 873 2022; x_wconf 94' lang='lat' dir='ltr'>per</span> <span class='ocrx_word' id='word_1_98' title='bbox 888 1937 1010 2022; x_wconf 88' lang='lat' dir='ltr'>quovis</span> <span class='ocrx_word' id='word_1_99' title='bbox 1025 1935 1165 2004; x_wconf 90' lang='lat' dir='ltr'>modum</span> <span class='ocrx_word' id='word_1_100' title='bbox 1184 1937 1245 2002; x_wconf 86' lang='lat' dir='ltr'>aut</span> <span class='ocrx_word' id='word_1_101' title='bbox 1260 1935 1459 2004; x_wconf 88' lang='lat' dir='ltr'>summissas</span> <span class='ocrx_word' id='word_1_102' title='bbox 1475 1951 1654 2019; x_wconf 86' lang='lat' dir='ltr'>personas,</span> <span class='ocrx_word' id='word_1_103' title='bbox 1674 1935 1755 2001; x_wconf 91' lang='lat' dir='ltr'>tunc</span> <span class='ocrx_word' id='word_1_104' title='bbox 1771 1931 2009 2018; x_wconf 90' lang='lat' dir='ltr'>componimus</span> <span class='ocrx_word' id='word_1_105' title='bbox 2025 1929 2123 1998; x_wconf 91' lang='lat' dir='ltr'>vobis</span> <span class='ocrx_word' id='word_1_106' title='bbox 2138 1928 2215 1996; x_wconf 87' lang='lat' dir='ltr'>auri</span> <span class='ocrx_word' id='word_1_107' title='bbox 2231 1926 2359 1996; x_wconf 90' lang='lat' dir='ltr'>solidos</span> 
     </span>
    </p>
   </div>
   <div class='ocr_carea' id='block_1_3' title="bbox 501 2079 2357 2174">
    <p class='ocr_par' dir='ltr' id='par_1_3' title="bbox 501 2079 2357 2174">
     <span class='ocr_line' id='line_1_10' title="bbox 501 2079 2357 2174; baseline -0.005 -21"><span class='ocrx_word' id='word_1_108' title='bbox 501 2087 652 2174; x_wconf 85' lang='lat' dir='ltr'>triginta</span> <span class='ocrx_word' id='word_1_109' title='bbox 677 2107 738 2157; x_wconf 82' lang='lat' dir='ltr'>sex</span> <span class='ocrx_word' id='word_1_110' title='bbox 764 2088 972 2171; x_wconf 73' lang='lat' dir='ltr'>bysanteos,</span> <span class='ocrx_word' id='word_1_111' title='bbox 998 2093 1031 2157; x_wconf 89' lang='lat' dir='ltr'>et</span> <span class='ocrx_word' id='word_1_112' title='bbox 1055 2092 1119 2159; x_wconf 90' lang='lat' dir='ltr'>hec</span> <span class='ocrx_word' id='word_1_113' title='bbox 1142 2089 1314 2165; x_wconf 90' lang='lat' dir='ltr'>chartula,</span> <span class='ocrx_word' id='word_1_114' title='bbox 1332 2089 1372 2154; x_wconf 94' lang='lat' dir='ltr'>ut</span> <span class='ocrx_word' id='word_1_115' title='bbox 1393 2105 1500 2172; x_wconf 89' lang='lat' dir='ltr'>supra</span> <span class='ocrx_word' id='word_1_116' title='bbox 1522 2088 1663 2172; x_wconf 81' lang='lat' dir='ltr'>legitur,</span> <span class='ocrx_word' id='word_1_117' title='bbox 1682 2087 1727 2154; x_wconf 88' lang='lat' dir='ltr'>sit</span> <span class='ocrx_word' id='word_1_118' title='bbox 1742 2087 1853 2153; x_wconf 87' lang='lat' dir='ltr'>firma:</span> <span class='ocrx_word' id='word_1_119' title='bbox 1879 2085 2011 2170; x_wconf 90' lang='lat' dir='ltr'>scripta</span> <span class='ocrx_word' id='word_1_120' title='bbox 2035 2100 2098 2168; x_wconf 88' lang='lat' dir='ltr'>per</span> <span class='ocrx_word' id='word_1_121' title='bbox 2121 2099 2246 2149; x_wconf 82' lang='lat' dir='ltr'>luanus</span> <span class='ocrx_word' id='word_1_122' title='bbox 2269 2079 2357 2166; x_wconf 88' lang='lat' dir='ltr'>petri</span> 
     </span>
    </p>
   </div>
   <div class='ocr_carea' id='block_1_4' title="bbox 2640 1613 2644 2203">
    <p class='ocr_par' dir='ltr' id='par_1_4' title="bbox 2640 1613 2644 2203">
     <span class='ocr_line' id='line_1_11' title="bbox 2640 1613 2644 2203; baseline 0 0"><span class='ocrx_word' id='word_1_123' title='bbox 2640 1613 2644 2203; x_wconf 95' lang='lat' dir='ltr'> </span> 
     </span>
    </p>
   </div>
   <div class='ocr_carea' id='block_1_5' title="bbox 498 2237 2358 3546">
    <p class='ocr_par' dir='ltr' id='par_1_5' title="bbox 501 2237 1354 2325">
     <span class='ocr_line' id='line_1_12' title="bbox 501 2237 1354 2325; baseline -0.002 -21"><span class='ocrx_word' id='word_1_124' title='bbox 501 2239 656 2306; x_wconf 89' lang='lat' dir='ltr'>Gurialis</span> <span class='ocrx_word' id='word_1_125' title='bbox 671 2256 734 2324; x_wconf 91' lang='lat' dir='ltr'>per</span> <span class='ocrx_word' id='word_1_126' title='bbox 749 2237 938 2308; x_wconf 87' lang='lat' dir='ltr'>indictione</span> <span class='ocrx_word' id='word_1_127' title='bbox 954 2241 1194 2325; x_wconf 88' lang='lat' dir='ltr'>suprascripta</span> <span class='ocrx_word' id='word_1_128' title='bbox 1208 2237 1354 2306; x_wconf 88' lang='lat' dir='ltr'>decima.</span> 
     </span>
    </p>

    <p class='ocr_par' dir='ltr' id='par_1_6' title="bbox 562 2363 1308 2478">
     <span class='ocr_line' id='line_1_13' title="bbox 562 2363 1308 2478; baseline 0 -19"><span class='ocrx_word' id='word_1_129' title='bbox 562 2365 592 2476; x_wconf 90' lang='lat'>†</span> <span class='ocrx_word' id='word_1_130' title='bbox 608 2394 779 2462; x_wconf 89' lang='lat' dir='ltr'>lohannes</span> <span class='ocrx_word' id='word_1_131' title='bbox 793 2377 935 2461; x_wconf 88' lang='lat' dir='ltr'>humilis</span> <span class='ocrx_word' id='word_1_132' title='bbox 950 2395 1058 2462; x_wconf 89' lang='lat' dir='ltr'>abbas</span> <span class='ocrx_word' id='word_1_133' title='bbox 1074 2392 1264 2478; x_wconf 88' lang='lat' dir='ltr'>subscripsi</span> <span class='ocrx_word' id='word_1_134' title='bbox 1279 2363 1308 2475; x_wconf 88' lang='lat'>†</span> 
     </span>
    </p>

    <p class='ocr_par' dir='ltr' id='par_1_7' title="bbox 501 2519 2358 2786">
     <span class='ocr_line' id='line_1_14' title="bbox 565 2519 2358 2633; baseline -0.004 -20"><span class='ocrx_word' id='word_1_135' title='bbox 565 2519 596 2633; x_wconf 93' lang='lat'>†</span> <span class='ocrx_word' id='word_1_136' title='bbox 628 2547 701 2632; x_wconf 76' lang='lat' dir='ltr'>Epo</span> <span class='ocrx_word' id='word_1_137' title='bbox 739 2547 913 2616; x_wconf 83' lang='lat' dir='ltr'>Teodorns</span> <span class='ocrx_word' id='word_1_138' title='bbox 942 2547 1031 2628; x_wconf 81' lang='lat' dir='ltr'>filins</span> <span class='ocrx_word' id='word_1_139' title='bbox 1060 2550 1178 2616; x_wconf 85' lang='lat' dir='ltr'>domni</span> <span class='ocrx_word' id='word_1_140' title='bbox 1211 2549 1356 2618; x_wconf 80' lang='lat' dir='ltr'>Iohanni</span> <span class='ocrx_word' id='word_1_141' title='bbox 1381 2547 1525 2632; x_wconf 73' lang='lat' dir='ltr'>ropertus</span> <span class='ocrx_word' id='word_1_142' title='bbox 1551 2566 1574 2612; x_wconf 88' lang='lat' dir='ltr'>u</span> <span class='ocrx_word' id='word_1_143' title='bbox 1600 2548 1834 2628; x_wconf 77' lang='lat' dir='ltr'>suprascripto</span> <span class='ocrx_word' id='word_1_144' title='bbox 1865 2545 2016 2612; x_wconf 82' lang='lat' dir='ltr'>Iohanne</span> <span class='ocrx_word' id='word_1_145' title='bbox 2043 2543 2161 2614; x_wconf 62' lang='lat' dir='ltr'>nobum</span> <span class='ocrx_word' id='word_1_146' title='bbox 2187 2541 2264 2608; x_wconf 82' lang='lat' dir='ltr'>testi</span> <span class='ocrx_word' id='word_1_147' title='bbox 2289 2539 2358 2606; x_wconf 73' lang='lat' dir='ltr'>nrb-</span> 
     </span>
     <span class='ocr_line' id='line_1_15' title="bbox 501 2651 2164 2786; baseline -0.001 -26"><span class='ocrx_word' id='word_1_148' title='bbox 501 2699 637 2780; x_wconf 81' lang='lat' dir='ltr'>soripsi.</span> <span class='ocrx_word' id='word_1_149' title='bbox 655 2671 685 2782; x_wconf 94' lang='lat'><em>†</em></span> <span class='ocrx_word' id='word_1_150' title='bbox 701 2697 727 2786; x_wconf 73' lang='grc'>*)</span> <span class='ocrx_word' id='word_1_151' title='bbox 2161 2651 2164 2656; x_wconf 23' lang='grc'><strong>”</strong></span> 
     </span>
    </p>

    <p class='ocr_par' dir='ltr' id='par_1_8' title="bbox 500 2823 2357 3089">
     <span class='ocr_line' id='line_1_16' title="bbox 560 2823 2357 2936; baseline -0.003 -18"><span class='ocrx_word' id='word_1_152' title='bbox 560 2823 672 2936; x_wconf 82' lang='lat' dir='ltr'>†ego</span> <span class='ocrx_word' id='word_1_153' title='bbox 694 2851 899 2920; x_wconf 88' lang='lat' dir='ltr'>athanasius</span> <span class='ocrx_word' id='word_1_154' title='bbox 923 2850 1016 2920; x_wconf 88' lang='lat' dir='ltr'>filius</span> <span class='ocrx_word' id='word_1_155' title='bbox 1039 2849 1157 2919; x_wconf 90' lang='lat' dir='ltr'>domni</span> <span class='ocrx_word' id='word_1_156' title='bbox 1181 2851 1271 2920; x_wconf 89' lang='lat' dir='ltr'>leoni</span> <span class='ocrx_word' id='word_1_157' title='bbox 1296 2851 1457 2918; x_wconf 87' lang='lat' dir='ltr'>monachi</span> <span class='ocrx_word' id='word_1_158' title='bbox 1482 2851 1628 2935; x_wconf 84' lang='lat' dir='ltr'>rogatus</span> <span class='ocrx_word' id='word_1_159' title='bbox 1650 2867 1673 2915; x_wconf 93' lang='lat' dir='ltr'>a</span> <span class='ocrx_word' id='word_1_160' title='bbox 1695 2850 1934 2934; x_wconf 84' lang='lat' dir='ltr'>suprascripto</span> <span class='ocrx_word' id='word_1_161' title='bbox 1956 2850 2108 2917; x_wconf 88' lang='lat' dir='ltr'>iohanne</span> <span class='ocrx_word' id='word_1_162' title='bbox 2131 2848 2256 2916; x_wconf 86' lang='lat' dir='ltr'>abbate</span> <span class='ocrx_word' id='word_1_163' title='bbox 2280 2846 2357 2914; x_wconf 89' lang='lat' dir='ltr'>testi</span> 
     </span>
     <span class='ocr_line' id='line_1_17' title="bbox 500 2973 1622 3089; baseline -0.002 -18"><span class='ocrx_word' id='word_1_164' title='bbox 500 2973 735 3089; x_wconf 90' lang='lat' dir='ltr'>subscripsi†</span> <span class='ocrx_word' id='word_1_165' title='bbox 1620 2981 1622 2984; x_wconf 32' lang='lat'>⁵</span> 
     </span>
    </p>

    <p class='ocr_par' dir='ltr' id='par_1_9' title="bbox 498 3129 2355 3394">
     <span class='ocr_line' id='line_1_18' title="bbox 557 3129 2355 3242; baseline -0.002 -20"><span class='ocrx_word' id='word_1_166' title='bbox 557 3129 675 3242; x_wconf 79' lang='lat' dir='ltr'>†ego</span> <span class='ocrx_word' id='word_1_167' title='bbox 697 3155 834 3242; x_wconf 84' lang='lat' dir='ltr'>sergius</span> <span class='ocrx_word' id='word_1_168' title='bbox 856 3153 950 3223; x_wconf 88' lang='lat' dir='ltr'>filius</span> <span class='ocrx_word' id='word_1_169' title='bbox 973 3153 1090 3222; x_wconf 90' lang='lat' dir='ltr'>domni</span> <span class='ocrx_word' id='word_1_170' title='bbox 1114 3155 1274 3242; x_wconf 78' lang='lat' dir='ltr'>grogorii</span> <span class='ocrx_word' id='word_1_171' title='bbox 1298 3157 1460 3224; x_wconf 91' lang='lat' dir='ltr'>monachi</span> <span class='ocrx_word' id='word_1_172' title='bbox 1482 3157 1631 3241; x_wconf 83' lang='lat' dir='ltr'>rogatus</span> <span class='ocrx_word' id='word_1_173' title='bbox 1654 3171 1675 3220; x_wconf 84' lang='lat' dir='ltr'>a</span> <span class='ocrx_word' id='word_1_174' title='bbox 1697 3153 1936 3238; x_wconf 88' lang='lat' dir='ltr'>suprascripto</span> <span class='ocrx_word' id='word_1_175' title='bbox 1959 3153 2110 3221; x_wconf 89' lang='lat' dir='ltr'>iohanne</span> <span class='ocrx_word' id='word_1_176' title='bbox 2134 3151 2255 3220; x_wconf 88' lang='lat' dir='ltr'>abbate</span> <span class='ocrx_word' id='word_1_177' title='bbox 2277 3149 2355 3221; x_wconf 88' lang='lat' dir='ltr'>testi</span> 
     </span>
     <span class='ocr_line' id='line_1_19' title="bbox 498 3281 740 3394; baseline -0.004 -18"><span class='ocrx_word' id='word_1_178' title='bbox 498 3309 684 3394; x_wconf 88' lang='lat' dir='ltr'>subscripsi</span> <span class='ocrx_word' id='word_1_179' title='bbox 709 3281 740 3393; x_wconf 89' lang='lat'><em>†</em></span> 
     </span>
    </p>

    <p class='ocr_par' dir='ltr' id='par_1_10' title="bbox 558 3428 2093 3546">
     <span class='ocr_line' id='line_1_20' title="bbox 558 3428 2093 3546; baseline -0.003 -17"><span class='ocrx_word' id='word_1_180' title='bbox 558 3434 587 3544; x_wconf 88' lang='lat'><em>†</em></span> <span class='ocrx_word' id='word_1_181' title='bbox 603 3478 670 3546; x_wconf 80' lang='lat' dir='ltr'>ego</span> <span class='ocrx_word' id='word_1_182' title='bbox 686 3466 807 3546; x_wconf 89' lang='lat' dir='ltr'>petrus</span> <span class='ocrx_word' id='word_1_183' title='bbox 822 3459 969 3529; x_wconf 82' lang='lat' dir='ltr'>Gurialis</span> <span class='ocrx_word' id='word_1_184' title='bbox 984 3460 1160 3544; x_wconf 81' lang='lat' dir='ltr'>complevi</span> <span class='ocrx_word' id='word_1_185' title='bbox 1174 3461 1209 3528; x_wconf 90' lang='lat' dir='ltr'>et</span> <span class='ocrx_word' id='word_1_186' title='bbox 1223 3459 1353 3528; x_wconf 84' lang='lat' dir='ltr'>absolvi</span> <span class='ocrx_word' id='word_1_187' title='bbox 1369 3479 1431 3546; x_wconf 91' lang='lat' dir='ltr'>per</span> <span class='ocrx_word' id='word_1_188' title='bbox 1447 3459 1633 3528; x_wconf 89' lang='lat' dir='ltr'>indictione</span> <span class='ocrx_word' id='word_1_189' title='bbox 1649 3459 1886 3542; x_wconf 86' lang='lat' dir='ltr'>suprascripta</span> <span class='ocrx_word' id='word_1_190' title='bbox 1901 3456 2046 3524; x_wconf 89' lang='lat' dir='ltr'>decima.</span> <span class='ocrx_word' id='word_1_191' title='bbox 2065 3428 2093 3541; x_wconf 85' lang='lat'><em>†</em></span> 
     </span>
    </p>
   </div>
   <div class='ocr_carea' id='block_1_6' title="bbox 1278 3963 1563 4270">
    <p class='ocr_par' dir='ltr' id='par_1_11' title="bbox 1278 3963 1563 4270">
     <span class='ocr_line' id='line_1_21' title="bbox 1339 3963 1513 4043; baseline -0.006 -1"><span class='ocrx_word' id='word_1_192' title='bbox 1339 3963 1513 4043; x_wconf 80' lang='lat' dir='ltr'>CCLI.</span> 
     </span>
     <span class='ocr_line' id='line_1_22' title="bbox 1278 4189 1563 4270; baseline -0.007 0"><span class='ocrx_word' id='word_1_193' title='bbox 1278 4198 1333 4270; x_wconf 89' lang='lat' dir='ltr'>A.</span> <span class='ocrx_word' id='word_1_194' title='bbox 1371 4193 1423 4269; x_wconf 90' lang='lat' dir='ltr'>D.</span> <span class='ocrx_word' id='word_1_195' title='bbox 1460 4189 1563 4270; x_wconf 78' lang='lat'>967.</span> 
     </span>
    </p>
   </div>
   <div class='ocr_carea' id='block_1_7' title="bbox 436 4369 2349 5568">
    <p class='ocr_par' dir='ltr' id='par_1_12' title="bbox 490 4369 2349 4807">
     <span class='ocr_line' id='line_1_23' title="bbox 551 4369 2346 4504; baseline -0.001 -18"><span class='ocrx_word' id='word_1_196' title='bbox 551 4369 586 4504; x_wconf 74' lang='lat'>†</span> <span class='ocrx_word' id='word_1_197' title='bbox 603 4423 641 4486; x_wconf 91' lang='lat' dir='ltr'>ln</span> <span class='ocrx_word' id='word_1_198' title='bbox 657 4419 795 4487; x_wconf 90' lang='lat' dir='ltr'>nomino</span> <span class='ocrx_word' id='word_1_199' title='bbox 811 4419 944 4486; x_wconf 90' lang='lat' dir='ltr'>domini</span> <span class='ocrx_word' id='word_1_200' title='bbox 962 4419 1135 4488; x_wconf 87' lang='lat' dir='ltr'>tricesimo</span> <span class='ocrx_word' id='word_1_201' title='bbox 1151 4419 1273 4502; x_wconf 87' lang='lat' dir='ltr'>quinto</span> <span class='ocrx_word' id='word_1_202' title='bbox 1289 4435 1382 4486; x_wconf 90' lang='lat' dir='ltr'>auno</span> <span class='ocrx_word' id='word_1_203' title='bbox 1397 4418 1614 4504; x_wconf 89' lang='lat' dir='ltr'>principatus</span> <span class='ocrx_word' id='word_1_204' title='bbox 1628 4417 1745 4484; x_wconf 88' lang='lat' dir='ltr'>domni</span> <span class='ocrx_word' id='word_1_205' title='bbox 1760 4419 1869 4486; x_wconf 89' lang='lat' dir='ltr'>nostri</span> <span class='ocrx_word' id='word_1_206' title='bbox 1882 4417 1997 4502; x_wconf 81' lang='lat' dir='ltr'>gisolfi</span> <span class='ocrx_word' id='word_1_207' title='bbox 2009 4375 2154 4503; x_wconf 82' lang='lat' dir='ltr'>gloriosi</span> <span class='ocrx_word' id='word_1_208' title='bbox 2166 4419 2346 4503; x_wconf 87' lang='lat' dir='ltr'>principis,</span> 
     </span>
     <span class='ocr_line' id='line_1_24' title="bbox 494 4535 2349 4655; baseline 0.001 -21"><span class='ocrx_word' id='word_1_209' title='bbox 494 4585 612 4637; x_wconf 90' lang='lat' dir='ltr'>mense</span> <span class='ocrx_word' id='word_1_210' title='bbox 628 4573 795 4654; x_wconf 84' lang='lat' dir='ltr'>augustus</span> <span class='ocrx_word' id='word_1_211' title='bbox 810 4569 946 4637; x_wconf 89' lang='lat' dir='ltr'>decima</span> <span class='ocrx_word' id='word_1_212' title='bbox 962 4568 1161 4638; x_wconf 89' lang='lat' dir='ltr'>indictione.</span> <span class='ocrx_word' id='word_1_213' title='bbox 1180 4569 1257 4637; x_wconf 89' lang='lat' dir='ltr'>ideo</span> <span class='ocrx_word' id='word_1_214' title='bbox 1273 4587 1338 4654; x_wconf 91' lang='lat' dir='ltr'>que</span> <span class='ocrx_word' id='word_1_215' title='bbox 1354 4535 1422 4654; x_wconf 61' lang='grc' dir='ltr'>θέο</span> <span class='ocrx_word' id='word_1_216' title='bbox 1437 4568 1637 4638; x_wconf 89' lang='lat' dir='ltr'>benedictus</span> <span class='ocrx_word' id='word_1_217' title='bbox 1651 4549 1821 4654; x_wconf 84' lang='lat' dir='ltr'>presbiter</span> <span class='ocrx_word' id='word_1_218' title='bbox 1836 4569 2031 4647; x_wconf 76' lang='lat' dir='ltr'>clarefacm,</span> <span class='ocrx_word' id='word_1_219' title='bbox 2050 4588 2148 4655; x_wconf 93' lang='lat' dir='ltr'>quem</span> <span class='ocrx_word' id='word_1_220' title='bbox 2166 4587 2228 4654; x_wconf 92' lang='lat' dir='ltr'>per</span> <span class='ocrx_word' id='word_1_221' title='bbox 2250 4570 2349 4636; x_wconf 87' lang='lat' dir='ltr'>firma</span> 
     </span>
     <span class='ocr_line' id='line_1_25' title="bbox 490 4720 2349 4807; baseline 0.003 -24"><span class='ocrx_word' id='word_1_222' title='bbox 490 4721 628 4788; x_wconf 90' lang='lat' dir='ltr'>cartula</span> <span class='ocrx_word' id='word_1_223' title='bbox 643 4721 728 4788; x_wconf 91' lang='lat' dir='ltr'>mihi</span> <span class='ocrx_word' id='word_1_224' title='bbox 745 4720 908 4789; x_wconf 88' lang='lat' dir='ltr'>donatum</span> <span class='ocrx_word' id='word_1_225' title='bbox 928 4721 1125 4789; x_wconf 84' lang='lat' dir='ltr'>habueruut</span> <span class='ocrx_word' id='word_1_226' title='bbox 1141 4723 1317 4806; x_wconf 86' lang='lat' dir='ltr'>guaimari</span> <span class='ocrx_word' id='word_1_227' title='bbox 1335 4739 1450 4790; x_wconf 88' lang='lat' dir='ltr'>comes</span> <span class='ocrx_word' id='word_1_228' title='bbox 1467 4722 1560 4790; x_wconf 84' lang='lat' dir='ltr'>lilius</span> <span class='ocrx_word' id='word_1_229' title='bbox 1577 4720 1721 4807; x_wconf 85' lang='lat' dir='ltr'>guidoni</span> <span class='ocrx_word' id='word_1_230' title='bbox 1738 4720 1874 4789; x_wconf 89' lang='lat' dir='ltr'>comitis</span> <span class='ocrx_word' id='word_1_231' title='bbox 1890 4739 2051 4788; x_wconf 91' lang='lat' dir='ltr'>unacum</span> <span class='ocrx_word' id='word_1_232' title='bbox 2068 4722 2157 4789; x_wconf 87' lang='lat' dir='ltr'>mira</span> <span class='ocrx_word' id='word_1_233' title='bbox 2168 4738 2279 4791; x_wconf 86' lang='lat' dir='ltr'>uxore</span> <span class='ocrx_word' id='word_1_234' title='bbox 2292 4739 2349 4789; x_wconf 85' lang='lat' dir='ltr'>sna</span> 
     </span>
    </p>

    <p class='ocr_par' dir='ltr' id='par_1_13' title="bbox 436 4861 2347 5568">
     <span class='ocr_line' id='line_1_26' title="bbox 436 4861 2344 4960; baseline 0.001 -19"><span class='ocrx_word' id='word_1_235' title='bbox 436 4861 442 4874; x_wconf 87' lang='lat'>&#39;</span> <span class='ocrx_word' id='word_1_236' title='bbox 488 4891 562 4941; x_wconf 90' lang='lat' dir='ltr'>una</span> <span class='ocrx_word' id='word_1_237' title='bbox 577 4873 675 4958; x_wconf 90' lang='lat' dir='ltr'>pecia</span> <span class='ocrx_word' id='word_1_238' title='bbox 690 4871 733 4940; x_wconf 93' lang='lat' dir='ltr'>de</span> <span class='ocrx_word' id='word_1_239' title='bbox 749 4879 846 4940; x_wconf 87' lang='lat' dir='ltr'>terra</span> <span class='ocrx_word' id='word_1_240' title='bbox 860 4890 937 4938; x_wconf 90' lang='lat' dir='ltr'>cum</span> <span class='ocrx_word' id='word_1_241' title='bbox 955 4873 1104 4940; x_wconf 90' lang='lat' dir='ltr'>arbustis</span> <span class='ocrx_word' id='word_1_242' title='bbox 1121 4873 1286 4940; x_wconf 90' lang='lat' dir='ltr'>inlocum</span> <span class='ocrx_word' id='word_1_243' title='bbox 1304 4873 1459 4952; x_wconf 87' lang='lat' dir='ltr'>nuceria,</span> <span class='ocrx_word' id='word_1_244' title='bbox 1478 4874 1536 4942; x_wconf 93' lang='lat' dir='ltr'>ubi</span> <span class='ocrx_word' id='word_1_245' title='bbox 1552 4873 1595 4939; x_wconf 85' lang='lat' dir='ltr'>ad</span> <span class='ocrx_word' id='word_1_246' title='bbox 1619 4873 1729 4940; x_wconf 89' lang='lat' dir='ltr'>clioru</span> <span class='ocrx_word' id='word_1_247' title='bbox 1752 4875 1896 4941; x_wconf 89' lang='lat' dir='ltr'>vocatur</span> <span class='ocrx_word' id='word_1_248' title='bbox 1918 4891 1980 4960; x_wconf 89' lang='lat' dir='ltr'>per</span> <span class='ocrx_word' id='word_1_249' title='bbox 2003 4874 2083 4941; x_wconf 83' lang='lat' dir='ltr'>linis</span> <span class='ocrx_word' id='word_1_250' title='bbox 2106 4877 2141 4942; x_wconf 90' lang='lat' dir='ltr'>et</span> <span class='ocrx_word' id='word_1_251' title='bbox 2164 4874 2344 4950; x_wconf 82' lang='lat' dir='ltr'>mensuris,</span> 
     </span>
     <span class='ocr_line' id='line_1_27' title="bbox 491 5023 2347 5122; baseline 0.001 -27"><span class='ocrx_word' id='word_1_252' title='bbox 491 5029 581 5095; x_wconf 90' lang='lat' dir='ltr'>sicut</span> <span class='ocrx_word' id='word_1_253' title='bbox 599 5027 673 5112; x_wconf 86' lang='lat' dir='ltr'>ipsa</span> <span class='ocrx_word' id='word_1_254' title='bbox 688 5027 826 5095; x_wconf 91' lang='lat' dir='ltr'>cartula</span> <span class='ocrx_word' id='word_1_255' title='bbox 840 5024 1005 5105; x_wconf 91' lang='lat' dir='ltr'>continet,</span> <span class='ocrx_word' id='word_1_256' title='bbox 1023 5025 1111 5110; x_wconf 90' lang='lat' dir='ltr'>quod</span> <span class='ocrx_word' id='word_1_257' title='bbox 1129 5025 1197 5111; x_wconf 92' lang='lat' dir='ltr'>ipsi</span> <span class='ocrx_word' id='word_1_258' title='bbox 1213 5025 1266 5092; x_wconf 90' lang='lat' dir='ltr'>vir</span> <span class='ocrx_word' id='word_1_259' title='bbox 1282 5029 1318 5094; x_wconf 92' lang='lat' dir='ltr'>et</span> <span class='ocrx_word' id='word_1_260' title='bbox 1334 5043 1423 5094; x_wconf 85' lang='lat' dir='ltr'>uxor</span> <span class='ocrx_word' id='word_1_261' title='bbox 1440 5025 1528 5092; x_wconf 91' lang='lat' dir='ltr'>mihi</span> <span class='ocrx_word' id='word_1_262' title='bbox 1544 5023 1625 5094; x_wconf 90' lang='lat' dir='ltr'>inde</span> <span class='ocrx_word' id='word_1_263' title='bbox 1641 5025 1866 5110; x_wconf 80' lang='lat' dir='ltr'>hemiserupt,</span> <span class='ocrx_word' id='word_1_264' title='bbox 1885 5025 1944 5112; x_wconf 90' lang='lat' dir='ltr'>qni</span> <span class='ocrx_word' id='word_1_265' title='bbox 1959 5028 2092 5122; x_wconf 90' lang='lat' dir='ltr'>scripta</span> <span class='ocrx_word' id='word_1_266' title='bbox 2106 5030 2158 5096; x_wconf 91' lang='lat' dir='ltr'>est</span> <span class='ocrx_word' id='word_1_267' title='bbox 2173 5046 2235 5113; x_wconf 91' lang='lat' dir='ltr'>per</span> <span class='ocrx_word' id='word_1_268' title='bbox 2258 5027 2347 5097; x_wconf 89' lang='lat' dir='ltr'>alde·</span> 
     </span>
     <span class='ocr_line' id='line_1_28' title="bbox 487 5179 2347 5267; baseline 0.002 -22"><span class='ocrx_word' id='word_1_269' title='bbox 487 5179 567 5248; x_wconf 92' lang='lat' dir='ltr'>rissi</span> <span class='ocrx_word' id='word_1_270' title='bbox 584 5180 758 5267; x_wconf 85' lang='lat' dir='ltr'>notarius3</span> <span class='ocrx_word' id='word_1_271' title='bbox 777 5181 812 5248; x_wconf 91' lang='lat' dir='ltr'>et</span> <span class='ocrx_word' id='word_1_272' title='bbox 827 5197 1017 5264; x_wconf 83' lang='lat' dir='ltr'>congruum</span> <span class='ocrx_word' id='word_1_273' title='bbox 1035 5181 1088 5248; x_wconf 89' lang='lat' dir='ltr'>est</span> <span class='ocrx_word' id='word_1_274' title='bbox 1104 5179 1189 5246; x_wconf 91' lang='lat' dir='ltr'>mihi</span> <span class='ocrx_word' id='word_1_275' title='bbox 1207 5179 1283 5265; x_wconf 86' lang='lat' dir='ltr'>ipsa</span> <span class='ocrx_word' id='word_1_276' title='bbox 1299 5179 1455 5264; x_wconf 82' lang='lat' dir='ltr'>predicta</span> <span class='ocrx_word' id='word_1_277' title='bbox 1469 5181 1568 5264; x_wconf 89' lang='lat' dir='ltr'>pecia</span> <span class='ocrx_word' id='word_1_278' title='bbox 1583 5180 1626 5248; x_wconf 93' lang='lat' dir='ltr'>de</span> <span class='ocrx_word' id='word_1_279' title='bbox 1642 5183 1737 5248; x_wconf 87' lang='lat' dir='ltr'>terra</span> <span class='ocrx_word' id='word_1_280' title='bbox 1752 5199 1829 5248; x_wconf 92' lang='lat' dir='ltr'>cum</span> <span class='ocrx_word' id='word_1_281' title='bbox 1854 5181 2032 5248; x_wconf 89' lang='lat' dir='ltr'>arbustum</span> <span class='ocrx_word' id='word_1_282' title='bbox 2056 5180 2100 5250; x_wconf 92' lang='lat' dir='ltr'>de</span> <span class='ocrx_word' id='word_1_283' title='bbox 2123 5179 2279 5266; x_wconf 89' lang='lat' dir='ltr'>predicto</span> <span class='ocrx_word' id='word_1_284' title='bbox 2300 5185 2347 5250; x_wconf 95' lang='lat' dir='ltr'>lo-</span> 
     </span>
     <span class='ocr_line' id='line_1_29' title="bbox 487 5329 2346 5416; baseline 0.003 -21"><span class='ocrx_word' id='word_1_285' title='bbox 487 5349 565 5396; x_wconf 89' lang='lat' dir='ltr'>cum</span> <span class='ocrx_word' id='word_1_286' title='bbox 582 5330 692 5397; x_wconf 91' lang='lat' dir='ltr'>clioru</span> <span class='ocrx_word' id='word_1_287' title='bbox 708 5347 773 5415; x_wconf 89' lang='lat' dir='ltr'>per</span> <span class='ocrx_word' id='word_1_288' title='bbox 788 5330 865 5416; x_wconf 93' lang='lat' dir='ltr'>ipse</span> <span class='ocrx_word' id='word_1_289' title='bbox 880 5330 960 5397; x_wconf 86' lang='lat' dir='ltr'>finis</span> <span class='ocrx_word' id='word_1_290' title='bbox 976 5333 1011 5398; x_wconf 91' lang='lat' dir='ltr'>et</span> <span class='ocrx_word' id='word_1_291' title='bbox 1026 5330 1210 5409; x_wconf 89' lang='lat' dir='ltr'>mensuric,</span> <span class='ocrx_word' id='word_1_292' title='bbox 1230 5330 1321 5399; x_wconf 90' lang='lat' dir='ltr'>siout</span> <span class='ocrx_word' id='word_1_293' title='bbox 1335 5331 1403 5416; x_wconf 92' lang='lat' dir='ltr'>ipsi</span> <span class='ocrx_word' id='word_1_294' title='bbox 1419 5329 1474 5396; x_wconf 90' lang='lat' dir='ltr'>vir</span> <span class='ocrx_word' id='word_1_295' title='bbox 1490 5333 1524 5398; x_wconf 94' lang='lat' dir='ltr'>et</span> <span class='ocrx_word' id='word_1_296' title='bbox 1539 5349 1629 5398; x_wconf 84' lang='lat' dir='ltr'>uxor</span> <span class='ocrx_word' id='word_1_297' title='bbox 1653 5332 1729 5398; x_wconf 91' lang='lat' dir='ltr'>illos</span> <span class='ocrx_word' id='word_1_298' title='bbox 1752 5331 1836 5398; x_wconf 90' lang='lat' dir='ltr'>mihi</span> <span class='ocrx_word' id='word_1_299' title='bbox 1859 5330 2037 5411; x_wconf 89' lang='lat' dir='ltr'>dederunt,</span> <span class='ocrx_word' id='word_1_300' title='bbox 2056 5333 2106 5401; x_wconf 89' lang='lat' dir='ltr'>sic</span> <span class='ocrx_word' id='word_1_301' title='bbox 2129 5350 2187 5402; x_wconf 92' lang='lat' dir='ltr'>eos</span> <span class='ocrx_word' id='word_1_302' title='bbox 2209 5331 2346 5402; x_wconf 87' lang='lat' dir='ltr'>offerire</span> 
     </span>
     <span class='ocr_line' id='line_1_30' title="bbox 483 5481 2343 5568; baseline 0.004 -22"><span class='ocrx_word' id='word_1_303' title='bbox 483 5485 521 5548; x_wconf 88' lang='lat' dir='ltr'>in</span> <span class='ocrx_word' id='word_1_304' title='bbox 537 5481 684 5549; x_wconf 88' lang='lat' dir='ltr'>ecclesia</span> <span class='ocrx_word' id='word_1_305' title='bbox 699 5481 810 5550; x_wconf 87' lang='lat' dir='ltr'>sancti</span> <span class='ocrx_word' id='word_1_306' title='bbox 828 5481 972 5550; x_wconf 84' lang='lat' dir='ltr'>maximi</span> <span class='ocrx_word' id='word_1_307' title='bbox 990 5482 1081 5551; x_wconf 91' lang='lat' dir='ltr'>intus</span> <span class='ocrx_word' id='word_1_308' title='bbox 1097 5484 1188 5550; x_wconf 88' lang='lat' dir='ltr'>hano</span> <span class='ocrx_word' id='word_1_309' title='bbox 1203 5483 1449 5552; x_wconf 87' lang='lat' dir='ltr'>salernitanam</span> <span class='ocrx_word' id='word_1_310' title='bbox 1466 5483 1657 5552; x_wconf 88' lang='lat' dir='ltr'>cibitatem.</span> <span class='ocrx_word' id='word_1_311' title='bbox 1676 5489 1711 5552; x_wconf 87' lang='lat' dir='ltr'>et</span> <span class='ocrx_word' id='word_1_312' title='bbox 1734 5483 1810 5551; x_wconf 90' lang='lat' dir='ltr'>ideo</span> <span class='ocrx_word' id='word_1_313' title='bbox 1833 5502 1899 5568; x_wconf 82' lang='lat' dir='ltr'>ego</span> <span class='ocrx_word' id='word_1_314' title='bbox 1922 5487 2120 5554; x_wconf 82' lang='lat' dir='ltr'>nominatus</span> <span class='ocrx_word' id='word_1_315' title='bbox 2146 5484 2343 5554; x_wconf 88' lang='lat' dir='ltr'>benedictus</span> 
     </span>
    </p>
   </div>
   <div class='ocr_carea' id='block_1_8' title="bbox 451 5631 2344 5722">
    <p class='ocr_par' dir='ltr' id='par_1_14' title="bbox 451 5631 2344 5722">
     <span class='ocr_line' id='line_1_31' title="bbox 451 5631 2344 5722; baseline 0.002 -22"><span class='ocrx_word' id='word_1_316' title='bbox 451 5653 452 5656; x_wconf 44' lang='lat'>¹</span> <span class='ocrx_word' id='word_1_317' title='bbox 488 5634 672 5720; x_wconf 90' lang='lat' dir='ltr'>presbiter,</span> <span class='ocrx_word' id='word_1_318' title='bbox 690 5631 779 5702; x_wconf 91' lang='lat' dir='ltr'>sicut</span> <span class='ocrx_word' id='word_1_319' title='bbox 794 5633 879 5701; x_wconf 92' lang='lat' dir='ltr'>mihi</span> <span class='ocrx_word' id='word_1_320' title='bbox 896 5651 1089 5718; x_wconf 82' lang='lat' dir='ltr'>congruum</span> <span class='ocrx_word' id='word_1_321' title='bbox 1107 5637 1171 5713; x_wconf 87' lang='lat' dir='ltr'>est,</span> <span class='ocrx_word' id='word_1_322' title='bbox 1187 5653 1248 5720; x_wconf 88' lang='lat' dir='ltr'>per</span> <span class='ocrx_word' id='word_1_323' title='bbox 1264 5636 1353 5702; x_wconf 89' lang='lat' dir='ltr'>hanc</span> <span class='ocrx_word' id='word_1_324' title='bbox 1368 5638 1534 5705; x_wconf 89' lang='lat' dir='ltr'>cartulam</span> <span class='ocrx_word' id='word_1_325' title='bbox 1553 5653 1617 5721; x_wconf 91' lang='lat' dir='ltr'>pro</span> <span class='ocrx_word' id='word_1_326' title='bbox 1633 5635 1718 5706; x_wconf 92' lang='lat' dir='ltr'>meis</span> <span class='ocrx_word' id='word_1_327' title='bbox 1732 5635 1853 5704; x_wconf 85' lang='lat' dir='ltr'>salutis</span> <span class='ocrx_word' id='word_1_328' title='bbox 1868 5637 1985 5704; x_wconf 90' lang='lat' dir='ltr'>anime</span> <span class='ocrx_word' id='word_1_329' title='bbox 2000 5635 2120 5705; x_wconf 83' lang='lat' dir='ltr'>offerui</span> <span class='ocrx_word' id='word_1_330' title='bbox 2137 5637 2173 5704; x_wconf 93' lang='lat' dir='ltr'>in</span> <span class='ocrx_word' id='word_1_331' title='bbox 2190 5635 2344 5722; x_wconf 83' lang='lat' dir='ltr'>predicte</span> 
     </span>
    </p>
   </div>
   <div class='ocr_carea' id='block_1_9' title="bbox 555 5803 634 5810">
    <p class='ocr_par' dir='ltr' id='par_1_15' title="bbox 555 5803 634 5810">
     <span class='ocr_line' id='line_1_32' title="bbox 555 5803 634 5810; baseline -0.025 0"><span class='ocrx_word' id='word_1_332' title='bbox 555 5803 634 5810; x_wconf 51' lang='grc' dir='ltr'>...ω-</span> 
     </span>
    </p>
   </div>
   <div class='ocr_carea' id='block_1_10' title="bbox 539 5905 2068 5984">
    <p class='ocr_par' dir='ltr' id='par_1_16' title="bbox 539 5905 2068 5984">
     <span class='ocr_line' id='line_1_33' title="bbox 539 5905 2068 5984; baseline 0.001 -24"><span class='ocrx_word' id='word_1_333' title='bbox 539 5906 562 5976; x_wconf 79' lang='lat'>⁴)</span> <span class='ocrx_word' id='word_1_334' title='bbox 579 5905 611 5961; x_wconf 89' lang='lat' dir='ltr'>ln</span> <span class='ocrx_word' id='word_1_335' title='bbox 634 5905 792 5964; x_wconf 87' lang='lat' dir='ltr'>inc-simile</span> <span class='ocrx_word' id='word_1_336' title='bbox 814 5909 973 5981; x_wconf 78' lang='lat' dir='ltr'>prephatus</span> <span class='ocrx_word' id='word_1_337' title='bbox 995 5908 1111 5966; x_wconf 84' lang='lat' dir='ltr'>chartae</span> <span class='ocrx_word' id='word_1_338' title='bbox 1133 5910 1256 5968; x_wconf 88' lang='lat' dir='ltr'>habetur</span> <span class='ocrx_word' id='word_1_339' title='bbox 1277 5920 1303 5968; x_wconf 84' lang='lat' dir='ltr'>st</span> <span class='ocrx_word' id='word_1_340' title='bbox 1325 5912 1524 5969; x_wconf 84' lang='lat' dir='ltr'>characterum</span> <span class='ocrx_word' id='word_1_341' title='bbox 1547 5909 1706 5984; x_wconf 87' lang='lat' dir='ltr'>specimina</span> <span class='ocrx_word' id='word_1_342' title='bbox 1729 5909 1815 5963; x_wconf 89' lang='lat' dir='ltr'>huius</span> <span class='ocrx_word' id='word_1_343' title='bbox 1837 5908 2068 5979; x_wconf 87' lang='lat' dir='ltr'>subscriptionis.</span> 
     </span>
    </p>
   </div>
   <div class='ocr_carea' id='block_1_11' title="bbox 0 0 2648 7096">
    <p class='ocr_par' dir='ltr' id='par_1_17' title="bbox 0 0 2648 7096">
     <span class='ocr_line' id='line_1_34' title="bbox 0 0 2648 7096; baseline 0 0"><span class='ocrx_word' id='word_1_344' title='bbox 0 0 2648 7096; x_wconf 95' lang='lat' dir='ltr'> </span> 
     </span>
    </p>
   </div>
  </div>
 </body>
</html>
