<?xml version="1.0" encoding="UTF-8"?>
<!DOCTYPE html PUBLIC "-//W3C//DTD XHTML 1.0 Transitional//EN"
    "http://www.w3.org/TR/xhtml1/DTD/xhtml1-transitional.dtd">
<html xmlns="http://www.w3.org/1999/xhtml" xml:lang="en" lang="en">
 <head>
  <title>
</title>
<meta http-equiv="Content-Type" content="text/html;charset=utf-8" />
  <meta name='ocr-system' content='tesseract 3.04.00' />
  <meta name='ocr-capabilities' content='ocr_page ocr_carea ocr_par ocr_line ocrx_word'/>
</head>
<body>
  <div class='ocr_page' id='page_1' title='image "./codexdiplomatic07aragoog_0256.png"; bbox 0 0 5216 7092; ppageno 0'>
   <div class='ocr_carea' id='block_1_1' title="bbox 982 579 2039 664">
    <p class='ocr_par' dir='ltr' id='par_1_1' title="bbox 982 579 2039 664">
     <span class='ocr_line' id='line_1_1' title="bbox 982 579 2039 664; baseline 0.004 -4"><span class='ocrx_word' id='word_1_1' title='bbox 982 587 1354 660; x_wconf 80' lang='lat' dir='ltr'><strong>DlPLOMATlCUS</strong></span> <span class='ocrx_word' id='word_1_2' title='bbox 1420 579 1424 588; x_wconf 71' lang='grc'><strong>’</strong></span> <span class='ocrx_word' id='word_1_3' title='bbox 1979 603 2039 664; x_wconf 86' lang='grc'><strong>187</strong></span> 
     </span>
    </p>
   </div>
   <div class='ocr_carea' id='block_1_2' title="bbox 226 805 2093 1230">
    <p class='ocr_par' dir='ltr' id='par_1_2' title="bbox 226 805 2093 1230">
     <span class='ocr_line' id='line_1_2' title="bbox 226 805 2093 926; baseline -0.004 -11"><span class='ocrx_word' id='word_1_4' title='bbox 226 845 421 916; x_wconf 88' lang='lat' dir='ltr'><strong>edificatam</strong></span> <span class='ocrx_word' id='word_1_5' title='bbox 445 844 530 910; x_wconf 88' lang='lat' dir='ltr'><strong>abeo</strong></span> <span class='ocrx_word' id='word_1_6' title='bbox 553 858 616 926; x_wconf 87' lang='lat' dir='ltr'><strong>per</strong></span> <span class='ocrx_word' id='word_1_7' title='bbox 638 839 813 907; x_wconf 78' lang='lat' dir='ltr'>licentiam</span> <span class='ocrx_word' id='word_1_8' title='bbox 837 805 946 922; x_wconf 82' lang='lat' dir='ltr'><strong>ipsius</strong></span> <span class='ocrx_word' id='word_1_9' title='bbox 969 834 1134 921; x_wconf 74' lang='lat' dir='ltr'><strong>guaiferi</strong></span> <span class='ocrx_word' id='word_1_10' title='bbox 1153 833 1244 919; x_wconf 89' lang='lat' dir='ltr'><strong>quod</strong></span> <span class='ocrx_word' id='word_1_11' title='bbox 1270 835 1354 902; x_wconf 90' lang='lat' dir='ltr'><strong>sunt</strong></span> <span class='ocrx_word' id='word_1_12' title='bbox 1375 835 1573 919; x_wconf 81' lang='lat' dir='ltr'><strong>appliciore</strong></span> <span class='ocrx_word' id='word_1_13' title='bbox 1588 834 1667 904; x_wconf 92' lang='lat' dir='ltr'><strong>dua.</strong></span> <span class='ocrx_word' id='word_1_14' title='bbox 1685 835 1777 904; x_wconf 91' lang='lat' dir='ltr'><strong>uude</strong></span> <span class='ocrx_word' id='word_1_15' title='bbox 1792 854 1857 923; x_wconf 90' lang='lat' dir='ltr'><strong>pro</strong></span> <span class='ocrx_word' id='word_1_16' title='bbox 1874 839 1993 907; x_wconf 90' lang='lat' dir='ltr'><strong>taliter</strong></span> <span class='ocrx_word' id='word_1_17' title='bbox 2008 835 2093 926; x_wconf 88' lang='lat' dir='ltr'><strong>gua-</strong></span> 
     </span>
     <span class='ocr_line' id='line_1_3' title="bbox 228 987 2092 1079; baseline -0.001 -13"><span class='ocrx_word' id='word_1_18' title='bbox 228 999 291 1066; x_wconf 91' lang='lat' dir='ltr'><strong>dia</strong></span> <span class='ocrx_word' id='word_1_19' title='bbox 314 997 402 1064; x_wconf 91' lang='lat' dir='ltr'><strong>mihi</strong></span> <span class='ocrx_word' id='word_1_20' title='bbox 427 995 546 1074; x_wconf 85' lang='lat' dir='ltr'><strong>dedit,</strong></span> <span class='ocrx_word' id='word_1_21' title='bbox 572 996 607 1063; x_wconf 90' lang='lat' dir='ltr'><strong>et</strong></span> <span class='ocrx_word' id='word_1_22' title='bbox 628 991 856 1061; x_wconf 85' lang='lat' dir='ltr'><strong>mediatorem</strong></span> <span class='ocrx_word' id='word_1_23' title='bbox 881 989 968 1057; x_wconf 90' lang='lat' dir='ltr'><strong>mihi</strong></span> <span class='ocrx_word' id='word_1_24' title='bbox 992 989 1108 1074; x_wconf 84' lang='lat' dir='ltr'>posuit</span> <span class='ocrx_word' id='word_1_25' title='bbox 1130 987 1328 1056; x_wconf 82' lang='lat' dir='ltr'><strong>romoaldus</strong></span> <span class='ocrx_word' id='word_1_26' title='bbox 1352 1005 1464 1056; x_wconf 90' lang='lat' dir='ltr'><strong>comes</strong></span> <span class='ocrx_word' id='word_1_27' title='bbox 1492 993 1664 1073; x_wconf 90' lang='lat' dir='ltr'><strong>congnato</strong></span> <span class='ocrx_word' id='word_1_28' title='bbox 1697 1008 1759 1058; x_wconf 93' lang='lat' dir='ltr'><strong>suo</strong></span> <span class='ocrx_word' id='word_1_29' title='bbox 1793 992 1886 1062; x_wconf 85' lang='lat' dir='ltr'><strong>filius</strong></span> <span class='ocrx_word' id='word_1_30' title='bbox 1920 995 2092 1079; x_wconf 89' lang='lat' dir='ltr'><strong>quondam</strong></span> 
     </span>
     <span class='ocr_line' id='line_1_4' title="bbox 227 1141 2091 1230; baseline 0.002 -10"><span class='ocrx_word' id='word_1_31' title='bbox 227 1151 385 1230; x_wconf 91' lang='lat' dir='ltr'><strong>bisantii,</strong></span> <span class='ocrx_word' id='word_1_32' title='bbox 411 1149 473 1217; x_wconf 83' lang='lat' dir='ltr'><strong>tali</strong></span> <span class='ocrx_word' id='word_1_33' title='bbox 497 1148 632 1225; x_wconf 91' lang='lat' dir='ltr'><strong>ordine,</strong></span> <span class='ocrx_word' id='word_1_34' title='bbox 657 1149 696 1215; x_wconf 94' lang='lat' dir='ltr'><strong>ut</strong></span> <span class='ocrx_word' id='word_1_35' title='bbox 718 1144 841 1214; x_wconf 92' lang='lat' dir='ltr'><strong>amado</strong></span> <span class='ocrx_word' id='word_1_36' title='bbox 865 1147 899 1211; x_wconf 93' lang='lat' dir='ltr'><strong>et</strong></span> <span class='ocrx_word' id='word_1_37' title='bbox 923 1160 1030 1227; x_wconf 90' lang='lat' dir='ltr'><strong>usque</strong></span> <span class='ocrx_word' id='word_1_38' title='bbox 1053 1141 1181 1227; x_wconf 76' lang='lat' dir='ltr'><strong>big‘inti</strong></span> <span class='ocrx_word' id='word_1_39' title='bbox 1204 1141 1287 1208; x_wconf 90' lang='lat' dir='ltr'><strong>anni</strong></span> <span class='ocrx_word' id='word_1_40' title='bbox 1312 1141 1475 1226; x_wconf 88' lang='lat' dir='ltr'><strong>completi</strong></span> <span class='ocrx_word' id='word_1_41' title='bbox 1497 1141 1539 1208; x_wconf 91' lang='lat' dir='ltr'><strong>ad</strong></span> <span class='ocrx_word' id='word_1_42' title='bbox 1564 1161 1642 1210; x_wconf 92' lang='lat' dir='ltr'><strong>mea</strong></span> <span class='ocrx_word' id='word_1_43' title='bbox 1668 1145 1702 1212; x_wconf 91' lang='lat' dir='ltr'><strong>et</strong></span> <span class='ocrx_word' id='word_1_44' title='bbox 1734 1144 1778 1212; x_wconf 90' lang='lat' dir='ltr'><strong>de</strong></span> <span class='ocrx_word' id='word_1_45' title='bbox 1812 1147 1899 1216; x_wconf 89' lang='lat' dir='ltr'><strong>meis</strong></span> <span class='ocrx_word' id='word_1_46' title='bbox 1931 1150 2091 1223; x_wconf 90' lang='lat' dir='ltr'><strong>eredibus</strong></span> 
     </span>
    </p>
   </div>
   <div class='ocr_carea' id='block_1_3' title="bbox 226 1281 2093 1391">
    <p class='ocr_par' dir='ltr' id='par_1_3' title="bbox 226 1281 2093 1391">
     <span class='ocr_line' id='line_1_5' title="bbox 226 1281 2093 1391; baseline -0.001 -17"><span class='ocrx_word' id='word_1_47' title='bbox 226 1307 300 1374; x_wconf 92' lang='lat' dir='ltr'><strong>sint</strong></span> <span class='ocrx_word' id='word_1_48' title='bbox 322 1305 543 1391; x_wconf 88' lang='lat' dir='ltr'><strong>potestatem,</strong></span> <span class='ocrx_word' id='word_1_49' title='bbox 569 1305 604 1372; x_wconf 88' lang='lat' dir='ltr'><strong>et</strong></span> <span class='ocrx_word' id='word_1_50' title='bbox 627 1302 725 1370; x_wconf 85' lang='lat' dir='ltr'><strong>fobea</strong></span> <span class='ocrx_word' id='word_1_51' title='bbox 747 1304 782 1369; x_wconf 91' lang='lat' dir='ltr'><strong>et</strong></span> <span class='ocrx_word' id='word_1_52' title='bbox 805 1300 918 1367; x_wconf 90' lang='lat' dir='ltr'><strong>omnis</strong></span> <span class='ocrx_word' id='word_1_53' title='bbox 940 1299 1058 1367; x_wconf 87' lang='lat' dir='ltr'><strong>nostre</strong></span> <span class='ocrx_word' id='word_1_54' title='bbox 1082 1297 1242 1366; x_wconf 79' lang='lat' dir='ltr'>utilitatis</span> <span class='ocrx_word' id='word_1_55' title='bbox 1265 1296 1393 1364; x_wconf 87' lang='lat' dir='ltr'><strong>ibidem</strong></span> <span class='ocrx_word' id='word_1_56' title='bbox 1417 1297 1587 1366; x_wconf 84' lang='lat' dir='ltr'><strong>iaciamus</strong></span> <span class='ocrx_word' id='word_1_57' title='bbox 1609 1301 1644 1364; x_wconf 94' lang='lat' dir='ltr'><strong>et</strong></span> <span class='ocrx_word' id='word_1_58' title='bbox 1661 1297 1788 1366; x_wconf 86' lang='lat' dir='ltr'><strong>ibidem</strong></span> <span class='ocrx_word' id='word_1_59' title='bbox 1804 1301 1957 1372; x_wconf 90' lang='lat' dir='ltr'><strong>residere</strong></span> <span class='ocrx_word' id='word_1_60' title='bbox 1972 1281 2006 1372; x_wconf 87' lang='lat' dir='ltr'><strong>et</strong></span> <span class='ocrx_word' id='word_1_61' title='bbox 2020 1306 2093 1374; x_wconf 89' lang='lat' dir='ltr'><strong>abi·</strong></span> 
     </span>
    </p>
   </div>
   <div class='ocr_carea' id='block_1_4' title="bbox 224 1447 2091 1540">
    <p class='ocr_par' dir='ltr' id='par_1_4' title="bbox 224 1447 2091 1540">
     <span class='ocr_line' id='line_1_6' title="bbox 224 1447 2091 1540; baseline 0.001 -16"><span class='ocrx_word' id='word_1_62' title='bbox 224 1459 306 1524; x_wconf 90' lang='lat' dir='ltr'><strong>tare</strong></span> <span class='ocrx_word' id='word_1_63' title='bbox 329 1473 393 1523; x_wconf 90' lang='lat' dir='ltr'><strong>nos</strong></span> <span class='ocrx_word' id='word_1_64' title='bbox 415 1455 450 1524; x_wconf 90' lang='lat' dir='ltr'><strong>et</strong></span> <span class='ocrx_word' id='word_1_65' title='bbox 472 1453 682 1532; x_wconf 92' lang='lat' dir='ltr'><strong>hominibus,</strong></span> <span class='ocrx_word' id='word_1_66' title='bbox 708 1470 812 1537; x_wconf 91' lang='lat' dir='ltr'><strong>quam</strong></span> <span class='ocrx_word' id='word_1_67' title='bbox 836 1449 963 1518; x_wconf 85' lang='lat' dir='ltr'><strong>ibidem</strong></span> <span class='ocrx_word' id='word_1_68' title='bbox 988 1449 1197 1533; x_wconf 85' lang='lat' dir='ltr'><strong>miserimus3</strong></span> <span class='ocrx_word' id='word_1_69' title='bbox 1222 1449 1257 1514; x_wconf 92' lang='lat' dir='ltr'><strong>et</strong></span> <span class='ocrx_word' id='word_1_70' title='bbox 1280 1464 1343 1532; x_wconf 87' lang='lat' dir='ltr'><strong>per</strong></span> <span class='ocrx_word' id='word_1_71' title='bbox 1366 1447 1457 1514; x_wconf 90' lang='lat' dir='ltr'><strong>bona</strong></span> <span class='ocrx_word' id='word_1_72' title='bbox 1479 1447 1734 1516; x_wconf 89' lang='lat' dir='ltr'><strong>combenientia</strong></span> <span class='ocrx_word' id='word_1_73' title='bbox 1760 1451 1823 1534; x_wconf 86' lang='lat' dir='ltr'><strong>p&#39;er</strong></span> <span class='ocrx_word' id='word_1_74' title='bbox 1853 1451 1930 1538; x_wconf 91' lang='lat' dir='ltr'><strong>ipsa</strong></span> <span class='ocrx_word' id='word_1_75' title='bbox 1959 1455 2091 1540; x_wconf 84' lang='lat' dir='ltr'><strong>guadia</strong></span> 
     </span>
    </p>
   </div>
   <div class='ocr_carea' id='block_1_5' title="bbox 224 1599 2090 1991">
    <p class='ocr_par' dir='ltr' id='par_1_5' title="bbox 224 1599 2090 1991">
     <span class='ocr_line' id='line_1_7' title="bbox 224 1599 2090 1700; baseline 0 -24"><span class='ocrx_word' id='word_1_76' title='bbox 224 1607 425 1694; x_wconf 89' lang='lat' dir='ltr'><strong>hobligabit</strong></span> <span class='ocrx_word' id='word_1_77' title='bbox 449 1625 486 1674; x_wconf 91' lang='lat' dir='ltr'><strong>se</strong></span> <span class='ocrx_word' id='word_1_78' title='bbox 509 1607 586 1692; x_wconf 88' lang='lat' dir='ltr'><strong>ipse</strong></span> <span class='ocrx_word' id='word_1_79' title='bbox 610 1605 757 1691; x_wconf 87' lang='lat' dir='ltr'><strong>gualleri</strong></span> <span class='ocrx_word' id='word_1_80' title='bbox 780 1606 816 1672; x_wconf 88' lang='lat' dir='ltr'><strong>et</strong></span> <span class='ocrx_word' id='word_1_81' title='bbox 838 1621 917 1672; x_wconf 94' lang='lat' dir='ltr'><strong>suos</strong></span> <span class='ocrx_word' id='word_1_82' title='bbox 940 1602 1031 1670; x_wconf 89' lang='lat' dir='ltr'><strong>filios</strong></span> <span class='ocrx_word' id='word_1_83' title='bbox 1053 1604 1087 1669; x_wconf 90' lang='lat' dir='ltr'><strong>et</strong></span> <span class='ocrx_word' id='word_1_84' title='bbox 1109 1600 1228 1670; x_wconf 89' lang='lat' dir='ltr'><strong>eredes</strong></span> <span class='ocrx_word' id='word_1_85' title='bbox 1252 1599 1433 1668; x_wconf 85' lang='lat' dir='ltr'><strong>defensare</strong></span> <span class='ocrx_word' id='word_1_86' title='bbox 1456 1601 1543 1668; x_wconf 93' lang='lat' dir='ltr'><strong>mihi</strong></span> <span class='ocrx_word' id='word_1_87' title='bbox 1559 1603 1615 1669; x_wconf 89' lang='lat' dir='ltr'><strong>vel</strong></span> <span class='ocrx_word' id='word_1_88' title='bbox 1631 1602 1673 1700; x_wconf 88' lang='lat' dir='ltr'><strong>ad</strong></span> <span class='ocrx_word' id='word_1_89' title='bbox 1691 1604 1775 1672; x_wconf 90' lang='lat' dir='ltr'><strong>meis</strong></span> <span class='ocrx_word' id='word_1_90' title='bbox 1790 1605 1948 1674; x_wconf 87' lang='lat' dir='ltr'><strong>eredibus</strong></span> <span class='ocrx_word' id='word_1_91' title='bbox 1967 1607 2090 1678; x_wconf 90' lang='lat' dir='ltr'><strong>inolita</strong></span> 
     </span>
     <span class='ocr_line' id='line_1_8' title="bbox 224 1753 2089 1876; baseline 0.001 -48"><span class='ocrx_word' id='word_1_92' title='bbox 224 1759 465 1846; x_wconf 87' lang='lat' dir='ltr'><strong>suprascripta</strong></span> <span class='ocrx_word' id='word_1_93' title='bbox 486 1762 596 1876; x_wconf 75' lang='lat' dir='ltr'><strong>terra,</strong></span> <span class='ocrx_word' id='word_1_94' title='bbox 622 1759 680 1825; x_wconf 92' lang='lat' dir='ltr'><strong>ubi</strong></span> <span class='ocrx_word' id='word_1_95' title='bbox 705 1776 797 1824; x_wconf 89' lang='lat' dir='ltr'><strong>nuuc</strong></span> <span class='ocrx_word' id='word_1_96' title='bbox 821 1755 923 1823; x_wconf 93' lang='lat' dir='ltr'><strong>modo</strong></span> <span class='ocrx_word' id='word_1_97' title='bbox 947 1773 1062 1822; x_wconf 85' lang='lat' dir='ltr'><strong>casam</strong></span> <span class='ocrx_word' id='word_1_98' title='bbox 1087 1753 1283 1821; x_wconf 89' lang='lat' dir='ltr'><strong>edificatam</strong></span> <span class='ocrx_word' id='word_1_99' title='bbox 1308 1754 1405 1834; x_wconf 90' lang='lat' dir='ltr'><strong>abeo,</strong></span> <span class='ocrx_word' id='word_1_100' title='bbox 1432 1773 1537 1839; x_wconf 89' lang='lat' dir='ltr'><strong>usque</strong></span> <span class='ocrx_word' id='word_1_101' title='bbox 1559 1755 1627 1840; x_wconf 92' lang='lat' dir='ltr'><strong>ipsi</strong></span> <span class='ocrx_word' id='word_1_102' title='bbox 1654 1755 1782 1841; x_wconf 89' lang='lat' dir='ltr'><strong>biginti</strong></span> <span class='ocrx_word' id='word_1_103' title='bbox 1813 1759 1896 1826; x_wconf 89' lang='lat' dir='ltr'><strong>anni</strong></span> <span class='ocrx_word' id='word_1_104' title='bbox 1929 1761 2089 1845; x_wconf 89' lang='lat' dir='ltr'><strong>completi</strong></span> 
     </span>
     <span class='ocr_line' id='line_1_9' title="bbox 229 1886 2089 1991; baseline 0 -10"><span class='ocrx_word' id='word_1_105' title='bbox 229 1933 307 1981; x_wconf 92' lang='lat' dir='ltr'><strong>cum</strong></span> <span class='ocrx_word' id='word_1_106' title='bbox 333 1913 407 1980; x_wconf 92' lang='lat' dir='ltr'><strong>bice</strong></span> <span class='ocrx_word' id='word_1_107' title='bbox 430 1913 474 1980; x_wconf 91' lang='lat' dir='ltr'><strong>de</strong></span> <span class='ocrx_word' id='word_1_108' title='bbox 497 1912 556 1979; x_wconf 88' lang='lat' dir='ltr'><strong>bia</strong></span> <span class='ocrx_word' id='word_1_109' title='bbox 579 1928 641 1979; x_wconf 90' lang='lat' dir='ltr'><strong>sua</strong></span> <span class='ocrx_word' id='word_1_110' title='bbox 664 1910 711 1978; x_wconf 92' lang='lat' dir='ltr'><strong>da</strong></span> <span class='ocrx_word' id='word_1_111' title='bbox 733 1909 847 1977; x_wconf 90' lang='lat' dir='ltr'><strong>omnis</strong></span> <span class='ocrx_word' id='word_1_112' title='bbox 869 1908 1028 1975; x_wconf 89' lang='lat' dir='ltr'><strong>homines</strong></span> <span class='ocrx_word' id='word_1_113' title='bbox 1052 1886 1212 1991; x_wconf 85' lang='lat' dir='ltr'><strong>omnique</strong></span> <span class='ocrx_word' id='word_1_114' title='bbox 1235 1909 1405 1990; x_wconf 90' lang='lat' dir='ltr'><strong>partibus,</strong></span> <span class='ocrx_word' id='word_1_115' title='bbox 1431 1910 1465 1976; x_wconf 89' lang='lat' dir='ltr'><strong>et</strong></span> <span class='ocrx_word' id='word_1_116' title='bbox 1488 1925 1557 1974; x_wconf 89' lang='lat' dir='ltr'><strong>non</strong></span> <span class='ocrx_word' id='word_1_117' title='bbox 1579 1910 1658 1976; x_wconf 90' lang='lat' dir='ltr'><strong>illut</strong></span> <span class='ocrx_word' id='word_1_118' title='bbox 1681 1912 1736 1978; x_wconf 84' lang='lat' dir='ltr'><strong>vel</strong></span> <span class='ocrx_word' id='word_1_119' title='bbox 1759 1911 1885 1980; x_wconf 87' lang='lat' dir='ltr'><strong>exinde</strong></span> <span class='ocrx_word' id='word_1_120' title='bbox 1908 1914 2008 1980; x_wconf 90' lang='lat' dir='ltr'><strong>nobis</strong></span> <span class='ocrx_word' id='word_1_121' title='bbox 2026 1915 2089 1982; x_wconf 89' lang='lat' dir='ltr'><strong>tol-</strong></span> 
     </span>
    </p>
   </div>
   <div class='ocr_carea' id='block_1_6' title="bbox 224 2058 2089 2146">
    <p class='ocr_par' dir='ltr' id='par_1_6' title="bbox 224 2058 2089 2146">
     <span class='ocr_line' id='line_1_10' title="bbox 224 2058 2089 2146; baseline 0.001 -14"><span class='ocrx_word' id='word_1_122' title='bbox 224 2067 298 2132; x_wconf 90' lang='lat' dir='ltr'><strong>lere</strong></span> <span class='ocrx_word' id='word_1_123' title='bbox 320 2069 382 2132; x_wconf 93' lang='lat' dir='ltr'><strong>aut</strong></span> <span class='ocrx_word' id='word_1_124' title='bbox 405 2066 567 2131; x_wconf 87' lang='lat' dir='ltr'><strong>oontrare</strong></span> <span class='ocrx_word' id='word_1_125' title='bbox 598 2063 680 2130; x_wconf 89' lang='lat' dir='ltr'><strong>ante</strong></span> <span class='ocrx_word' id='word_1_126' title='bbox 710 2063 785 2146; x_wconf 89' lang='lat' dir='ltr'><strong>ipso</strong></span> <span class='ocrx_word' id='word_1_127' title='bbox 809 2058 1049 2128; x_wconf 88' lang='lat' dir='ltr'><strong>constitutum.</strong></span> <span class='ocrx_word' id='word_1_128' title='bbox 1076 2059 1119 2125; x_wconf 93' lang='lat' dir='ltr'><strong>ad</strong></span> <span class='ocrx_word' id='word_1_129' title='bbox 1143 2061 1314 2144; x_wconf 90' lang='lat' dir='ltr'><strong>completo</strong></span> <span class='ocrx_word' id='word_1_130' title='bbox 1337 2060 1412 2143; x_wconf 89' lang='lat' dir='ltr'><strong>ipso</strong></span> <span class='ocrx_word' id='word_1_131' title='bbox 1435 2061 1656 2128; x_wconf 87' lang='lat' dir='ltr'><strong>constitutum</strong></span> <span class='ocrx_word' id='word_1_132' title='bbox 1679 2060 1788 2130; x_wconf 85' lang='lat' dir='ltr'><strong>licead</strong></span> <span class='ocrx_word' id='word_1_133' title='bbox 1816 2081 1879 2131; x_wconf 91' lang='lat' dir='ltr'><strong>nos</strong></span> <span class='ocrx_word' id='word_1_134' title='bbox 1903 2067 1937 2131; x_wconf 90' lang='lat' dir='ltr'><strong>et</strong></span> <span class='ocrx_word' id='word_1_135' title='bbox 1961 2066 2089 2134; x_wconf 84' lang='lat' dir='ltr'><strong>nostris</strong></span> 
     </span>
    </p>
   </div>
   <div class='ocr_carea' id='block_1_7' title="bbox 224 2212 2198 2303">
    <p class='ocr_par' dir='ltr' id='par_1_7' title="bbox 224 2212 2198 2303">
     <span class='ocr_line' id='line_1_11' title="bbox 224 2212 2198 2303; baseline 0.001 -19"><span class='ocrx_word' id='word_1_136' title='bbox 224 2218 413 2286; x_wconf 85' lang='lat' dir='ltr'><strong>heredibus</strong></span> <span class='ocrx_word' id='word_1_137' title='bbox 437 2219 516 2303; x_wconf 86' lang='lat' dir='ltr'><strong>ipsa</strong></span> <span class='ocrx_word' id='word_1_138' title='bbox 539 2218 745 2302; x_wconf 86' lang='lat' dir='ltr'><strong>lingnamen</strong></span> <span class='ocrx_word' id='word_1_139' title='bbox 769 2216 811 2298; x_wconf 90' lang='lat' dir='ltr'><strong>de</strong></span> <span class='ocrx_word' id='word_1_140' title='bbox 835 2215 912 2300; x_wconf 87' lang='lat' dir='ltr'><strong>ipsa</strong></span> <span class='ocrx_word' id='word_1_141' title='bbox 935 2231 1016 2282; x_wconf 87' lang='lat' dir='ltr'><strong>casa</strong></span> <span class='ocrx_word' id='word_1_142' title='bbox 1038 2213 1165 2281; x_wconf 86' lang='lat' dir='ltr'><strong>exinde</strong></span> <span class='ocrx_word' id='word_1_143' title='bbox 1189 2212 1384 2281; x_wconf 84' lang='lat' dir='ltr'><strong>disturbare</strong></span> <span class='ocrx_word' id='word_1_144' title='bbox 1412 2217 1446 2281; x_wconf 89' lang='lat' dir='ltr'><strong>et</strong></span> <span class='ocrx_word' id='word_1_145' title='bbox 1469 2219 1626 2283; x_wconf 91' lang='lat' dir='ltr'><strong>escutere</strong></span> <span class='ocrx_word' id='word_1_146' title='bbox 1660 2217 1788 2286; x_wconf 84' lang='lat' dir='ltr'><strong>exinde</strong></span> <span class='ocrx_word' id='word_1_147' title='bbox 1822 2220 1934 2286; x_wconf 94' lang='lat' dir='ltr'><strong>omnis</strong></span> <span class='ocrx_word' id='word_1_148' title='bbox 1968 2222 2090 2287; x_wconf 91' lang='lat' dir='ltr'><strong>nostra</strong></span> <span class='ocrx_word' id='word_1_149' title='bbox 2193 2226 2198 2236; x_wconf 84' lang='grc'><em>“</em></span> 
     </span>
    </p>
   </div>
   <div class='ocr_carea' id='block_1_8' title="bbox 224 2367 2090 2762">
    <p class='ocr_par' dir='ltr' id='par_1_8' title="bbox 224 2367 2090 2762">
     <span class='ocr_line' id='line_1_12' title="bbox 224 2367 2089 2456; baseline 0.001 -18"><span class='ocrx_word' id='word_1_150' title='bbox 224 2389 329 2439; x_wconf 90' lang='lat' dir='ltr'><strong>causa</strong></span> <span class='ocrx_word' id='word_1_151' title='bbox 352 2370 443 2456; x_wconf 90' lang='lat' dir='ltr'><strong>quod</strong></span> <span class='ocrx_word' id='word_1_152' title='bbox 467 2370 595 2437; x_wconf 93' lang='lat' dir='ltr'><strong>ibidem</strong></span> <span class='ocrx_word' id='word_1_153' title='bbox 620 2371 819 2437; x_wconf 91' lang='lat' dir='ltr'><strong>abuerimus</strong></span> <span class='ocrx_word' id='word_1_154' title='bbox 837 2370 908 2448; x_wconf 77' lang='lat' dir='ltr'><strong>,et</strong></span> <span class='ocrx_word' id='word_1_155' title='bbox 928 2385 1079 2453; x_wconf 85' lang='lat' dir='ltr'><strong>pergere</strong></span> <span class='ocrx_word' id='word_1_156' title='bbox 1102 2386 1179 2435; x_wconf 90' lang='lat' dir='ltr'><strong>cum</strong></span> <span class='ocrx_word' id='word_1_157' title='bbox 1205 2367 1264 2434; x_wconf 94' lang='lat' dir='ltr'><strong>illo</strong></span> <span class='ocrx_word' id='word_1_158' title='bbox 1291 2369 1351 2435; x_wconf 93' lang='lat' dir='ltr'><strong>ubi</strong></span> <span class='ocrx_word' id='word_1_159' title='bbox 1375 2369 1584 2438; x_wconf 91' lang='lat' dir='ltr'><strong>boluerimus</strong></span> <span class='ocrx_word' id='word_1_160' title='bbox 1607 2367 1692 2448; x_wconf 52' lang='lat' dir='ltr'><strong>sine,</strong></span> <span class='ocrx_word' id='word_1_161' title='bbox 1708 2371 1957 2438; x_wconf 83' lang='lat' dir='ltr'><strong>contrarietate</strong></span> <span class='ocrx_word' id='word_1_162' title='bbox 1979 2372 2089 2456; x_wconf 88' lang='lat' dir='ltr'><strong>ipsius</strong></span> 
     </span>
     <span class='ocr_line' id='line_1_13' title="bbox 226 2473 2089 2608; baseline 0.002 -18"><span class='ocrx_word' id='word_1_163' title='bbox 226 2524 377 2608; x_wconf 86' lang='lat' dir='ltr'><strong>gualieri</strong></span> <span class='ocrx_word' id='word_1_164' title='bbox 401 2524 458 2590; x_wconf 91' lang='lat' dir='ltr'><strong>vel</strong></span> <span class='ocrx_word' id='word_1_165' title='bbox 481 2523 522 2591; x_wconf 93' lang='lat' dir='ltr'><strong>de</strong></span> <span class='ocrx_word' id='word_1_166' title='bbox 545 2524 636 2590; x_wconf 88' lang='lat' dir='ltr'><strong>filios</strong></span> <span class='ocrx_word' id='word_1_167' title='bbox 659 2525 694 2589; x_wconf 92' lang='lat' dir='ltr'><strong>et</strong></span> <span class='ocrx_word' id='word_1_168' title='bbox 717 2473 836 2590; x_wconf 82' lang='lat' dir='ltr'><strong>eredes</strong></span> <span class='ocrx_word' id='word_1_169' title='bbox 860 2523 935 2589; x_wconf 90' lang='lat' dir='ltr'><strong>eius</strong></span> <span class='ocrx_word' id='word_1_170' title='bbox 960 2523 1015 2589; x_wconf 90' lang='lat' dir='ltr'><strong>vel</strong></span> <span class='ocrx_word' id='word_1_171' title='bbox 1039 2522 1164 2607; x_wconf 90' lang='lat' dir='ltr'><strong>cuiqua</strong></span> <span class='ocrx_word' id='word_1_172' title='bbox 1187 2521 1385 2590; x_wconf 89' lang='lat' dir='ltr'><strong>hominibus</strong></span> <span class='ocrx_word' id='word_1_173' title='bbox 1411 2523 1445 2588; x_wconf 87' lang='lat' dir='ltr'><strong>et</strong></span> <span class='ocrx_word' id='word_1_174' title='bbox 1472 2522 1653 2606; x_wconf 77' lang='lat' dir='ltr'><strong>partibus,</strong></span> <span class='ocrx_word' id='word_1_175' title='bbox 1679 2525 1713 2590; x_wconf 92' lang='lat' dir='ltr'><strong>et</strong></span> <span class='ocrx_word' id='word_1_176' title='bbox 1746 2523 1819 2608; x_wconf 88' lang='lat' dir='ltr'><strong>ipsa</strong></span> <span class='ocrx_word' id='word_1_177' title='bbox 1853 2527 1946 2593; x_wconf 91' lang='lat' dir='ltr'><strong>terra</strong></span> <span class='ocrx_word' id='word_1_178' title='bbox 1980 2527 2089 2594; x_wconf 88' lang='lat' dir='ltr'><strong>bacua</strong></span> 
     </span>
     <span class='ocr_line' id='line_1_14' title="bbox 226 2673 2090 2762; baseline 0.003 -20"><span class='ocrx_word' id='word_1_179' title='bbox 226 2677 386 2744; x_wconf 87' lang='lat' dir='ltr'><strong>rebertar</strong></span> <span class='ocrx_word' id='word_1_180' title='bbox 409 2676 454 2742; x_wconf 91' lang='lat' dir='ltr'><strong>ad</strong></span> <span class='ocrx_word' id='word_1_181' title='bbox 478 2677 618 2744; x_wconf 90' lang='lat' dir='ltr'><strong>illorum</strong></span> <span class='ocrx_word' id='word_1_182' title='bbox 643 2677 824 2761; x_wconf 86' lang='lat' dir='ltr'><strong>potestate.</strong></span> <span class='ocrx_word' id='word_1_183' title='bbox 851 2679 988 2744; x_wconf 89' lang='lat' dir='ltr'><strong>tantum</strong></span> <span class='ocrx_word' id='word_1_184' title='bbox 1012 2678 1041 2744; x_wconf 93' lang='lat' dir='ltr'><strong>si</strong></span> <span class='ocrx_word' id='word_1_185' title='bbox 1066 2673 1158 2744; x_wconf 87' lang='lat' dir='ltr'><strong>infra</strong></span> <span class='ocrx_word' id='word_1_186' title='bbox 1182 2679 1258 2762; x_wconf 90' lang='lat' dir='ltr'><strong>ipso</strong></span> <span class='ocrx_word' id='word_1_187' title='bbox 1289 2677 1537 2755; x_wconf 89' lang='lat' dir='ltr'><strong>constitutum,</strong></span> <span class='ocrx_word' id='word_1_188' title='bbox 1564 2677 1594 2744; x_wconf 88' lang='lat' dir='ltr'><strong>si</strong></span> <span class='ocrx_word' id='word_1_189' title='bbox 1629 2677 1736 2761; x_wconf 88' lang='lat' dir='ltr'><strong>guido</strong></span> <span class='ocrx_word' id='word_1_190' title='bbox 1770 2695 1961 2762; x_wconf 89' lang='lat' dir='ltr'><strong>germanus</strong></span> <span class='ocrx_word' id='word_1_191' title='bbox 1993 2697 2090 2748; x_wconf 91' lang='lat' dir='ltr'><strong>meus</strong></span> 
     </span>
    </p>
   </div>
   <div class='ocr_carea' id='block_1_9' title="bbox 227 2829 2092 2915">
    <p class='ocr_par' dir='ltr' id='par_1_9' title="bbox 227 2829 2092 2915">
     <span class='ocr_line' id='line_1_15' title="bbox 227 2829 2092 2915; baseline 0.003 -18"><span class='ocrx_word' id='word_1_192' title='bbox 227 2849 306 2898; x_wconf 92' lang='lat' dir='ltr'><strong>oum</strong></span> <span class='ocrx_word' id='word_1_193' title='bbox 327 2829 449 2899; x_wconf 84' lang='lat' dir='ltr'><strong>&#39;eredes</strong></span> <span class='ocrx_word' id='word_1_194' title='bbox 471 2847 566 2898; x_wconf 89' lang='lat' dir='ltr'><strong>meas</strong></span> <span class='ocrx_word' id='word_1_195' title='bbox 590 2829 631 2896; x_wconf 92' lang='lat' dir='ltr'><strong>ad</strong></span> <span class='ocrx_word' id='word_1_196' title='bbox 657 2830 821 2914; x_wconf 89' lang='lat' dir='ltr'><strong>partione</strong></span> <span class='ocrx_word' id='word_1_197' title='bbox 843 2831 978 2898; x_wconf 85' lang='lat' dir='ltr'><strong>benerit</strong></span> <span class='ocrx_word' id='word_1_198' title='bbox 1000 2833 1034 2898; x_wconf 90' lang='lat' dir='ltr'><strong>et</strong></span> <span class='ocrx_word' id='word_1_199' title='bbox 1056 2830 1211 2897; x_wconf 90' lang='lat' dir='ltr'><strong>dibidere</strong></span> <span class='ocrx_word' id='word_1_200' title='bbox 1236 2832 1384 2898; x_wconf 91' lang='lat' dir='ltr'><strong>boluerit</strong></span> <span class='ocrx_word' id='word_1_201' title='bbox 1405 2832 1481 2915; x_wconf 88' lang='lat' dir='ltr'><strong>ipse</strong></span> <span class='ocrx_word' id='word_1_202' title='bbox 1503 2831 1607 2898; x_wconf 88' lang='lat' dir='ltr'><strong>terris</strong></span> <span class='ocrx_word' id='word_1_203' title='bbox 1631 2834 1666 2898; x_wconf 89' lang='lat' dir='ltr'><strong>et</strong></span> <span class='ocrx_word' id='word_1_204' title='bbox 1689 2832 1777 2898; x_wconf 90' lang='lat' dir='ltr'><strong>casis</strong></span> <span class='ocrx_word' id='word_1_205' title='bbox 1799 2848 1918 2902; x_wconf 86' lang='lat' dir='ltr'><strong>eorum</strong></span> <span class='ocrx_word' id='word_1_206' title='bbox 1940 2833 2092 2904; x_wconf 88' lang='lat' dir='ltr'><strong>deintus</strong></span> 
     </span>
    </p>
   </div>
   <div class='ocr_carea' id='block_1_10' title="bbox 110 2983 2091 3070">
    <p class='ocr_par' dir='ltr' id='par_1_10' title="bbox 110 2983 2091 3070">
     <span class='ocr_line' id='line_1_16' title="bbox 110 2983 2091 3070; baseline 0.001 -18"><span class='ocrx_word' id='word_1_207' title='bbox 110 2985 112 2989; x_wconf 82' lang='grc'><strong>’</strong></span> <span class='ocrx_word' id='word_1_208' title='bbox 225 3003 292 3052; x_wconf 89' lang='lat' dir='ltr'><strong>anc</strong></span> <span class='ocrx_word' id='word_1_209' title='bbox 315 2983 562 3052; x_wconf 87' lang='lat' dir='ltr'><strong>salernitanam</strong></span> <span class='ocrx_word' id='word_1_210' title='bbox 588 2984 777 3064; x_wconf 89' lang='lat' dir='ltr'><strong>cibitatem,</strong></span> <span class='ocrx_word' id='word_1_211' title='bbox 803 2986 1100 3069; x_wconf 82' lang='lat' dir='ltr'><strong>etsuprascripta</strong></span> <span class='ocrx_word' id='word_1_212' title='bbox 1123 2983 1366 3051; x_wconf 89' lang='lat' dir='ltr'><strong>tradiotionem</strong></span> <span class='ocrx_word' id='word_1_213' title='bbox 1391 2984 1486 3052; x_wconf 92' lang='lat' dir='ltr'><strong>illius</strong></span> <span class='ocrx_word' id='word_1_214' title='bbox 1510 2983 1546 3050; x_wconf 93' lang='lat' dir='ltr'><strong>in</strong></span> <span class='ocrx_word' id='word_1_215' title='bbox 1569 2985 1756 3052; x_wconf 88' lang='lat' dir='ltr'><strong>sartionem</strong></span> <span class='ocrx_word' id='word_1_216' title='bbox 1782 2985 1891 3070; x_wconf 91' lang='lat' dir='ltr'><strong>ipsius</strong></span> <span class='ocrx_word' id='word_1_217' title='bbox 1906 2986 2038 3054; x_wconf 90' lang='lat' dir='ltr'><strong>widoni</strong></span> <span class='ocrx_word' id='word_1_218' title='bbox 2055 2988 2091 3054; x_wconf 91' lang='lat' dir='ltr'><strong>in</strong></span> 
     </span>
    </p>
   </div>
   <div class='ocr_carea' id='block_1_11' title="bbox 224 3133 2091 3222">
    <p class='ocr_par' dir='ltr' id='par_1_11' title="bbox 224 3133 2091 3222">
     <span class='ocr_line' id='line_1_17' title="bbox 224 3133 2091 3222; baseline 0.002 -18"><span class='ocrx_word' id='word_1_219' title='bbox 224 3138 381 3204; x_wconf 90' lang='lat' dir='ltr'><strong>sartione</strong></span> <span class='ocrx_word' id='word_1_220' title='bbox 404 3136 574 3204; x_wconf 89' lang='lat' dir='ltr'><strong>ebenierit</strong></span> <span class='ocrx_word' id='word_1_221' title='bbox 597 3155 703 3204; x_wconf 92' lang='lat' dir='ltr'><strong>unum</strong></span> <span class='ocrx_word' id='word_1_222' title='bbox 728 3136 771 3204; x_wconf 89' lang='lat' dir='ltr'><strong>de</strong></span> <span class='ocrx_word' id='word_1_223' title='bbox 796 3133 875 3222; x_wconf 89' lang='lat' dir='ltr'><strong>ipsa</strong></span> <span class='ocrx_word' id='word_1_224' title='bbox 897 3137 1067 3222; x_wconf 89' lang='lat' dir='ltr'><strong>aplictora</strong></span> <span class='ocrx_word' id='word_1_225' title='bbox 1089 3137 1132 3203; x_wconf 90' lang='lat' dir='ltr'><strong>de</strong></span> <span class='ocrx_word' id='word_1_226' title='bbox 1156 3135 1269 3206; x_wconf 93' lang='lat' dir='ltr'><strong>media</strong></span> <span class='ocrx_word' id='word_1_227' title='bbox 1292 3137 1370 3221; x_wconf 91' lang='lat' dir='ltr'><strong>ipsa</strong></span> <span class='ocrx_word' id='word_1_228' title='bbox 1392 3137 1498 3214; x_wconf 88' lang='lat' dir='ltr'><strong>terra,</strong></span> <span class='ocrx_word' id='word_1_229' title='bbox 1518 3139 1601 3203; x_wconf 90' lang='lat' dir='ltr'><strong>tunc</strong></span> <span class='ocrx_word' id='word_1_230' title='bbox 1625 3136 1815 3222; x_wconf 86' lang='lat' dir='ltr'><strong>adsignare</strong></span> <span class='ocrx_word' id='word_1_231' title='bbox 1829 3137 1931 3204; x_wconf 90' lang='lat' dir='ltr'><strong>nobis</strong></span> <span class='ocrx_word' id='word_1_232' title='bbox 1946 3139 2091 3207; x_wconf 89' lang='lat' dir='ltr'><strong>uostris·</strong></span> 
     </span>
    </p>
   </div>
   <div class='ocr_carea' id='block_1_12' title="bbox 223 3288 2087 3376">
    <p class='ocr_par' dir='ltr' id='par_1_12' title="bbox 223 3288 2087 3376">
     <span class='ocr_line' id='line_1_18' title="bbox 223 3288 2087 3376; baseline 0.001 -18"><span class='ocrx_word' id='word_1_233' title='bbox 223 3309 291 3376; x_wconf 87' lang='lat' dir='ltr'><strong>que</strong></span> <span class='ocrx_word' id='word_1_234' title='bbox 315 3290 476 3360; x_wconf 78' lang='lat' dir='ltr'><strong>caedibus</strong></span> <span class='ocrx_word' id='word_1_235' title='bbox 499 3290 570 3357; x_wconf 92' lang='lat' dir='ltr'><strong>alia</strong></span> <span class='ocrx_word' id='word_1_236' title='bbox 592 3291 691 3358; x_wconf 85' lang='lat' dir='ltr'><strong>tanta</strong></span> <span class='ocrx_word' id='word_1_237' title='bbox 714 3295 820 3370; x_wconf 89' lang='lat' dir='ltr'><strong>terra,</strong></span> <span class='ocrx_word' id='word_1_238' title='bbox 848 3293 1015 3376; x_wconf 89' lang='lat' dir='ltr'><strong>quantum</strong></span> <span class='ocrx_word' id='word_1_239' title='bbox 1038 3291 1120 3358; x_wconf 90' lang='lat' dir='ltr'><strong>inde</strong></span> <span class='ocrx_word' id='word_1_240' title='bbox 1143 3288 1243 3358; x_wconf 91' lang='lat' dir='ltr'><strong>nobis</strong></span> <span class='ocrx_word' id='word_1_241' title='bbox 1265 3291 1336 3357; x_wconf 91' lang='lat' dir='ltr'><strong>illis</strong></span> <span class='ocrx_word' id='word_1_242' title='bbox 1359 3289 1481 3357; x_wconf 91' lang='lat' dir='ltr'><strong>diebus</strong></span> <span class='ocrx_word' id='word_1_243' title='bbox 1503 3291 1624 3357; x_wconf 87' lang='lat' dir='ltr'><strong>tulerit</strong></span> <span class='ocrx_word' id='word_1_244' title='bbox 1646 3292 1705 3374; x_wconf 87' lang='lat' dir='ltr'><strong>ille</strong></span> <span class='ocrx_word' id='word_1_245' title='bbox 1727 3295 1762 3360; x_wconf 89' lang='lat' dir='ltr'><strong>et</strong></span> <span class='ocrx_word' id='word_1_246' title='bbox 1783 3292 1875 3359; x_wconf 84' lang='lat' dir='ltr'><strong>filios</strong></span> <span class='ocrx_word' id='word_1_247' title='bbox 1904 3295 1938 3360; x_wconf 90' lang='lat' dir='ltr'><strong>et</strong></span> <span class='ocrx_word' id='word_1_248' title='bbox 1968 3292 2087 3360; x_wconf 90' lang='lat' dir='ltr'><strong>eredes</strong></span> 
     </span>
    </p>
   </div>
   <div class='ocr_carea' id='block_1_13' title="bbox 223 3441 2090 4444">
    <p class='ocr_par' dir='ltr' id='par_1_13' title="bbox 223 3441 2090 3987">
     <span class='ocr_line' id='line_1_19' title="bbox 225 3441 2086 3528; baseline 0.002 -19"><span class='ocrx_word' id='word_1_249' title='bbox 225 3461 307 3510; x_wconf 88' lang='lat' dir='ltr'><strong>suas</strong></span> <span class='ocrx_word' id='word_1_250' title='bbox 329 3443 429 3510; x_wconf 92' lang='lat' dir='ltr'><strong>nobis</strong></span> <span class='ocrx_word' id='word_1_251' title='bbox 453 3441 538 3510; x_wconf 89' lang='lat' dir='ltr'><strong>dare</strong></span> <span class='ocrx_word' id='word_1_252' title='bbox 561 3441 675 3528; x_wconf 91' lang='lat' dir='ltr'><strong>ibique</strong></span> <span class='ocrx_word' id='word_1_253' title='bbox 699 3443 793 3510; x_wconf 92' lang='lat' dir='ltr'><strong>intus</strong></span> <span class='ocrx_word' id='word_1_254' title='bbox 817 3461 882 3511; x_wconf 89' lang='lat' dir='ltr'><strong>ano</strong></span> <span class='ocrx_word' id='word_1_255' title='bbox 907 3442 1154 3510; x_wconf 89' lang='lat' dir='ltr'><strong>salernitanam</strong></span> <span class='ocrx_word' id='word_1_256' title='bbox 1180 3442 1366 3520; x_wconf 90' lang='lat' dir='ltr'><strong>cibitatem,</strong></span> <span class='ocrx_word' id='word_1_257' title='bbox 1393 3443 1428 3508; x_wconf 91' lang='lat' dir='ltr'><strong>et</strong></span> <span class='ocrx_word' id='word_1_258' title='bbox 1450 3443 1626 3510; x_wconf 86' lang='lat' dir='ltr'><strong>licentiam</strong></span> <span class='ocrx_word' id='word_1_259' title='bbox 1651 3443 1815 3510; x_wconf 88' lang='lat' dir='ltr'><strong>abeamus</strong></span> <span class='ocrx_word' id='word_1_260' title='bbox 1832 3441 1991 3511; x_wconf 91' lang='lat' dir='ltr'><strong>similiter</strong></span> <span class='ocrx_word' id='word_1_261' title='bbox 2009 3444 2086 3528; x_wconf 89' lang='lat' dir='ltr'><strong>ipsa</strong></span> 
     </span>
     <span class='ocr_line' id='line_1_20' title="bbox 223 3595 2090 3684; baseline 0.001 -20"><span class='ocrx_word' id='word_1_262' title='bbox 223 3596 429 3681; x_wconf 86' lang='lat' dir='ltr'><strong>linguamen</strong></span> <span class='ocrx_word' id='word_1_263' title='bbox 453 3598 575 3665; x_wconf 90' lang='lat' dir='ltr'><strong>tollere</strong></span> <span class='ocrx_word' id='word_1_264' title='bbox 596 3599 631 3666; x_wconf 90' lang='lat' dir='ltr'><strong>et</strong></span> <span class='ocrx_word' id='word_1_265' title='bbox 654 3599 768 3666; x_wconf 87' lang='lat' dir='ltr'><strong>omnis</strong></span> <span class='ocrx_word' id='word_1_266' title='bbox 792 3601 912 3665; x_wconf 91' lang='lat' dir='ltr'><strong>nostra</strong></span> <span class='ocrx_word' id='word_1_267' title='bbox 936 3616 1040 3666; x_wconf 88' lang='lat' dir='ltr'><strong>causa</strong></span> <span class='ocrx_word' id='word_1_268' title='bbox 1062 3601 1096 3664; x_wconf 92' lang='lat' dir='ltr'><strong>et</strong></span> <span class='ocrx_word' id='word_1_269' title='bbox 1119 3599 1259 3684; x_wconf 87' lang='lat' dir='ltr'><strong>portare</strong></span> <span class='ocrx_word' id='word_1_270' title='bbox 1282 3597 1361 3666; x_wconf 92' lang='lat' dir='ltr'><strong>illut</strong></span> <span class='ocrx_word' id='word_1_271' title='bbox 1385 3597 1422 3664; x_wconf 93' lang='lat' dir='ltr'><strong>in</strong></span> <span class='ocrx_word' id='word_1_272' title='bbox 1445 3597 1534 3676; x_wconf 90' lang='lat' dir='ltr'><strong>illut,</strong></span> <span class='ocrx_word' id='word_1_273' title='bbox 1560 3595 1650 3682; x_wconf 92' lang='lat' dir='ltr'><strong>quod</strong></span> <span class='ocrx_word' id='word_1_274' title='bbox 1674 3597 1745 3664; x_wconf 91' lang='lat' dir='ltr'><strong>illis</strong></span> <span class='ocrx_word' id='word_1_275' title='bbox 1772 3597 1872 3665; x_wconf 89' lang='lat' dir='ltr'><strong>nobis</strong></span> <span class='ocrx_word' id='word_1_276' title='bbox 1902 3597 2090 3683; x_wconf 89' lang='lat' dir='ltr'><strong>adsingna-</strong></span> 
     </span>
     <span class='ocr_line' id='line_1_21' title="bbox 225 3745 2088 3832; baseline 0.001 -22"><span class='ocrx_word' id='word_1_277' title='bbox 225 3745 342 3825; x_wconf 90' lang='lat' dir='ltr'><strong>berit,</strong></span> <span class='ocrx_word' id='word_1_278' title='bbox 367 3747 402 3812; x_wconf 92' lang='lat' dir='ltr'><strong>et</strong></span> <span class='ocrx_word' id='word_1_279' title='bbox 425 3747 545 3813; x_wconf 90' lang='lat' dir='ltr'><strong>aberet</strong></span> <span class='ocrx_word' id='word_1_280' title='bbox 567 3764 631 3813; x_wconf 89' lang='lat' dir='ltr'><strong>nos</strong></span> <span class='ocrx_word' id='word_1_281' title='bbox 654 3746 732 3815; x_wconf 92' lang='lat' dir='ltr'><strong>illut</strong></span> <span class='ocrx_word' id='word_1_282' title='bbox 755 3764 861 3831; x_wconf 90' lang='lat' dir='ltr'><strong>usque</strong></span> <span class='ocrx_word' id='word_1_283' title='bbox 884 3746 959 3832; x_wconf 88' lang='lat' dir='ltr'><strong>ipso</strong></span> <span class='ocrx_word' id='word_1_284' title='bbox 990 3747 1223 3815; x_wconf 89' lang='lat' dir='ltr'><strong>constitutum.</strong></span> <span class='ocrx_word' id='word_1_285' title='bbox 1249 3746 1340 3832; x_wconf 89' lang='lat' dir='ltr'><strong>quod</strong></span> <span class='ocrx_word' id='word_1_286' title='bbox 1364 3747 1394 3814; x_wconf 90' lang='lat' dir='ltr'><strong>si</strong></span> <span class='ocrx_word' id='word_1_287' title='bbox 1424 3746 1540 3814; x_wconf 89' lang='lat' dir='ltr'><strong>taliter</strong></span> <span class='ocrx_word' id='word_1_288' title='bbox 1564 3750 1629 3813; x_wconf 88' lang='lat' dir='ltr'><strong>eto.</strong></span> <span class='ocrx_word' id='word_1_289' title='bbox 1660 3745 1856 3828; x_wconf 82' lang='lat' dir='ltr'><strong>Composita</strong></span> <span class='ocrx_word' id='word_1_290' title='bbox 1879 3763 1995 3829; x_wconf 82' lang='lat' dir='ltr'><strong>poena</strong></span> <span class='ocrx_word' id='word_1_291' title='bbox 2019 3765 2088 3832; x_wconf 81' lang='lat' dir='ltr'><strong>per</strong></span> 
     </span>
     <span class='ocr_line' id='line_1_22' title="bbox 223 3898 2084 3987; baseline 0.003 -24"><span class='ocrx_word' id='word_1_292' title='bbox 223 3898 375 3982; x_wconf 81' lang='lat' dir='ltr'><strong>iripinta</strong></span> <span class='ocrx_word' id='word_1_293' title='bbox 398 3898 522 3966; x_wconf 81' lang='lat' dir='ltr'><strong>solidos</strong></span> <span class='ocrx_word' id='word_1_294' title='bbox 552 3901 850 3968; x_wconf 77' lang='lat' dir='ltr'><strong>constantinianas.</strong></span> <span class='ocrx_word' id='word_1_295' title='bbox 878 3903 913 3968; x_wconf 91' lang='lat' dir='ltr'><strong>et</strong></span> <span class='ocrx_word' id='word_1_296' title='bbox 935 3902 1027 3968; x_wconf 88' lang='lat' dir='ltr'><strong>hunc</strong></span> <span class='ocrx_word' id='word_1_297' title='bbox 1052 3903 1191 3968; x_wconf 91' lang='lat' dir='ltr'><strong>brebem</strong></span> <span class='ocrx_word' id='word_1_298' title='bbox 1222 3901 1342 3968; x_wconf 93' lang='lat' dir='ltr'><strong>scribsi</strong></span> <span class='ocrx_word' id='word_1_299' title='bbox 1372 3917 1439 3985; x_wconf 88' lang='lat' dir='ltr'><strong>ego</strong></span> <span class='ocrx_word' id='word_1_300' title='bbox 1466 3900 1619 3968; x_wconf 87' lang='lat' dir='ltr'><strong>ademari</strong></span> <span class='ocrx_word' id='word_1_301' title='bbox 1650 3901 1811 3969; x_wconf 90' lang='lat' dir='ltr'><strong>notarius</strong></span> <span class='ocrx_word' id='word_1_302' title='bbox 1840 3901 1899 3987; x_wconf 92' lang='lat' dir='ltr'><strong>qui</strong></span> <span class='ocrx_word' id='word_1_303' title='bbox 1930 3901 2084 3970; x_wconf 83' lang='lat' dir='ltr'><strong>interlui.</strong></span> 
     </span>
    </p>

    <p class='ocr_par' dir='ltr' id='par_1_14' title="bbox 278 4023 843 4138">
     <span class='ocr_line' id='line_1_23' title="bbox 278 4023 843 4138; baseline 0.007 -21"><span class='ocrx_word' id='word_1_304' title='bbox 278 4024 309 4138; x_wconf 92' lang='lat'><em>†</em></span> <span class='ocrx_word' id='word_1_305' title='bbox 332 4068 399 4136; x_wconf 90' lang='lat' dir='ltr'><strong>ego</strong></span> <span class='ocrx_word' id='word_1_306' title='bbox 421 4055 540 4136; x_wconf 91' lang='lat' dir='ltr'><strong>petrus</strong></span> <span class='ocrx_word' id='word_1_307' title='bbox 836 4023 843 4036; x_wconf 39' lang='lat'>⁸</span> 
     </span>
    </p>

    <p class='ocr_par' dir='ltr' id='par_1_15' title="bbox 274 4175 527 4290">
     <span class='ocr_line' id='line_1_24' title="bbox 274 4175 527 4290; baseline -0.004 -20"><span class='ocrx_word' id='word_1_308' title='bbox 274 4175 309 4290; x_wconf 91' lang='lat'>†</span> <span class='ocrx_word' id='word_1_309' title='bbox 331 4221 399 4288; x_wconf 86' lang='lat' dir='ltr'><strong>ego</strong></span> <span class='ocrx_word' id='word_1_310' title='bbox 422 4203 527 4271; x_wconf 91' lang='lat' dir='ltr'><strong>lando</strong></span> 
     </span>
    </p>

    <p class='ocr_par' dir='ltr' id='par_1_16' title="bbox 278 4329 694 4444">
     <span class='ocr_line' id='line_1_25' title="bbox 278 4329 694 4444; baseline -0.007 -18"><span class='ocrx_word' id='word_1_311' title='bbox 278 4329 309 4441; x_wconf 93' lang='lat'><em>†</em></span> <span class='ocrx_word' id='word_1_312' title='bbox 333 4374 400 4442; x_wconf 91' lang='lat' dir='ltr'><strong>ego</strong></span> <span class='ocrx_word' id='word_1_313' title='bbox 427 4357 582 4425; x_wconf 82' lang='lat' dir='ltr'><strong>adelferi.</strong></span> <span class='ocrx_word' id='word_1_314' title='bbox 690 4436 694 4444; x_wconf 28' lang='grc' dir='ltr'>Ι</span> 
     </span>
    </p>
   </div>
   <div class='ocr_carea' id='block_1_14' title="bbox 1015 4866 1287 4948">
    <p class='ocr_par' dir='ltr' id='par_1_17' title="bbox 1015 4866 1287 4948">
     <span class='ocr_line' id='line_1_26' title="bbox 1015 4866 1287 4948; baseline -0.011 0"><span class='ocrx_word' id='word_1_315' title='bbox 1015 4866 1287 4948; x_wconf 84' lang='lat' dir='ltr'>CCCLIV.</span> 
     </span>
    </p>
   </div>
   <div class='ocr_carea' id='block_1_15' title="bbox 1012 5116 1297 5196">
    <p class='ocr_par' dir='ltr' id='par_1_18' title="bbox 1012 5116 1297 5196">
     <span class='ocr_line' id='line_1_27' title="bbox 1012 5116 1297 5196; baseline -0.014 -2"><span class='ocrx_word' id='word_1_316' title='bbox 1012 5120 1067 5196; x_wconf 90' lang='lat' dir='ltr'><strong>A.</strong></span> <span class='ocrx_word' id='word_1_317' title='bbox 1103 5119 1154 5196; x_wconf 89' lang='lat' dir='ltr'><strong>D.</strong></span> <span class='ocrx_word' id='word_1_318' title='bbox 1193 5116 1297 5196; x_wconf 86' lang='grc'><strong>983.</strong></span> 
     </span>
    </p>
   </div>
   <div class='ocr_carea' id='block_1_16' title="bbox 221 5377 2088 5820">
    <p class='ocr_par' dir='ltr' id='par_1_19' title="bbox 221 5377 2088 5820">
     <span class='ocr_line' id='line_1_28' title="bbox 284 5377 2084 5516; baseline 0 -22"><span class='ocrx_word' id='word_1_319' title='bbox 284 5377 380 5516; x_wconf 82' lang='lat' dir='ltr'><strong>†ln</strong></span> <span class='ocrx_word' id='word_1_320' title='bbox 404 5427 544 5493; x_wconf 88' lang='lat' dir='ltr'><strong>nomine</strong></span> <span class='ocrx_word' id='word_1_321' title='bbox 566 5423 698 5492; x_wconf 92' lang='lat' dir='ltr'><strong>domini</strong></span> <span class='ocrx_word' id='word_1_322' title='bbox 722 5425 871 5494; x_wconf 91' lang='lat' dir='ltr'><strong>secundo</strong></span> <span class='ocrx_word' id='word_1_323' title='bbox 893 5441 983 5492; x_wconf 89' lang='lat' dir='ltr'><strong>auno</strong></span> <span class='ocrx_word' id='word_1_324' title='bbox 1002 5425 1226 5511; x_wconf 70' lang='lat' dir='ltr'><strong>principatus</strong></span> <span class='ocrx_word' id='word_1_325' title='bbox 1254 5424 1371 5492; x_wconf 89' lang='lat' dir='ltr'><strong>domni</strong></span> <span class='ocrx_word' id='word_1_326' title='bbox 1402 5425 1511 5492; x_wconf 88' lang='lat' dir='ltr'><strong>nostri</strong></span> <span class='ocrx_word' id='word_1_327' title='bbox 1541 5425 1699 5492; x_wconf 87' lang='lat' dir='ltr'><strong>mansoni</strong></span> <span class='ocrx_word' id='word_1_328' title='bbox 1729 5427 1765 5493; x_wconf 91' lang='lat' dir='ltr'><strong>et</strong></span> <span class='ocrx_word' id='word_1_329' title='bbox 1789 5423 1911 5492; x_wconf 89' lang='lat' dir='ltr'><strong>domni</strong></span> <span class='ocrx_word' id='word_1_330' title='bbox 1942 5425 2084 5494; x_wconf 91' lang='lat' dir='ltr'><strong>iohanni</strong></span> 
     </span>
     <span class='ocr_line' id='line_1_29' title="bbox 222 5555 2088 5663; baseline 0.003 -19"><span class='ocrx_word' id='word_1_331' title='bbox 222 5578 297 5646; x_wconf 88' lang='lat' dir='ltr'><strong>eius</strong></span> <span class='ocrx_word' id='word_1_332' title='bbox 318 5577 391 5647; x_wconf 86' lang='lat' dir='ltr'><strong>fllia</strong></span> <span class='ocrx_word' id='word_1_333' title='bbox 415 5573 561 5662; x_wconf 82' lang='lat' dir='ltr'><strong>gloriosi</strong></span> <span class='ocrx_word' id='word_1_334' title='bbox 584 5577 812 5662; x_wconf 90' lang='lat' dir='ltr'><strong>principibus,</strong></span> <span class='ocrx_word' id='word_1_335' title='bbox 838 5594 956 5646; x_wconf 88' lang='lat' dir='ltr'><strong>mense</strong></span> <span class='ocrx_word' id='word_1_336' title='bbox 980 5580 1119 5663; x_wconf 89' lang='lat' dir='ltr'><strong>magius</strong></span> <span class='ocrx_word' id='word_1_337' title='bbox 1143 5577 1323 5647; x_wconf 87' lang='lat' dir='ltr'><strong>undecima</strong></span> <span class='ocrx_word' id='word_1_338' title='bbox 1346 5577 1542 5646; x_wconf 89' lang='lat' dir='ltr'><strong>indictione.</strong></span> <span class='ocrx_word' id='word_1_339' title='bbox 1566 5578 1847 5645; x_wconf 90' lang='lat' dir='ltr'><strong>Memoratorium</strong></span> <span class='ocrx_word' id='word_1_340' title='bbox 1871 5555 1963 5646; x_wconf 86' lang='lat' dir='ltr'><strong>factu</strong></span> <span class='ocrx_word' id='word_1_341' title='bbox 1987 5599 2009 5648; x_wconf 90' lang='lat' dir='ltr'><strong>a</strong></span> <span class='ocrx_word' id='word_1_342' title='bbox 2031 5598 2088 5649; x_wconf 88' lang='lat' dir='ltr'><strong>me</strong></span> 
     </span>
     <span class='ocr_line' id='line_1_30' title="bbox 221 5731 2088 5820; baseline 0 -20"><span class='ocrx_word' id='word_1_343' title='bbox 221 5733 361 5803; x_wconf 84' lang='lat' dir='ltr'><strong>adelferi</strong></span> <span class='ocrx_word' id='word_1_344' title='bbox 386 5734 445 5820; x_wconf 90' lang='lat' dir='ltr'><strong>qui</strong></span> <span class='ocrx_word' id='word_1_345' title='bbox 468 5732 636 5801; x_wconf 91' lang='lat' dir='ltr'><strong>musando</strong></span> <span class='ocrx_word' id='word_1_346' title='bbox 659 5750 763 5802; x_wconf 87' lang='lat' dir='ltr'><strong>vocor</strong></span> <span class='ocrx_word' id='word_1_347' title='bbox 786 5733 879 5802; x_wconf 86' lang='lat' dir='ltr'><strong>illius</strong></span> <span class='ocrx_word' id='word_1_348' title='bbox 900 5734 1004 5820; x_wconf 89' lang='lat' dir='ltr'><strong>petri,</strong></span> <span class='ocrx_word' id='word_1_349' title='bbox 1023 5750 1064 5801; x_wconf 89' lang='lat' dir='ltr'><strong>eo</strong></span> <span class='ocrx_word' id='word_1_350' title='bbox 1087 5733 1176 5818; x_wconf 91' lang='lat' dir='ltr'><strong>quod</strong></span> <span class='ocrx_word' id='word_1_351' title='bbox 1201 5733 1281 5799; x_wconf 92' lang='lat' dir='ltr'><strong>ante</strong></span> <span class='ocrx_word' id='word_1_352' title='bbox 1303 5731 1491 5818; x_wconf 88' lang='lat' dir='ltr'><strong>supscripti</strong></span> <span class='ocrx_word' id='word_1_353' title='bbox 1515 5734 1618 5800; x_wconf 86' lang='lat' dir='ltr'><strong>testes</strong></span> <span class='ocrx_word' id='word_1_354' title='bbox 1640 5749 1703 5817; x_wconf 84' lang='lat' dir='ltr'><strong>per</strong></span> <span class='ocrx_word' id='word_1_355' title='bbox 1726 5748 1815 5798; x_wconf 89' lang='lat' dir='ltr'><strong>vona</strong></span> <span class='ocrx_word' id='word_1_356' title='bbox 1836 5733 2088 5801; x_wconf 90' lang='lat' dir='ltr'><strong>combenientia</strong></span> 
     </span>
    </p>
   </div>
   <div class='ocr_carea' id='block_1_17' title="bbox 222 5883 2084 5973">
    <p class='ocr_par' dir='ltr' id='par_1_20' title="bbox 222 5883 2084 5973">
     <span class='ocr_line' id='line_1_31' title="bbox 222 5883 2084 5973; baseline -0.001 -21"><span class='ocrx_word' id='word_1_357' title='bbox 222 5887 367 5955; x_wconf 91' lang='lat' dir='ltr'><strong>tradidit</strong></span> <span class='ocrx_word' id='word_1_358' title='bbox 389 5887 433 5954; x_wconf 90' lang='lat' dir='ltr'><strong>ad</strong></span> <span class='ocrx_word' id='word_1_359' title='bbox 458 5887 644 5956; x_wconf 91' lang='lat' dir='ltr'><strong>tenendum</strong></span> <span class='ocrx_word' id='word_1_360' title='bbox 669 5887 855 5973; x_wconf 88' lang='lat' dir='ltr'><strong>grimoaldi</strong></span> <span class='ocrx_word' id='word_1_361' title='bbox 878 5887 951 5954; x_wconf 89' lang='lat' dir='ltr'><strong>dlio</strong></span> <span class='ocrx_word' id='word_1_362' title='bbox 975 5885 1166 5972; x_wconf 89' lang='lat' dir='ltr'><strong>radelghisi</strong></span> <span class='ocrx_word' id='word_1_363' title='bbox 1190 5886 1373 5970; x_wconf 89' lang='lat' dir='ltr'><strong>presbiteri</strong></span> <span class='ocrx_word' id='word_1_364' title='bbox 1396 5889 1432 5955; x_wconf 88' lang='lat' dir='ltr'><strong>et</strong></span> <span class='ocrx_word' id='word_1_365' title='bbox 1453 5885 1602 5953; x_wconf 90' lang='lat' dir='ltr'><strong>mirandi</strong></span> <span class='ocrx_word' id='word_1_366' title='bbox 1625 5885 1699 5954; x_wconf 87' lang='lat' dir='ltr'><strong>lilio</strong></span> <span class='ocrx_word' id='word_1_367' title='bbox 1722 5885 1888 5957; x_wconf 87' lang='lat' dir='ltr'><strong>teuderici</strong></span> <span class='ocrx_word' id='word_1_368' title='bbox 1918 5883 2084 5953; x_wconf 87' lang='lat' dir='ltr'><strong>molinum</strong></span> 
     </span>
    </p>
   </div>
   <div class='ocr_carea' id='block_1_18' title="bbox 0 0 2612 7092">
    <p class='ocr_par' dir='ltr' id='par_1_21' title="bbox 0 0 2612 7092">
     <span class='ocr_line' id='line_1_32' title="bbox 0 0 2612 7092; baseline 0 1"><span class='ocrx_word' id='word_1_369' title='bbox 0 0 2612 7092; x_wconf 95' lang='lat' dir='ltr'><strong> </strong></span> 
     </span>
    </p>
   </div>
  </div>
 </body>
</html>
