5216 7092
960 541 1331 642 DlPLOMATlCUS
1955 581 2013 641 451

99 859 103 868 Ι
211 777 250 844 lii
273 777 359 853 eius,
385 795 501 846 mense
525 780 662 863 magius
686 782 810 848 octaba
832 781 1031 850 indictione.
1047 759 1333 858 Memoratcrium
1356 792 1446 864 factu
1462 813 1552 866 ame
1568 802 1687 868 manni
1703 802 1775 869 illio
1790 806 1884 872 bocci
1901 805 1943 874 dc
1967 826 2067 877 mun-

210 932 299 1006 toru,
324 931 374 996 lio
391 927 480 1012 quod
504 931 586 998 anto
605 931 793 1016 subscripti
816 935 919 1002 testes
942 952 1004 1018 per
1028 937 1116 1004 bona
1131 940 1382 1010 cumbenientia
1396 945 1541 1015 tradidit
1558 949 1644 1017 mihi
1660 950 1807 1021 domnus
1823 956 1994 1024 martinus
2010 976 2067 1026 ve-

210 1079 374 1149 nerabilis
397 1080 565 1164 presbiter
586 1086 623 1149 et
643 1084 750 1152 abbas
771 1085 915 1154 ecclesie
938 1087 1051 1154 sancti
1074 1091 1247 1171 maximi,
1275 1112 1444 1162 unacum
1467 1118 1508 1168 eo
1531 1101 1758 1186 truppualdus
1785 1106 1975 1176 casteldeus
2004 1111 2064 1195 qui

209 1233 260 1300 est
283 1229 468 1298 advocator
484 1235 519 1299 et
534 1249 639 1298 unum
662 1232 706 1300 de
728 1232 893 1302 dominiis
916 1235 1025 1321 ipsius
1047 1239 1202 1319 ecclesie,
1219 1241 1311 1308 terra
1330 1262 1439 1312 vacua
1452 1246 1562 1332 ipsius
1576 1252 1720 1319 ecclesie
1731 1256 1767 1319 et
1781 1272 1859 1320 cum
1876 1256 2063 1340 aliquantis

211 1383 391 1470 arvoribus
416 1382 536 1450 vitatis
558 1385 592 1452 et
614 1384 789 1470 aliquante
811 1388 971 1455 abelleno
995 1394 1030 1456 el
1045 1391 1128 1457 nuci
1145 1390 1188 1458 de
1209 1393 1337 1461 eodemw
1350 1397 1427 1464 luco
1447 1394 1621 1480 muntoru',
1640 1403 1697 1468 ubi
1715 1403 1841 1470 dicitur
1855 1410 2000 1490 preturu
2023 1409 2064 1475 fi-

211 1537 311 1626 nibus
333 1539 472 1604 rotense
495 1555 556 1621 per
580 1539 644 1605 hec
666 1539 746 1608 linis
767 1541 801 1609 et
824 1541 1007 1608 mensuris.
1026 1545 1074 1610 De
1097 1562 1169 1611 una
1192 1548 1293 1630 parte
1315 1548 1384 1616 tine
1408 1550 1476 1630 bia,
1496 1556 1549 1620 est
1566 1553 1647 1622 inde
1670 1573 1787 1640 passos
1809 1557 1926 1626 decem
1948 1563 1982 1629 et
2003 1581 2066 1630 no-

212 1692 299 1756 bem.
318 1693 364 1758 De
378 1690 447 1756 alia
462 1692 563 1774 parte
579 1691 649 1758 line
664 1693 737 1760 ursi
755 1692 817 1760 lllii
833 1693 981 1771 romani,
998 1695 1087 1762 sicut
1108 1697 1220 1764 limite
1234 1697 1413 1780 discernit,
1432 1705 1512 1769 sunt
1528 1703 1607 1773 inde
1622 1723 1741 1791 passos
1757 1711 1953 1794 octuaginta
1968 1717 2056 1780 octo.

209 1845 255 1909 De
270 1844 341 1910 alia
357 1846 455 1928 parte
471 1844 540 1911 line
556 1844 709 1930 predicte
730 1847 885 1927 ecclesie,
912 1852 947 1916 et
969 1854 1049 1916 sunt
1071 1850 1199 1918 exinde
1222 1869 1340 1936 passus
1361 1853 1510 1940 triginta
1532 1857 1611 1925 duc.
1630 1861 1677 1926 De
1693 1860 1763 1928 alia
1778 1865 1879 1946 parte
1901 1863 1970 1932 fine
1985 1884 2063 1934 mea

208 2014 274 2082 que
290 2015 399 2081 supra
414 1997 534 2064 manni
550 2001 585 2066 et
601 1999 644 2066 de
659 2001 834 2067 consortes
850 2019 956 2078 meos,
975 2003 1065 2069 siout
1078 2003 1189 2071 limite
1203 1960 1385 2085 discernit,
1401 2010 1481 2074 sunt
1496 2009 1623 2077 exinde
1638 2013 1731 2096 passi
1748 2015 1938 2098 nonaginta
1953 2035 2057 2084 unum

211 2149 253 2218 ad
271 2149 358 2217 iusto
375 2168 513 2234 passum
530 2152 650 2218 omini.
669 2169 732 2236 per
747 2153 820 2237 ipse
835 2153 916 2219 linis
927 2156 962 2220 et
973 2155 1147 2222 mensurio
1163 2157 1320 2223 inclitum
1335 2155 1413 2225 illut
1428 2159 1527 2227 nobis
1543 2160 1689 2228 tradidit
1701 2163 1765 2229 tali
1782 2165 1907 2244 tinore,
1922 2170 1961 2232 ut
1976 2183 2068 2233 amo-

210 2303 254 2370 do
270 2306 306 2370 et
322 2321 429 2387 usque
448 2302 565 2370 decem
583 2305 668 2372 anni
690 2305 850 2390 completi
864 2307 973 2372 tutum
990 2323 1067 2372 cum
1085 2307 1201 2374 omnia
1217 2308 1310 2374 intro
1332 2328 1369 2378 se
1391 2273 1572 2396 abenlibus
1594 2314 1666 2380 sint
1687 2313 1729 2381 ad
1754 2317 1921 2399 potestate
1948 2319 2071 2385 nostra

210 2464 244 2528 et
270 2457 315 2524 de
341 2456 470 2566 nostris
495 2454 681 2523 heredibus
697 2474 815 2523 omnes
830 2458 946 2522 nostra
961 2457 1144 2524 utilitatem
1161 2457 1286 2526 ibidem
1305 2459 1512 2538 faciendum,
1531 2464 1566 2528 et
1581 2463 1648 2547 ipsi
1665 2465 1848 2530 arvuribus
1870 2465 1985 2536 vitatis
2007 2468 2066 2552 qui

211 2609 340 2676 ibidem
364 2609 457 2702 sunt,
476 2608 673 2676 laboremus
687 2609 722 2674 et
737 2609 904 2675 cultemus
918 2609 1009 2674 sicut
1022 2609 1202 2696 meruerit3
1227 2615 1261 2676 et
1283 2613 1452 2695 quantum
1469 2612 1589 2678 vinum
1613 2611 1693 2681 inde
1710 2614 1837 2681 exierit
1859 2616 1894 2681 et
1914 2617 2069 2685 abellane

207 2761 241 2826 et
262 2759 345 2826 nuci
369 2757 450 2825 inde
473 2759 727 2834 collexerimus;
754 2758 970 2825 medietatem
996 2757 1117 2827 demus
1139 2761 1218 2829 illut
1240 2759 1284 2826 ad
1301 2779 1383 2844 pars
1399 2761 1509 2845 ipsius
1525 2763 1668 2830 ecclesie
1682 2765 1717 2830 et
1732 2763 1942 2834 medietatem
1960 2769 2060 2836 nobis

98 3006 100 3010 Υ
207 2915 386 2989 abeamus,
405 2911 498 2978 etde
514 2910 603 2996 quod
625 2910 754 2978 ibidem
777 2912 1076 2988 seminaberimus,
1103 2910 1223 2978 demus
1248 2910 1326 2978 inde
1349 2913 1551 2979 terraticum
1574 2913 1761 2982 secundum
1784 2916 2066 2987 consuetudinem

206 3065 249 3135 de
277 3069 355 3152 ipso
371 3031 457 3132 loco.
476 3065 519 3132 ad
535 3066 697 3150 completi
713 3064 779 3151 ipsi
797 3065 915 3133 decem
930 3064 1012 3131 anni
1029 3082 1092 3132 nos
1108 3031 1292 3132 autem'vel
1315 3066 1443 3133 nostris
1465 3067 1625 3134 credibus
1647 3068 1811 3135 abeamus
1834 3069 1872 3135 in
1894 3061 2068 3156 tota'ipsa

208 3220 305 3285 terra
328 3233 390 3301 per
408 3213 608 3299 supradicta
623 3215 801 3283 mensoria
816 3217 1030 3300 pastenatum
1045 3216 1220 3282 olfactum
1236 3209 1421 3295 arbustum,
1440 3217 1530 3284 sicut
1544 3220 1639 3286 locus
1662 3219 1738 3302 ipse
1761 3221 1927 3287 meruerit
1948 3223 1987 3288 ut
2010 3223 2067 3290 be·

209 3388 254 3438 ne
280 3371 406 3454 pareat
433 3369 574 3435 lactum.
601 3367 636 3434 et
658 3366 704 3433 da
727 3366 793 3451 ipsi
816 3365 933 3433 decem
957 3367 1040 3432 anni
1064 3368 1102 3432 in
1124 3368 1227 3433 antea
1248 3367 1342 3434 omni
1365 3371 1534 3453 tempore,
1559 3367 1640 3436 dum
1662 3388 1728 3453 ego
1751 3372 1787 3438 et
1805 3369 1890 3438 meis
1907 3371 2068 3440 credibus

205 3523 422 3591 voluerimus
437 3521 517 3588 illut
537 3523 668 3598 tenere,
693 3521 811 3587 nostre
834 3519 905 3587 sint
927 3518 1088 3602 potestati
1111 3536 1170 3586 eos
1193 3505 1380 3586 tenendum
1403 3521 1437 3587 et
1460 3521 1557 3589 iubae
1578 3524 1613 3590 et
1628 3538 1747 3590 omues
1770 3526 1887 3592 nostre
1908 3523 2068 3592 utilitatis

204 3673 338 3743 ibidem
363 3672 569 3750 laciendum,
589 3675 625 3739 et
639 3674 748 3738 totum
764 3673 839 3756 ipso
856 3672 996 3738 arbusto
1012 3671 1068 3756 qui
1087 3670 1136 3738 ibi
1152 3670 1254 3738 modo
1269 3673 1333 3750 est,
1351 3673 1387 3740 et
1409 3671 1499 3756 quod
1514 3672 1708 3752 fecerimus
1726 3673 1816 3742 sicut
1830 3675 2064 3759 supradictum

203 3832 270 3906 est,
298 3827 501 3902 annualiter
517 3827 714 3894 laboremus
735 3827 769 3893 et
791 3825 958 3892 cultemus
981 3825 1023 3890 de
1037 3842 1142 3909 super
1165 3829 1199 3891 et
1221 3823 1409 3903 desubter,
1434 3824 1525 3892 sicut
1539 3827 1635 3893 locus
1650 3825 1724 3910 ipse
1739 3827 1906 3894 meruerit
1921 3829 1960 3892 ut
1982 3829 2069 3894 bene

142 4023 152 4032 -
204 3981 335 4066 pareat
350 3978 556 4054 laboratum,
575 3976 611 4043 et
625 3977 756 4045 salbum
781 3975 959 4055 faciamus
976 3980 1011 4045 et
1027 3975 1239 4059 temporibus
1262 3975 1334 4042 suis
1356 3975 1435 4042 illut
1450 3974 1712 4055 vindemiemus,
1732 3975 1821 4043 sicut
1837 3975 2015 4054 meruerit,
2035 3978 2069 4042 et

203 4134 369 4200 abellane
385 4132 420 4197 et
435 4128 516 4196 nuci
528 4131 563 4195 et
574 4143 678 4212 poma
693 4143 759 4210 que
775 4125 901 4192 ibidem
918 4125 1033 4204 fuerit,
1054 4125 1257 4210 colligamus
1273 4128 1309 4192 et
1322 4143 1508 4204 seccemos,
1526 4127 1561 4192 et
1572 4126 1741 4192 iaciamus
1756 4126 1846 4193 scire
1857 4143 1941 4210 pars
1958 4123 2068 4210 ipsius

202 4285 366 4361 ecclesie,
382 4285 420 4348 ut
431 4280 566 4364 dirigat
581 4279 708 4347 ibidem
725 4278 868 4345 missum
883 4297 996 4364 suum3
1010 4279 1046 4344 et
1060 4280 1227 4362 quantum
1244 4277 1364 4344 vinum
1380 4276 1461 4344 inde
1476 4277 1603 4345 exierit
1618 4280 1653 4344 et
1669 4295 1769 4362 poma
1783 4280 1817 4346 et
1828 4277 1909 4344 nuci
1924 4279 1960 4344 et
1975 4278 2068 4346 abel-

203 4439 286 4505 lane
303 4435 563 4513 collexerimus,
582 4433 776 4502 dividamus
792 4433 869 4501 illut
883 4433 998 4517 ibique
1013 4433 1049 4498 iu
1066 4431 1205 4501 tertiam
1221 4432 1357 4516 partem
1377 4449 1384 4494 :
1402 4447 1484 4515 pars
1499 4430 1609 4516 ipsius
1625 4431 1769 4498 ecclesie
1785 4430 1884 4496 tollat
1899 4429 1980 4496 inde
1996 4447 2069 4496 una

202 4593 303 4658 sorte
317 4590 353 4656 et
363 4607 427 4656 nos
443 4588 521 4668 due,
536 4588 626 4656 etde
639 4589 779 4656 tertiam
795 4589 931 4673 partem
946 4587 1034 4674 qood
1051 4589 1088 4653 in
1102 4587 1177 4672 ipsa
1194 4589 1298 4655 rebus
1314 4586 1419 4654 suerit
1433 4586 1648 4665 seminatum,
1666 4585 1786 4654 demus
1800 4587 2005 4654 terraticum
2024 4585 2068 4653 ad

201 4760 290 4828 pars
307 4741 418 4827 ipsius
430 4741 575 4809 ecclesie
590 4740 778 4809 secundum
796 4740 1018 4820 consuetudo,
1033 4744 1068 4807 et
1079 4740 1268 4824 adsignare
1282 4741 1381 4807 nobis
1397 4757 1601 4824 organeum,
1619 4740 1678 4806 ubi
1696 4757 1903 4824 reponamus
1919 4741 1997 4825 ipsa
2012 4759 2069 4808 eo·

200 4915 284 4963 rum
304 4895 462 4963 sortione
476 4893 519 4964 de
534 4894 611 4979 ipso
625 4895 743 4961 vinum
759 4897 794 4961 et
809 4897 966 4963 abellane
980 4896 1015 4962 et
1030 4895 1124 4972 nuci,
1143 4897 1178 4961 et
1192 4910 1256 4960 nos
1273 4893 1350 4979 ipsu
1366 4911 1557 4978 organeum
1574 4892 1767 4962 conciemus
1782 4894 1872 4960 sicut
1886 4894 2065 4972 meruerit,

199 5051 239 5117 et
255 5050 344 5133 ipsa
358 5066 476 5116 eorum
493 5047 645 5116 sortione
661 5047 788 5115 ibidem
805 5065 1011 5133 reponamus
1034 5047 1071 5113 in
1087 5064 1170 5114 casa
1184 5049 1305 5114 nostra
1321 5047 1357 5114 in
1374 5047 1454 5131 ipsa
1476 5063 1632 5131 organea
1654 5048 1690 5114 et
1712 5047 1844 5113 salvum
1869 5045 1948 5112 illut
1963 5045 2071 5112 sacia·

198 5221 297 5280 mue,
320 5200 402 5267 dum
419 5201 500 5268 illut
515 5201 596 5268 inde
613 5201 713 5268 tollat
728 5202 857 5284 absque
871 5199 914 5267 de
929 5200 1156 5284 generatione
1172 5202 1207 5267 et
1224 5197 1318 5284 igne.
1337 5203 1373 5266 et
1388 5199 1531 5268 missum
1548 5199 1658 5284 ipsius
1684 5197 1828 5265 ecclesie
1855 5197 1914 5281 qui
1940 5195 2068 5265 ibidem

199 5352 349 5422 venerit
364 5369 428 5436 pru
441 5351 676 5437 recipiendum
691 5351 766 5437 ipsa
780 5371 842 5418 sua
855 5351 1018 5428 sortione,
1033 5349 1114 5417 dum
1132 5349 1213 5417 inde
1228 5350 1353 5420 ibidem
1369 5351 1484 5430 suerit,
1497 5367 1561 5418 nos
1576 5349 1609 5416 ei
1620 5347 1740 5416 demus
1752 5345 1958 5414 manducare
1969 5349 2004 5414 et
2019 5346 2070 5414 bi·

197 5523 300 5582 vere,
320 5505 356 5570 et
373 5501 595 5570 refectionem
611 5501 644 5569 ei
660 5501 839 5579 faciamus,
857 5500 1044 5570 secundum
1060 5473 1214 5569 nostram
1231 5500 1494 5585 possibilitatem
1509 5503 1545 5568 et
1560 5499 1592 5568 ei
1607 5499 1713 5565 luerit
1727 5516 1898 5566 mensura.
1914 5502 1987 5596 eta
2001 5515 2070 5584 quo

195 5656 246 5724 da
265 5655 342 5741 ipsi
360 5654 480 5721 decem
498 5655 582 5721 anni
598 5655 635 5721 in
652 5657 757 5724 antea
772 5672 843 5722 non
859 5655 1070 5722 voluerimus
1086 5653 1123 5721 in
1139 5631 1339 5738 supradicto
1355 5651 1503 5720 hordine
1517 5651 1621 5719 rebus
1642 5650 1719 5736 ipsa
1741 5652 1885 5730 tenere,
1910 5651 1993 5718 tunc
2016 5651 2069 5718 in·

198 5805 293 5872 clita
312 5804 422 5870 rebus
438 5803 526 5886 ipsa,
544 5803 657 5888 qualis
672 5803 743 5870 illis
757 5801 877 5869 diebus
901 5802 1005 5870 fuerit
1028 5801 1195 5877 laborata,
1221 5800 1374 5868 revertas
1396 5799 1435 5866 ln
1458 5801 1535 5884 ipsa
1556 5801 1714 5878 ecclesia,
1740 5805 1774 5868 et
1797 5817 1858 5869 nos
1880 5800 1975 5867 nulla
1999 5815 2073 5866 sor·
