5378 7098
605 645 646 706 ll
1312 617 1474 691 donax
1518 618 1750 691 cnvnnsls

556 872 688 959 gualdi,
703 873 738 938 et
749 870 918 936 iohannes
934 865 1026 932 filius
1042 863 1158 946 angeli
1176 861 1400 938 monachici
1416 861 1598 928 tossemari
1611 863 1646 929 et
1658 863 1880 947 troppoaldus
1897 819 1931 934 et
1946 870 2034 936 mari
2047 876 2209 957 germani
2224 877 2288 944 filii
2304 877 2412 961 ipsius

556 1024 709 1102 iohanni,
728 1024 762 1090 et
777 1021 946 1088 iohannes
962 1017 1132 1103 presbiter
1147 1017 1240 1084 filius
1255 1015 1365 1100 ipsius
1380 1015 1562 1085 soscemari
1577 1017 1701 1100 nepote
1719 1005 1829 1101 ipsius
1844 1018 1999 1103 iohanni,
2017 1029 2053 1092 et
2067 1025 2284 1098 domnandus
2300 1031 2411 1115 magi-

555 1175 625 1240 ster
641 1171 821 1246 serrarius,
836 1170 870 1235 et
882 1167 1031 1252 angelus
1045 1164 1137 1232 filius
1153 1163 1256 1250 petri,
1271 1165 1306 1230 66
1321 1163 1478 1230 amancio
1494 1163 1585 1232 iilius
1602 1161 1708 1249 (deest
1720 1168 1866 1254 nonen),
1885 1171 1919 1236 et
1930 1171 2066 1240 marino
2082 1175 2175 1244 iilius
2190 1177 2274 1246 sofie
2288 1183 2322 1247 66
2333 1195 2411 1247 con-

556 1328 710 1414 loquium
727 1326 901 1393 abuerunt
917 1338 1064 1396 mecum,
1082 1319 1121 1384 ut
1136 1317 1179 1385 de
1194 1316 1281 1402 ipsis
1297 1318 1399 1386 rebus
1414 1317 1499 1385 meis
1522 1289 1664 1385 illorum
1688 1319 1888 1400 concedere,
1907 1325 1945 1390 ut
1967 1324 2095 1394 ibidem
2119 1331 2264 1398 ecclesia
2286 1331 2411 1400 secere-

556 1501 645 1558 mus‚
663 1482 701 1544 nt
718 1493 784 1562 ego
800 1474 948 1544 andreas
964 1489 1032 1540 una
1047 1490 1124 1538 cum
1139 1471 1226 1558 ipsis
1240 1471 1443 1554 parentibus
1458 1473 1493 1538 et
1508 1472 1723 1539 consortibus
1738 1474 1866 1542 nostris
1882 1494 2019 1562 semper
2031 1478 2073 1545 ad
2085 1497 2301 1550 communem
2314 1489 2412 1552 abea-

555 1652 632 1701 mus
646 1631 720 1700 nati
736 1630 935 1715 nascentes3
953 1629 1006 1695 set
1019 1625 1098 1692 dum
1115 1627 1180 1692 hoc
1197 1623 1380 1702 audissem,
1399 1624 1527 1708 optime
1550 1624 1655 1692 michi
1679 1625 1874 1695 faciendum
1898 1646 1973 1697 esse
1995 1633 2203 1717 comparuit.
2221 1637 2411 1720 Propterea

554 1804 621 1872 ego
637 1783 856 1870 supradictus
871 1781 1031 1860 andreas,
1049 1780 1138 1848 sicut
1154 1778 1260 1845 michi
1276 1795 1468 1862 congruum
1484 1781 1547 1856 est,
1566 1781 1655 1848 bona
1670 1783 1796 1850 etenim
1814 1801 1888 1850 mea
1911 1785 2122 1854 voluntatem
2145 1789 2181 1854 et
2202 1806 2265 1872 per
2288 1789 2410 1858 eadem

554 1941 688 2007 cartula
702 1937 792 2004 dono
807 1937 911 2021 atque
926 1931 1076 2001 concedo
1092 1931 1187 2000 vobis
1203 1932 1479 2016 supranominati
1498 1932 1625 2030 gualdo
1642 1935 1676 2000 et
1692 1933 1752 2001 alii
1768 1936 1984 2004 consortibus
2000 1939 2128 2007 nostris
2153 1958 2222 2007 una
2239 1942 2343 2027 pecia
2366 1941 2411 2012 de

552 2093 656 2159 rebus
671 2107 748 2158 mea
762 2087 804 2156 de
818 2085 937 2155 eodem
952 2087 1028 2152 loco
1044 2082 1172 2169 gualdo
1186 2083 1380 2168 propinquo
1397 2083 1560 2161 abellino‚
1575 2083 1664 2150 sicut
1679 2083 1815 2154 videtur
1827 2103 1902 2154 esse
1913 2088 2007 2156 inira
2020 2091 2083 2156 heo
2095 2090 2194 2158 finis:
2210 2090 2252 2159 de
2263 2093 2410 2162 subtana

477 2282 479 2288 ·
553 2244 653 2328 parte
670 2242 739 2309 dne
754 2241 812 2306 via
827 2237 987 2324 puplica:
1005 2235 1049 2302 de
1064 2235 1135 2302 alia
1150 2237 1248 2319 parte
1265 2234 1334 2302 fine
1351 2251 1426 2301 mea
1442 2253 1508 2319 que
1531 2235 1677 2304 andree:
1695 2236 1737 2306 de
1750 2238 1832 2318 ¹alia
1854 2240 1956 2322 parte
1979 2239 2049 2306 fine
2071 2242 2213 2326 proprio
2236 2243 2347 2312 limite
2367 2243 2410 2312 de

553 2397 620 2463 ista
636 2394 738 2462 rebus
754 2409 849 2459 mea:
869 2389 911 2458 de
925 2389 997 2456 alia
1013 2389 1112 2473 parte
1127 2387 1195 2456 fine
1219 2384 1380 2454 similiter
1403 2403 1544 2472 meaque
1566 2387 1707 2467 andree,
1727 2391 1806 2456 sunt
1828 2407 1950 2474 passos
1972 2391 2227 2478 quinquaginta
2249 2394 2284 2461 et
2307 2393 2410 2479 pedes

553 2548 717 2634 quinque.
736 2545 830 2613 lnira
847 2561 967 2611 omnes
983 2540 1180 2626 supradicte
1194 2539 1273 2608 finis
1289 2542 1324 2607 et
1346 2541 1517 2608 mensurie
1540 2543 1614 2609 tota
1636 2545 1671 2610 et
1693 2542 1868 2626 integram
1895 2542 1972 2628 ipsa
1998 2544 2098 2630 pecia
2123 2546 2167 2614 de
2192 2551 2288 2618 terra
2314 2553 2409 2618 vobis

443 2717 451 2728 ·
553 2695 845 2784 supranominati
862 2693 1065 2780 parentibus
1080 2695 1116 2759 et
1132 2689 1347 2758 consortibus
1362 2691 1514 2770 donavit,
1533 2691 1570 2758 in
1585 2692 1648 2760 tali
1665 2711 1747 2760 vero
1762 2692 1931 2772 ordinem,
1952 2697 1989 2763 ut
2011 2713 2079 2780 ego
2102 2697 2324 2782 supradictus
2348 2719 2410 2768 an-

553 2851 658 2919 dreas
674 2851 725 2918 vel
743 2865 837 2916 meos
853 2845 974 2915 eredes
990 2847 1150 2913 abeamus
1166 2841 1293 2908 ibidem
1309 2843 1414 2910 talem
1431 2846 1570 2921 sortem,
1589 2845 1725 2928 qualem
1743 2863 1832 2911 unus
1855 2863 1918 2929 per
1941 2845 2098 2931 singulos
2120 2847 2163 2915 de
2185 2851 2292 2927 vobis,
2313 2859 2350 2918 ut
2373 2853 2410 2918 in

554 3008 629 3091 ipsa
643 3006 737 3072 terra
753 3001 879 3070 ibidem
891 2999 1041 3067 ecclesie
1059 2998 1172 3065 iacere
1188 2995 1372 3064 debeamus
1389 2995 1432 3062 ad
1449 3013 1664 3064 communem
1681 3000 1716 3065 et
1739 3015 1876 3081 semper
1898 2998 2009 3082 ipsam
2034 3000 2214 3068 ecclesiam
2238 3000 2407 3071 abendum

550 3155 779 3224 comunaliter
794 3170 861 3237 ego
877 3153 912 3219 et
927 3149 1048 3218 eredes
1066 3166 1161 3216 meos
1177 3149 1251 3216 nati
1265 3149 1497 3226 nascentibus,
1511 3152 1546 3215 et
1562 3165 1622 3217 vos
1638 3147 1798 3216 similiter
1814 3151 1848 3216 et
1871 3150 1991 3218 eredes
2014 3156 2146 3222 vestros
2169 3155 2243 3221 nati
2267 3173 2411 3226 nascen-

551 3308 652 3376 tibus.
669 3308 712 3375 Et
728 3305 832 3376 aliter
846 3307 1038 3372 statuamus
1053 3301 1091 3368 in
1106 3317 1171 3367 anc
1185 3302 1304 3366 nostra
1319 3298 1573 3378 conuenientia,
1593 3301 1629 3364 ut
1643 3316 1706 3366 nos
1722 3317 1786 3366 nec
1801 3303 1939 3368 nostros
1955 3302 2102 3371 heredes
2119 3305 2193 3371 nati
2211 3307 2405 3384 nascentes,

552 3461 587 3527 et
602 3477 662 3526 vos
676 3461 711 3526 et
724 3459 856 3524 vestros
871 3455 1017 3523 heredes
1032 3454 1107 3521 nati
1123 3453 1301 3520 nascentes
1316 3453 1355 3518 ut
1371 3451 1546 3518 licentiam
1562 3453 1597 3518 et
1612 3455 1815 3536 potestatem
1832 3471 1902 3521 non
1918 3458 2077 3522 abeamus
2101 3455 2176 3541 ipsa
2200 3459 2346 3526 ecclesia
2369 3461 2406 3526 et

549 3611 653 3677 rebus
670 3625 751 3675 suas
766 3607 800 3674 et
815 3607 959 3672 ornatus
975 3620 1055 3671 suos
1069 3603 1104 3672 et
1119 3599 1280 3686 quicquid
1304 3601 1407 3668 habet
1429 3601 1531 3684 atque
1554 3599 1692 3669 abitura
1715 3604 1776 3680 cst,
1810 3605 1847 3668 ut
1870 3605 2004 3672 stabilis
2028 3603 2148 3674 debeat
2173 3611 2405 3690 permaneret,

551 3765 585 3828 et
602 3762 641 3827 ut
657 3758 829 3836 venderet,
849 3759 909 3824 aut
925 3756 1084 3833 donaret,
1103 3755 1162 3820 aut
1177 3752 1347 3822 alienaret
1362 3772 1426 3838 per
1443 3753 1597 3838 qualibet
1611 3754 1749 3822 modum
1767 3759 1825 3821 aut
1839 3754 2016 3839 ingenium
2033 3759 2093 3822 aut
2109 3757 2286 3826 inventam
2301 3760 2409 3828 ratio-

550 3931 631 3981 nem
647 3912 689 3978 ad
706 3910 877 3996 aliquibus
893 3907 1065 3975 ominibus
1081 3923 1151 3972 non
1167 3907 1332 3972 abeamus
1348 3907 1562 3988 potestatem.
1583 3907 1626 3974 nt
1640 3905 1670 3973 si
1686 3907 1881 3973 surrexerit
1899 3925 1943 3974 ex
1961 3908 2060 3976 nobis
2075 3907 2192 3977 doctos
2209 3911 2243 3977 et
2259 3911 2409 3980 scientes

550 4063 710 4132 homines
726 4061 828 4130 deum
844 4059 1054 4138 timentibus,
1074 4059 1133 4144 qui
1149 4058 1226 4142 ipsa
1242 4056 1419 4124 ecelesiam
1436 4055 1675 4123 ordinaverint
1691 4075 1754 4141 pro
1770 4075 1807 4125 se
1824 4057 1909 4143 ipsis
1924 4060 1960 4125 et
1974 4058 2093 4128 eredes
2108 4077 2187 4128 suos
2203 4066 2237 4128 et
2253 4078 2316 4147 pro
2331 4061 2408 4130 vice

548 4216 687 4282 nostras
703 4216 737 4281 et
752 4211 873 4280 credes
889 4213 1036 4288 nostros,
1050 4209 1182 4276 stabilis
1205 4207 1325 4275 debeat
1348 4211 1579 4292 permaneret,
1593 4211 1628 4275 66
1652 4210 1714 4274 hee
1738 4210 1975 4277 convenientia
1999 4215 2201 4296 permaneat
2224 4213 2260 4280 in
2284 4231 2409 4297 perpe-

554 4367 649 4432 tuum
664 4361 739 4429 nati
755 4360 989 4428 nascentibus.
1006 4361 1049 4428 Et
1065 4359 1237 4445 presbiter
1251 4359 1310 4442 qui
1327 4357 1565 4425 ordinaverint
1580 4358 1623 4425 ad
1640 4359 1831 4443 regendum
1844 4361 1967 4445 =ipsam
1990 4361 2171 4429 ecclesiam
2195 4362 2228 4428 et
2251 4360 2407 4429 ordinem

549 4515 793 4592 ecclesiastico,
812 4514 888 4597 ipso
903 4512 1073 4596 presbiter
1089 4510 1210 4579 debeat
1226 4508 1353 4578 ibidem
1369 4510 1469 4577 nobis
1485 4511 1600 4578 facere
1615 4515 1650 4578 66
1666 4515 1819 4580 mortuos
1834 4513 1872 4579 in
1889 4513 1965 4597 ipsa
1979 4515 2084 4600 terra,
2098 4513 2246 4598 sepelire
2267 4530 2407 4597 semper

550 4667 686 4743 debeat,
706 4663 840 4750 quando
855 4665 954 4731 nobis
966 4681 1143 4733 necessum
1161 4663 1264 4732 suerit
1279 4663 1354 4730 sine
1369 4661 1534 4746 darnpnu,
1552 4665 1586 4732 et
1602 4663 1677 4748 ipsa
1693 4665 1786 4730 terra
1801 4664 1893 4731 infra
1907 4664 2104 4750 supradicte
2120 4665 2199 4733 finis
2214 4669 2249 4734 et
2271 4683 2407 4733 mensu-

534 4816 601 4882 ‘rie
617 4833 752 4900 semper
766 4813 890 4882 debeat
905 4831 1017 4884 essere
1032 4814 1069 4880 in
1087 4815 1253 4898 potestate
1268 4813 1311 4880 de
1326 4813 1402 4899 ipso
1419 4814 1586 4898 presbiter
1602 4816 1655 4882 vel
1674 4816 1874 4893 monachus,
1895 4815 1985 4898 quod
2002 4817 2039 4882 in
2056 4817 2134 4900 ipsa
2149 4817 2296 4885 ecclesia
2312 4813 2408 4884 o'rdi—

550 4967 750 5036 naverimus
765 4983 830 5052 pro
847 4967 922 5052 ipsa
937 4964 1081 5035 ecclesia
1096 4963 1289 5050 regendum
1312 4965 1357 5032 ad
1381 4966 1567 5033 tenendum
1590 4967 1666 5051 ipsa
1688 4969 1784 5034 terra
1806 4986 1866 5036 seu
1889 4967 2001 5044 vinea,
2023 4971 2084 5034 aut
2108 4967 2290 5036 uiridiario
2312 4967 2403 5053 quod

549 5122 677 5190 ibidem
694 5119 827 5198 lecerit,
842 5117 1135 5186 etdominandum
1149 5119 1184 5186 et
1195 5116 1421 5184 laborandum
1435 5120 1469 5186 et
1484 5117 1705 5187 usuifruendo
1720 5117 1762 5184 de
1779 5118 1939 5202 frugibus
1954 5117 2050 5203 ipsis,
2065 5118 2259 5186 faciendum
2275 5117 2405 5187 exinde

549 5273 665 5339 omnia
680 5269 768 5355 quod
785 5269 931 5337 voluerit
947 5267 1020 5353 ipse
1036 5265 1205 5352 presbiter
1220 5284 1280 5335 seu
1295 5269 1494 5346 monachus
1510 5268 1569 5353 qui
1592 5269 1669 5354 ipsa
1692 5269 1839 5336 ecclesia
1854 5270 2004 5336 tenuerit
2027 5269 2116 5354 quod
2134 5237 2260 5338 ibidem
2285 5271 2406 5339 ieceri-

549 5439 637 5489 mus.
664 5424 707 5490 Et
730 5438 794 5506 pro
821 5421 912 5487 hanc
938 5437 1017 5486 mea
1042 5417 1263 5485 donationem
1290 5417 1565 5486 confirmandum
1591 5421 1694 5503 atque
1720 5417 2062 5498 costabiliscendum‚
2089 5421 2251 5487 continno
2275 5420 2407 5503 recepit

550 5575 594 5641 da
611 5591 672 5642 vos
687 5574 775 5642 iusta
798 5575 912 5658 legem
936 5571 1104 5657 launegilt
1127 5571 1294 5640 camisum
1318 5591 1437 5651 unum,
1456 5591 1522 5657 que
1538 5571 1630 5639 inter
1645 5572 1744 5640 nobis
1767 5572 1954 5639 comvenit:
1974 5571 2074 5638 finita
2089 5574 2141 5639 est
2156 5572 2269 5656 ipsam
2293 5588 2405 5638 meam

548 5727 702 5806 donatio,
722 5725 765 5793 de
781 5743 847 5811 qua
862 5725 1067 5810 repromitto
1083 5741 1124 5792 eo
1139 5723 1360 5810 supradictus
1374 5724 1532 5804 andreas,
1546 5727 1581 5792 et
1597 5726 1713 5810 obligo
1729 5742 1784 5792 me
1800 5727 1834 5792 et
1849 5723 1913 5791 filii
1930 5725 1997 5790 mei
2013 5725 2047 5792 et
2063 5723 2182 5791 eredes
2199 5741 2291 5791 meos
2307 5723 2406 5792 vobis
2423 5803 2428 5810 g

548 5878 821 5964 supranominati
838 5877 957 5962 gualdi
982 5881 1016 5944 66
1040 5875 1211 5954 marandi,
1231 5876 1306 5954 risi,
1324 5875 1472 5954 sindolt,
1492 5878 1612 5962 gaugi,
1632 5876 1788 5954 iohanni,
1808 5875 2000 5952 ioscemari,
2018 5874 2228 5960 truppoaldi,
2247 5878 2281 5942 et
2299 5875 2401 5954 mari,
