5216 7092
954 600 1324 674 olplolllllulls
1956 617 2017 678 293

199 844 298 913 inira
314 844 392 930 ipsa
407 844 596 912 constituta
612 842 827 912 noluerimus
844 842 922 910 illut
937 861 1065 922 emere,
1083 845 1202 929 postea
1216 845 1327 913 licead
1351 862 1412 914 vos
1434 846 1515 913 illut
1536 844 1619 913 dare
1641 847 1696 914 cui
1720 848 1910 928 volueritis
1929 852 2064 918 tantum

202 996 249 1066 de
264 997 339 1082 ipsa
355 1000 457 1065 rebus
472 999 590 1082 scepto
604 997 648 1066 de
662 997 827 1065 liciniano
843 997 934 1076 illut,
953 997 1042 1082 quod
1059 997 1135 1082 ipse
1151 997 1291 1082 genitor
1305 1016 1402 1067 meus
1418 999 1555 1067 offeruit
1570 999 1608 1067 in
1623 1001 1769 1070 ecclesia
1784 1003 1897 1070 sancti
1921 1004 2064 1072 eustasii

201 1152 325 1218 nostra
340 1151 580 1234 pertinentem,
599 1148 747 1218 latitudo
763 1129 1003 1236 quadraginta
1028 1150 1134 1234 passi,
1153 1151 1189 1218 et
1214 1149 1394 1237 longitudo
1420 1150 1467 1218 da
1493 1151 1558 1230 via,
1577 1169 1642 1237 que
1667 1155 1721 1220 est
1747 1153 1785 1220 in
1811 1172 1894 1238 pars
1921 1155 2064 1224 orientis

202 1319 314 1386 usque
330 1301 400 1368 alia
415 1300 473 1368 via
487 1320 554 1387 que
569 1305 621 1370 est
643 1302 680 1368 in
703 1319 786 1388 pars
810 1302 1017 1390 occidentis3
1036 1322 1115 1370 nam
1138 1305 1247 1371 totum
1270 1304 1347 1390 ipso
1370 1304 1458 1371 aliut
1480 1303 1531 1372 sic
1552 1303 1775 1389 permanead,
1793 1305 1883 1374 sicut
1905 1307 2065 1392 superius

204 1455 382 1524 dissimus.
401 1459 436 1524 et
449 1455 512 1523 tali
528 1455 650 1524 ordine
664 1459 698 1523 te
715 1455 902 1524 radoaldus
919 1457 1076 1524 notarius
1092 1456 1245 1526 scribere
1261 1457 1476 1542 rogavimus.
1497 1459 1612 1526 actum
1631 1460 1781 1527 salerno.

269 1577 380 1694 †eg0
397 1607 563 1675 iohannes
579 1625 635 1676 me
649 1607 834 1693 subscripsi

268 1731 379 1846 †ego
395 1759 637 1827 Constantinus
652 1760 810 1829 notarius
825 1778 881 1828 me
896 1761 1082 1847 subscripsi

244 1941 246 1948 ·
266 1880 296 1992 †
310 1927 377 1995 ego
392 1910 600 1978 romoaldus.

951 2415 1305 2496 CCCLXXV.

993 2665 1048 2740 A.
1084 2665 1134 2740 D.
1173 2663 1276 2741 985.

155 3026 159 3031 .
271 2914 665 3048 †1nn0mlnedomini
683 2967 833 3037 secundo
850 2986 941 3035 anno
959 2969 1177 3052 principatus
1191 2967 1306 3034 domni
1330 2968 1440 3034 nostri
1463 2968 1606 3035 iohanni
1624 2970 1660 3036 et
1682 2967 1800 3035 domni
1825 2969 1971 3054 guidoni
1994 2971 2069 3040 eius

205 3116 283 3183 filio
310 3119 453 3202 gloriosi
480 3119 708 3204 principibus,
738 3139 854 3189 mense
880 3120 1026 3188 martius
1055 3119 1292 3188 tertiadecima
1318 3119 1518 3188 indictione.
1548 3119 1691 3206 ideoque
1716 3139 1783 3205 ego
1809 3123 1946 3188 amatus
1972 3121 2064 3190 illius

209 3274 414 3357 ermengart
430 3275 623 3355 clarefecio,
642 3277 805 3362 quoniam
823 3295 885 3362 per
901 3277 1004 3343 firma
1019 3279 1155 3345 cartula
1170 3276 1392 3345 venumdedit
1415 3278 1503 3344 mihi
1527 3257 1765 3362 gualprandus
1787 3276 1876 3344 illius
1899 3276 2009 3344 leonis
2032 3279 2066 3344 et

210 3427 306 3494 mira
328 3429 507 3511 genetrice
522 3429 597 3496 eius
614 3433 709 3495 terra
724 3445 802 3494 cum
827 3427 1053 3495 castanietum
1078 3430 1115 3494 in
1139 3430 1252 3496 locum
1276 3427 1455 3495 casiniano
1469 3423 1496 3514 ⁴)
1512 3445 1575 3512 per
1599 3426 1696 3494 finis:
1714 3425 1757 3493 de
1779 3443 1848 3493 uno
1870 3428 1977 3495 latere
1999 3427 2069 3496 dne

156 3645 159 3652 ,
212 3576 330 3644 medio
349 3578 502 3664 ballone3
520 3577 563 3645 de
579 3597 648 3645 uno
664 3579 778 3662 capite
800 3579 870 3646 ilne
893 3578 1033 3663 guisoni
1056 3578 1120 3646 filii
1144 3578 1343 3663 grisemari
1368 3574 1538 3662 quomodo
1560 3577 1691 3645 termiti
1715 3576 1787 3643 ficti
1810 3579 1908 3663 sunt3
1936 3575 2069 3643 de'alio

210 3731 321 3796 latere
336 3730 430 3798 etde
445 3731 516 3798 alio
532 3732 645 3816 capite
660 3729 729 3798 fine
744 3731 855 3815 ipsius
879 3731 1030 3814 guisoui,
1049 3730 1227 3814 quomodo·
1242 3729 1372 3799 termiti
1396 3731 1431 3797 et
1452 3727 1603 3814 signaite
1625 3727 1837 3796 discernunt.
1856 3728 1972 3797 clauso
1988 3727 2064 3806 istc,

210 3883 366 3966 qualiter
378 3883 536 3968 superius
551 3883 632 3952 finis
644 3871 754 3968 po'sitc
765 3885 855 3962 sunt,
870 3883 1089 3950 medietatem
1102 3901 1180 3948 cum
1192 3845 1305 3948 omnis
1321 3881 1503 3948 arboribus
1515 3883 1635 3948 etcum
1650 3881 1768 3948 omnia
1779 3881 1873 3947 inira
1888 3898 1925 3948 se
1940 3882 2069 3948 haben-

216 4032 311 4098 tibus
327 4033 416 4099 mihi
440 4030 736 4101 venumdederunt
759 4032 828 4118 ipsi
850 4031 1089 4118 gualprandus
1111 4033 1146 4099 et
1168 4032 1275 4110 mira,
1293 4034 1328 4097 et
1351 4031 1428 4114 ipsa
1449 4031 1517 4096 alia
1540 4028 1720 4096 medietate
1743 4031 1827 4096 milli
1853 4030 2004 4114 pertinet
2026 4030 2071 4097 da

211 4185 329 4266 ipsum
346 4186 546 4270 ermengari
563 4186 759 4270 genitorem
775 4204 908 4271 meum3
926 4191 960 4252 et
987 4184 1264 4254 mensuravimus
1290 4185 1363 4250 tota
1385 4184 1486 4248 rebus
1512 4181 1598 4265 ipsa,
1617 4183 1652 4248 et
1678 4183 1730 4248 est
1756 4199 1778 4248 a
1802 4183 1901 4266 parte
1926 4181 1969 4248 de
1995 4181 2070 4267 ipso

211 4337 355 4404 ballone
369 4338 463 4421 passi
480 4339 694 4423 octuaginta,
713 4338 804 4407 etde
819 4337 888 4404 alia
902 4337 1001 4422 parte
1026 4339 1078 4404 est
1105 4336 1149 4405 de
1176 4334 1358 4422 longitudo
1384 4333 1479 4420 passi
1501 4333 1635 4402 centum
1663 4335 1756 4400 octo:
1774 4331 1817 4400 de
1842 4302 1945 4418 super
1972 4335 2071 4418 parte

211 4491 477 4574 passitriginta
491 4509 564 4568 sex,
584 4493 620 4556 et
635 4491 672 4555 in
688 4488 801 4556 medio
819 4491 932 4555 locum
956 4487 1103 4555 latitudo
1126 4489 1217 4574 passi
1241 4488 1302 4556 alii
1324 4487 1475 4571 triginta
1497 4503 1572 4564 sex,
1589 4488 1624 4553 et
1645 4484 1689 4552 de
1711 4487 1831 4570 supter
1854 4487 1955 4570 parte
1977 4487 2072 4571 passi

214 4641 345 4725 biginti
360 4641 540 4727 quadtuor,
558 4645 668 4709 totum
690 4641 733 4709 ad
757 4645 848 4710 iusto
871 4660 1012 4727 passum
1035 4642 1168 4708 homini
1192 4643 1441 4718 mensuratum,
1461 4642 1495 4707 et
1518 4656 1711 4723 congruum
1734 4640 1785 4707 est
1807 4637 1895 4705 mihi
1918 4637 2070 4705 iamdicti

213 4797 327 4862 amati
343 4797 452 4862 totum
469 4799 503 4864 et
517 4796 674 4863 inclitum
690 4795 770 4866 illut
785 4813 849 4880 per
872 4794 1034 4862 iamdicte
1055 4795 1136 4862 linis
1159 4797 1193 4861 et
1216 4793 1389 4862 mensurie
1412 4790 1631 4860 venumdare.
1650 4794 1685 4860 et
1700 4791 1777 4860 ideo
1799 4811 1864 4879 ego
1888 4792 2074 4862 iamdictus

211 4949 355 5013 amatus
369 4965 446 5015 mea
460 4949 646 5017 volumtate
660 4966 723 5033 per
739 4947 989 5016 absolutionem
1004 4934 1196 5032 supradicti
1211 4948 1355 5033 gloriosi
1370 4947 1542 5033 principis
1557 4946 1781 5016 venumdedit
1797 4951 1900 5033 atque
1915 4947 1960 5015 ad
1984 4968 2075 5018 sem·

212 5115 283 5182 per
299 5097 494 5166 habendum
511 5100 732 5170 confirmavit
746 5119 809 5185 per
824 5117 888 5167 anc
904 5101 1073 5168 cartulam
1087 5100 1151 5166 tibi
1168 5099 1270 5168 ciceri
1286 5099 1358 5166 filio
1372 5098 1430 5165 adi
1444 5101 1480 5167 et
1494 5097 1588 5166 leoni
1603 5099 1676 5166 filio
1700 5099 1844 5166 iohanni
1867 5100 1941 5165 tota
1962 5101 1996 5165 et
2020 5099 2073 5165 in·

213 5247 305 5316 clita
319 5249 521 5335 supradicta
535 5252 638 5320 rebus
652 5268 716 5336 per
732 5249 931 5335 supradicte
945 5249 1026 5318 finis
1042 5251 1077 5318 et
1091 5251 1264 5319 mensurio
1279 5267 1356 5317 cum
1384 5249 1502 5317 omnia
1527 5249 1619 5316 intro
1643 5267 1683 5338 se
1708 5249 1913 5352 habentibus
1940 5251 1976 5315 et
2002 5249 2075 5316 suis

214 5401 443 5486 pertinentiis
458 5405 493 5469 et
508 5421 586 5469 cum
603 5403 678 5472 bice
692 5401 736 5470 de
751 5403 809 5470 bia
823 5421 898 5470 sua:
917 5402 981 5469 tibi
996 5400 1151 5468 iamdicti
1169 5401 1276 5469 ciceri
1291 5400 1521 5480 medietatem,
1536 5402 1571 5469 et
1584 5399 1648 5468 tibi
1663 5399 1756 5468 leoni
1771 5401 1848 5485 ipsa
1862 5401 1933 5467 alis
1948 5397 2075 5468 medie-

281 5829 304 5902 ¹)
320 5833 478 5906 Cariniana,
493 5833 569 5908 apud
587 5833 750 5890 Nuceriam.
