5378 7098
1001 587 1371 685 11116111116116
2041 633 2060 689 9

256 869 416 934 montoru
431 867 569 931 rotense
584 859 709 928 tinibus
725 877 785 944 per
808 876 847 926 66
870 857 969 924 finis:
986 856 1029 924 de
1052 857 1171 940 suptus
1193 855 1261 924 fine
1284 854 1387 922 dubio
1410 856 1466 922 riu
1488 858 1642 925 siccbum
1658 879 1665 922 :
1684 859 1727 926 de
1751 877 1819 927 uno
1842 827 1952 928 latere
1974 860 2044 928 line
2066 859 2108 929 de

256 1015 375 1086 eredes
391 1015 536 1083 iohanni
553 1008 703 1098 capuani
714 986 754 1079 Ι61
768 1008 892 1080 deinde
907 1007 1063 1095 perbadit
1078 1007 1115 1074 in
1130 1007 1200 1076 fine
1214 1005 1325 1074 leudi:
1350 1005 1392 1076 de
1407 1025 1509 1093 super
1525 1009 1636 1094 capite
1659 1009 1728 1076 tine
1752 1011 1810 1078 bia
1821 1009 1965 1094 pulbioa:
1984 1009 2027 1078 de
2042 1010 2112 1078 alio

258 1171 367 1236 latere
383 1132 636 1241 flneademari,
655 1169 690 1230 et
705 1160 932 1230 descendente
948 1161 985 1226 in
1000 1159 1070 1226 tine
1085 1157 1221 1226 calendi
1237 1161 1272 1225 61
1289 1160 1459 1243 pertange
1481 1162 1518 1226 in
1532 1159 1601 1227 fine
1624 1160 1666 1229 de
1688 1161 1806 1230 eredes
1830 1163 1973 1230 iohanni
1997 1167 2032 1230 et
2054 1163 2113 1231 de-

257 1319 442 1390 scendente
457 1319 495 1385 in
510 1317 580 1384 fine
606 1366 763 1381 .....
783 1299 1028 1398 benebentano]
1048 1311 1142 1378 infra
1157 1312 1230 1396 ipse
1245 1310 1324 1378 finis
1341 1311 1444 1378 liceat
1467 1311 1564 1380 illum
1588 1311 1623 1380 in
1640 1312 1717 1398 ipsa
1731 1316 1827 1382 16116
1849 1333 1926 1382 cum
1942 1319 2113 1386 castanie-

258 1475 330 1538 tum
346 1472 381 1540 et
397 1472 545 1537 bacuum
573 1516 767 1533 ......
794 1466 953 1532 laborare
968 1467 1002 1530 et
1018 1464 1132 1546 ipsum
1148 1461 1375 1530 castanietum
1392 1461 1541 1556 bigilare
1554 1467 1588 1532 et
1603 1465 1700 1532 illum
1716 1468 1848 1533 salbum
1865 1468 1989 1543 lacere,
2004 1473 2038 1535 et
2051 1487 2112 1553 per

258 1624 417 1706 tempore
434 1622 494 1689 ille
508 1639 588 1690 eum
604 1620 795 1702 colligere.
826 1667 832 1679 .
863 1667 869 1680 .
900 1647 906 1681 ι
938 1667 943 1680 .
976 1666 983 1679 .
1014 1665 1020 1678 .
1047 1615 1229 1682 utilitatem
1248 1613 1346 1682 iuxta
1368 1616 1537 1684 rationem
1562 1616 1690 1685 ibidem
1713 1618 1837 1696 facere,
1854 1623 1888 1688 et
1910 1625 2035 1706 quante
2058 1639 2115 1690 ca-

258 1775 374 1844 stanie
389 1775 518 1842 exinde
532 1772 724 1851 collexerit,
744 1772 897 1840 castanie
913 1771 988 1854 ipse
1009 1786 1158 1846 seccare,
1177 1772 1211 1835 et
1227 1770 1349 1836 secche
1371 1786 1450 1836 cum
1473 1787 1555 1854 pars
1572 1774 1689 1838 nostre
1712 1773 1854 1841 ecclesie
1877 1773 2041 1860 dibidere3
2056 1775 2114 1842 ille

258 1927 380 1992 tollere
397 1924 524 1993 exinde
539 1922 605 1991 due
620 1923 735 2000 sortis,
753 1924 788 1990 et
802 1922 838 1988 in
855 1921 1012 2007 partibus
1028 1923 1145 1989 nostre
1159 1920 1302 1987 ecclesie
1317 1919 1402 1986 dare
1417 1937 1486 1987 6116
1507 1924 1609 1999 66116,
1624 1921 1711 2006 quod
1726 1925 1778 1990 est
1800 1925 1939 1992 tertiam
1957 1929 2111 2009 partem:

259 2059 419 2145 similiter
433 2083 468 2146 et
483 2077 520 2144 in
535 2077 613 2161 ipsa
628 2079 723 2143 terra
737 2077 848 2141 1166116
865 2074 967 2142 116661
982 2075 1081 2141 illum
1097 2071 1225 2139 ibidem
1243 2075 1403 2141 laborare
1418 2076 1453 2140 61
1470 2075 1506 2141 in
1523 2077 1619 2142 terra
1634 2075 1711 2160 ipsa
1727 2077 1908 2157 sominare,
1921 2081 1961 2147 61
1983 2079 2026 2146 de
2048 2099 2115 2166 que

259 2236 458 2304 annualiter
473 2234 599 2303 ibidem
616 2233 852 2312 seminaberit,
871 2234 966 2302 stetit
981 2233 1064 2302 dare
1080 2233 1117 2299 in
1132 2251 1216 2318 pars
1231 2236 1346 2300 nostre
1362 2233 1565 2300 terraticum
1582 2233 1768 2300 secundum
1784 2235 2063 2306 consuetudinem
2073 2237 2117 2304 de
2243 2257 2244 2262 ¹

261 2387 337 2472 ipso
352 2389 478 2464 locum,
492 2389 608 2470 scepto
623 2387 651 2453 si
668 2403 749 2470 pars
765 2387 899 2470 pretate
913 2388 1031 2453 nostre
1047 2385 1190 2452 ecclesie
1206 2385 1283 2470 ipsa
1297 2386 1392 2452 terra
1408 2383 1517 2451 bacua
1532 2384 1624 2450 infra
1639 2385 1715 2468 ipso
1730 2384 1950 2454 constitutum
1966 2388 2118 2456 cuicum-

262 2557 329 2622 que
346 2538 390 2604 ad
407 2538 657 2623 pastenandum
675 2537 758 2607 dare
774 2539 932 2617 boluerit,
951 2539 1154 2622 potestatem
1170 2539 1268 2604 abeat
1284 2554 1367 2620 pars
1383 2538 1501 2603 nostre
1518 2535 1662 2604 ecclesie
1683 2553 1742 2604 eos
1764 2536 1849 2604 dare
1871 2538 1913 2605 ad
1938 2543 2119 2624 1166161166-

261 2687 344 2754 dum
362 2688 417 2754 cui
439 2735 820 2752 ...........
848 2689 882 2752 61
897 2686 1002 2752 116661
1024 2685 1122 2753 illum
1146 2683 1189 2750 de
1212 2685 1287 2768 ipso
1311 2685 1538 2750 castanietum
1562 2686 1703 2752 arbores
1725 2685 1823 2752 iuxta
1845 2687 2016 2756 rationem
2039 2691 2120 2759 inde

266 2839 445 2908 abscidere
471 2889 665 2904 ......
692 2839 735 2904 de
753 2841 829 2924 ipso
845 2839 1083 2907 castanietum.
1099 2841 1134 2904 et
1148 2839 1177 2906 si
1192 2831 1445 2904 taliter'omnia
1459 2856 1522 2922 per
1538 2837 1738 2922 supradicto
1761 2837 1881 2906 ordine
1904 2839 1941 2906 in
1964 2843 2121 2925 partibus
2255 2919 2260 2930 ,

264 2992 372 3076 ipsius
388 2993 532 3060 ecclesie
548 2993 622 3076 ipse
638 2993 816 3076 garosalus
831 3010 901 3059 non
915 2992 1168 3077 adimpleberit,
1187 2996 1271 3059 tunc
1287 3009 1350 3076 per
1366 2991 1531 3059 iamdicta
1547 2987 1658 3060 1161116
1674 2993 1842 3076 obligabit
1865 3012 1901 3062 66
1923 2994 1965 3062 ad
1984 3012 2124 3081 compo-

262 3143 418 3212 nendum
433 3145 470 3210 in
486 3143 643 3229 partibus
666 3142 775 3228 ipsius
791 3143 936 3212 ecclesie
951 3143 1066 3212 decem
1083 3142 1209 3213 solidos
1233 3143 1480 3210 constantinos.
1507 3145 1541 3208 et
1564 3145 1656 3208 hunc
1679 3141 1818 3211 brebem
1842 3144 1963 3230 scripsi
1986 3165 2052 3232 ego
2075 3149 2124 3217 io·
2172 3100 2201 3212 D.

263 3297 398 3364 harnes
421 3295 578 3362 notarius
600 3293 659 3378 qui
681 3293 833 3362 interfui.

323 3418 433 3530 †ego
451 3446 616 3511 iohannes
633 3446 803 3528 presbiter

323 3571 432 3683 †ego
448 3598 613 3666 adelchisi
631 3599 813 3682 presbiter.

1057 4227 1338 4308 CCXVIII.

1050 4471 1190 4584 ,1.,11
1230 4467 1333 4548 eoa.

273 4798 278 4813 ”
333 4763 420 4898 'Ila
437 4813 576 4879 nomine
594 4811 726 4876 domini
743 4811 1027 4877 11166611116611116
1044 4809 1261 4894 principatus
1276 4809 1392 4875 domni
1409 4809 1518 4876 nostri
1535 4809 1651 4894 gisolfi
1667 4807 1811 4894 gloriosi
1835 4809 2013 4894 principis,
2032 4829 2125 4879 men-

270 4984 307 5032 se
331 4968 500 5049 augustus
523 4963 645 5048 quinta
659 4931 860 5030 indictione.
879 4961 955 5030 ideo
971 4981 1038 5047 que
1053 4979 1120 5046 ego
1136 4962 1262 5028 mulier
1278 4962 1415 5028 nomine
1438 4961 1602 5029 richarda
1623 4961 1698 5029 filia
1720 4961 1891 5046 quondam
1916 4961 2124 5046 gaidenardi

272 5119 305 5182 et
332 5117 456 5202 primis
483 5117 531 5181 lui
555 5132 646 5180 uxor
670 5113 889 5198 gaidelgardi
915 5115 1007 5182 lilius
1030 5113 1231 5198 radelperti,
1256 5119 1290 5182 61
1312 5117 1509 5200 sequentem
1534 5115 1614 5180 abui
1637 5115 1750 5180 virum
1775 5115 1896 5181 bassus
1918 5113 2012 5180 tilius
2035 5131 2125 5178 oom-

275 5269 365 5350 perti
380 5267 594 5332 habitatores
617 5263 659 5331 de
682 5267 793 5330 locum
817 5265 970 5342 nuceria,
986 5265 1067 5330 dum
1093 5285 1145 5334 me
1168 5263 1321 5331 invalida
1344 5264 1583 5332 infirmitatem
1608 5265 1921 5347 iacerecognosm,
1939 5261 2124 5329 6111161111-

272 5418 354 5484 uina
377 5415 620 5483 misericordia
643 5417 729 5481 milri
753 5416 957 5493 obviaverit,
984 5417 1085 5485 citius
1106 5419 1149 5482 ab
1174 5435 1215 5484 ac
1239 5421 1314 5485 luce
1337 5419 1444 5483 vitam
1470 5417 1571 5483 finire
1594 5433 1718 5499 spero,
1744 5417 1796 5480 661
1819 5417 1934 5479 tamen
1958 5412 2123 5496 profiteor
2252 5449 2253 5454 =

274 5589 327 5636 me
343 5571 479 5653 plenam
504 5569 607 5634 abere
623 5571 737 5634 mente
753 5572 787 5633 et
804 5570 895 5636 recte
912 5570 1051 5654 loquere
1067 5572 1185 5658 valeo;
1202 5572 1354 5655 cogitaui
1371 5571 1476 5648 enim,
1494 5566 1663 5654 quomodo
1680 5569 1780 5635 rebus
1794 5583 1872 5631 mea
1894 5562 2076 5647 disponere
2090 5567 2125 5632 61

265 5718 437 5796 iudicare,
454 5719 488 5784 et
504 5717 655 5801 qualiter
674 5723 749 5803 post
765 5740 876 5788 meum
895 5723 1025 5790 ovitum
1042 5727 1136 5808 ipsas
1149 5726 1250 5792 rebus
1273 5742 1349 5793 mea
1364 5741 1428 5809 pro
1444 5723 1531 5789 meis
1546 5720 1670 5789 salutis
1686 5719 1801 5789 anime
1817 5716 2032 5785 distributum
2050 5714 2122 5794 ilat,

273 5871 307 5934 61
322 5874 359 5936 ut
376 5867 525 5952 pleniter
541 5886 599 5962 eos
615 5867 770 5935 iudicare
786 5873 821 5936 et
836 5872 1001 5954 perficere
1017 5874 1180 5952 valerem,
1201 5894 1267 5958 ego
1282 5875 1439 5958 superius
1461 5871 1626 5939 richarda
1651 5870 1714 5936 leci
1732 5867 1858 5936 exinde
1874 5865 2032 5932 notitiam
2050 5867 2125 5948 gai·

413 6007 474 6050 Tun.
493 6003 524 6046 ne,
1974 5975 1989 6004 ⁰
