5216 7092
973 509 1345 586 DlPLOMllTlCUS

977 963 1308 1047 cccxxvi.
1346 927 1351 938 ’
1451 1063 1452 1066 ¹

1004 1214 1059 1284 A.
1097 1211 1148 1286 D.
1185 1209 1288 1288 980.

286 1463 375 1600 †lu
400 1517 541 1583 nomine
564 1516 697 1584 domini
720 1517 896 1585 tricesimo
919 1519 1066 1603 septimo
1088 1538 1180 1587 anno
1203 1489 1420 1606 principatus
1446 1523 1564 1592 domni
1599 1527 1741 1610 paldolli
1774 1530 1919 1614 gloriosi
1953 1534 2084 1618 princi-

221 1668 337 1747 biset
360 1670 463 1737 tertio
486 1669 513 1756 ¹)
537 1689 628 1737 anno
651 1670 725 1740 eius
747 1667 888 1748 salerni,
913 1673 948 1739 et
970 1675 1069 1740 sexto
1092 1693 1184 1742 anno
1207 1677 1423 1763 principatus
1447 1679 1564 1747 domni
1587 1680 1727 1765 paldolfi
1751 1683 1823 1750 eius
1845 1685 1930 1759 lilio,
1965 1703 2083 1754 mense
2159 1665 2163 1678 Κ

225 1825 364 1910 magius
388 1827 511 1892 octaba
535 1823 735 1891 indictione.
763 1824 1042 1892 memoratorium
1066 1827 1193 1892 sactum
1217 1846 1238 1894 a
1260 1844 1315 1897 me
1336 1849 1436 1898 ursus
1458 1833 1657 1902 atrianense
1680 1835 1772 1903 lilius
1796 1839 1924 1906 marini
1940 1841 2000 1924 qui
2016 1843 2082 1909 suit

226 1975 353 2054 iudex,
379 1994 420 2043 eo
443 1975 533 2062 quod
564 1977 656 2044 intus
678 1993 746 2072 anc-
766 1977 1013 2044 salernitanam
1037 1979 1187 2057 cibitate,
1206 1983 1288 2048 ante
1311 1982 1496 2068 subscripti
1519 1985 1691 2054 nobilibus
1722 1987 1886 2070 declaro,
1919 1991 2091 2077 quoniam

222 2147 346 2198 manso
369 2131 405 2197 et
427 2121 487 2198 leo
503 2114 662 2214 germani
686 2131 754 2233 mei
777 2149 841 2214 per
864 2132 967 2198 firma
989 2135 1088 2200 carta
1111 2153 1176 2218 que
1199 2135 1331 2219 scripta
1353 2139 1406 2203 est
1437 2157 1500 2222 per
1528 2141 1646 2207 totone
1670 2144 1821 2220 notario,
1857 2146 2084 2215 benumdede
2129 2127 2134 2134 ’

200 2273 311 2350 ’1111
334 2285 479 2351 iohanni
503 2285 706 2353 amalfitano
728 2287 801 2352 filio
823 2287 980 2352 mauroni
1003 2289 1142 2354 comilis
1157 2289 1260 2357 rebus
1276 2308 1349 2367 sua,
1368 2309 1465 2376 quem
1484 2295 1649 2362 abuerunt
1664 2300 1701 2362 in
1718 2299 1846 2364 cetaria
1860 2298 1918 2365 ubi
1934 2300 1976 2367 ad
1994 2302 2082 2368 fonti

221 2438 351 2504 dicitur
374 2456 395 2503 a
418 2456 523 2522 super
545 2437 692 2504 ecclesia
714 2439 827 2504 sancti
850 2439 926 2506 selis
943 2458 1013 2522 ,per
1036 2441 1128 2518 finis,
1154 2442 1245 2509 sicut
1269 2442 1345 2527 ipsa
1368 2447 1466 2511 carta
1488 2447 1654 2533 continet3
1679 2448 1713 2515 et
1734 2466 1799 2532 pro
1820 2449 2016 2520 defensione
2038 2451 2081 2519 de

221 2591 300 2675 ipsa
325 2592 425 2657 rebus
446 2591 513 2676 ipsi
537 2580 696 2675 germani
722 2585 791 2658 mei
814 2581 983 2661 dederunt
1004 2594 1115 2661 eidem
1138 2596 1280 2664 iohanni
1297 2617 1402 2665 unum
1419 2599 1557 2666 brebem
1572 2599 1765 2684 sigillatum
1781 2601 2014 2670 continentem
2038 2604 2081 2672 de

220 2741 301 2824 ipsa
324 2740 438 2817 reboo,
464 2741 613 2824 qualiter
636 2739 782 2808 domnus
805 2741 950 2825 gisolfus
974 2749 1189 2842 concesserat
1211 2745 1320 2830 ipsius
1344 2747 1494 2830 genitori
1517 2751 1636 2815 nostro
1660 2751 1762 2818 rebus
1785 2751 1823 2816 in
1844 2751 1970 2821 veodem
2006 2745 2081 2821 l'oco

84 2961 87 2966 Δ
220 2891 355 2958 cetaria
377 2892 414 2957 in
438 2891 507 2958 fine
530 2889 573 2959 de
594 2892 781 2960 heredibus
805 2895 915 2960 sancti
939 2896 997 2962 leli
1022 2898 1057 2962 11
1072 2915 1180 2982 usque
1203 2896 1246 2964 ad
1270 2899 1337 2966 fine
1359 2901 1433 2967 eius
1450 2901 1508 2984 qui
1526 2901 1592 2966 suit
1607 2903 1806 2986 traselghisi
1822 2904 1972 2982 diaconi,
1990 2905 2079 2990 quod

219 3045 284 3110 1111
310 3061 332 3110 1
358 3045 490 3129 palatio
513 3047 669 3129 espetuto
690 3047 831 3124 abebat,
859 3049 894 3112 et
915 3046 959 3114 da
980 3031 1079 3114 serra
1101 3047 1143 3115 de
1167 3049 1243 3132 ipso
1266 3053 1383 3116 monte
1401 3069 1507 3134 usque
1535 3070 1643 3138 mare3
1673 3055 1707 3120 ot
1747 3073 1852 3121 unum
1887 3055 2078 3122 iudicatum

218 3199 472 3276 continentem,
491 3199 638 3282 qualitor
663 3215 729 3283 ego
750 3199 952 3267 nominatus
968 3219 1069 3267 ursus
1086 3201 1123 3267 in
1140 3203 1357 3270 causationes
1374 3203 1440 3268 suit
1454 3221 1530 3270 cum
1548 3204 1713 3273 iohannes
1729 3209 1925 3292 monaghus
1939 3209 1996 3293 qui
2013 3210 2079 3277 suit
2125 3223 2126 3228 ’

216 3349 449 3418 sirentinode
466 3351 544 3435 ipsa
560 3355 680 3428 rebus,
707 3355 742 3418 et
769 3310 850 3420 ante
877 3351 1128 3437 petrus'iudex
1157 3373 1221 3438 per
1248 3355 1307 3420 lex
1333 3355 1430 3422 illum
1458 3355 1639 3442 albincuit3
1658 3357 1749 3424 unde
1776 3362 1811 3424 et
1838 3359 1944 3426 alium
1972 3377 2078 3427 unum

219 3504 377 3580 brebem,
397 3502 546 3586 qualiter
568 3521 632 3572 nos
646 3503 807 3588 germani
823 3503 981 3572 dedimus
997 3504 1040 3571 ad
1058 3505 1309 3590 pastenandum
1325 3506 1467 3573 iohanni
1484 3507 1544 3591 qui
1560 3507 1625 3573 suit
1639 3509 1808 3575 sirentino
1823 3509 1895 3576 filio
1912 3512 2076 3594 palumbi,

127 3718 130 3724 .
214 3655 321 3724 rebus
336 3655 374 3720 in
391 3653 510 3721 eodem
526 3655 601 3721 loco
628 3655 722 3720 infra
748 3656 823 3739 ipse
849 3655 945 3734 finis¹
960 3675 1025 3740 que
1051 3658 1566 3744 11111111111111111111111
1592 3659 1659 3744 ipsi
1686 3663 1846 3744 germani
1873 3662 1939 3730 mei
1965 3661 2076 3730 eidem
2146 3671 2150 3679 ·

216 3805 366 3874 iohanni
382 3805 497 3874 emisit
511 3806 648 3874 etmihi
664 3807 842 3876 nominato
859 3810 931 3875 ur'si
949 3811 1116 3878 remansit
1129 3810 1170 3878 de
1186 3811 1264 3895 ipsa
1280 3810 1472 3878 monimina
1482 3815 1517 3878 et
1529 3813 1625 3880 brebi
1641 3812 1800 3899 sigillati3
1816 3831 1921 3880 unum
1939 3815 2078 3880 brebem

214 3963 412 4046 sigillatum
429 3965 640 4041 continente,
658 3965 805 4049 qualiter
819 3963 965 4030 domnus
980 3965 1127 4048 gisolfus
1142 3967 1360 4032 concesserat
1374 3965 1482 4049 ipsius
1499 3965 1650 4048 genitori
1667 3966 1785 4030 nostro
1808 3983 1864 4031 res
1889 3965 1925 4031 in
1949 3965 2078 4032 cetaria
2110 3991 2111 3994 ¹

216 4133 238 4179 a
262 4131 369 4198 super
391 4114 534 4182 ecclesia
556 4116 669 4183 sancti
694 4117 771 4184 selis
794 4119 829 4184 et
853 4117 924 4185 alia
946 4136 1002 4186 res
1024 4119 1060 4186 in
1083 4118 1217 4204 airole;
1241 4119 1276 4183 et
1299 4119 1408 4182 alium
1430 4117 1562 4183 bunum
1594 4116 1733 4182 brebem
1756 4114 1969 4198 sigillatum,
1988 4111 2107 4230 ‘qua-m
2193 4163 2199 4174 ·

218 4267 303 4334 liter
326 4266 401 4352 ipse
416 4266 564 4334 domnus
578 4267 724 4351 gisolfus
740 4269 848 4372 ipsius
864 4269 1014 4354 genitori
1032 4271 1150 4335 nostro
1165 4269 1387 4336 concesserat·
1398 4285 1454 4334 res
1480 4267 1518 4333 in
1545 4265 1664 4334 eodem
1690 4267 1765 4332 loco
1792 4266 1923 4334 cetaria
1947 4285 2011 4351 per
2039 4285 2078 4372 as

216 4421 319 4489 finis:
349 4420 392 4488 de
418 4439 488 4488 una
514 4424 615 4506 parte
635 4421 706 4488 fine
731 4421 879 4504 predicti
902 4421 1054 4506 genitori
1081 4425 1224 4500 nostru,
1252 4439 1319 4506 que
1344 4439 1408 4505 per
1435 4409 1636 4520 preceptum
1663 4420 1858 4504 espetutum
1885 4421 2007 4486 abebat
2037 4418 2079 4489 de

217 4591 326 4657 super
349 4575 419 4640 linc
440 4592 540 4641 serra
561 4573 604 4640 de
627 4577 765 4641 monte:
794 4573 825 4638 Α
851 4573 1010 4658 partibus
1033 4573 1179 4640 orientis
1201 4575 1270 4641 fine
1299 4573 1406 4648 ribus,
1431 4575 1466 4640 et
1486 4573 1683 4646 revolbente
1705 4589 1769 4656 per
1802 4573 1859 4639 bia
1881 4573 1917 4640 et
1940 4571 2080 4642 descen-

214 4725 323 4794 dente
346 4727 383 4792 in
407 4746 515 4796 mare:
540 4726 584 4794 de
607 4729 726 4798 subtus
748 4729 818 4795 fine
840 4747 932 4814 aqua
954 4727 998 4794 de
1020 4747 1117 4796 mare
1130 4749 1140 4814 3
1164 4730 1200 4826 et
1229 4725 1338 4794 alium
1361 4743 1468 4792 unum
1493 4726 1651 4803 brebem,
1678 4725 1826 4810 qualiter
1842 4725 1917 4811 ipse
1939 4725 2079 4810 genitor

215 4881 338 4948 noster
361 4878 502 4948 dederat
523 4879 566 4947 ad
589 4882 841 4966 pastenandum
874 4882 984 4967 ipsius
1017 4869 1162 4950 iohanni
1196 4855 1365 4966 monaghi
1390 4880 1493 4946 rebus
1523 4848 1719 4963 propinquo
1750 4856 1842 4963 aqua
1870 4875 1912 4946 de
1941 4877 2081 4947 desche-

211 5029 289 5095 tola
313 5028 407 5096 infra
430 5029 502 5114 ipse
524 5029 617 5111 11111,
643 5050 708 5116 que
729 5032 805 5116 ipsa
827 5033 924 5098 carta
946 5031 1056 5116 ipsius
1078 5030 1224 5099 iohanni
1247 5031 1424 5118 continet3
1449 5032 1484 5097 et
1505 5028 1614 5096 alium
1636 5047 1743 5096 unum
1767 5027 1968 5107 iudicatum,
1995 5046 2078 5113 qua·

214 5181 299 5250 liter
323 5197 391 5266 ego
413 5182 610 5250 nominatus
640 5203 739 5252 ursus
762 5185 799 5251 in
830 5144 1050 5254 causationes
1077 5186 1125 5253 fui
1150 5188 1230 5254 ante
1252 5184 1466 5270 radelgrimo
1488 5183 1589 5252 iudex
1617 5199 1695 5248 cum
1718 5198 1821 5248 ursus
1854 5184 1889 5247 11
1915 5181 1970 5248 111
1997 5197 2075 5265 pre·

211 5333 325 5401 sbiter
343 5336 504 5420 germani
527 5336 592 5404 fllii
618 5338 739 5423 lupini,
765 5340 823 5424 qui
846 5340 992 5407 bocabat
1014 5339 1201 5420 llaibulum,
1226 5339 1269 5408 de
1291 5340 1371 5425 ipsa
1396 5341 1499 5406 rebus
1525 5335 1719 5422 propinquo
1744 5313 1903 5420 aqua'de
1929 5333 2073 5402 desche-

210 5506 300 5572 tola.
327 5510 363 5573 et
387 5506 455 5592 ipsi
479 5511 638 5594 germani
661 5529 762 5581 ursus
783 5513 817 5580 et
840 5513 894 5579 leo
916 5512 1085 5597 presbiter
1107 5487 1388 5580 manifestaberat
1405 5509 1515 5614 nobis,
1540 5509 1577 5575 ut
1600 5505 1643 5576 de
1669 5507 1744 5592 ipsa
1771 5507 1886 5588 rebus,
1912 5523 1980 5590 que
1998 5504 2078 5592 ipsa

273 5815 297 5886 ⁴)
312 5813 412 5873 Potius
425 5819 554 5876 secundo.
