5252 7102
529 584 595 646 294
1026 501 1028 505 '
1201 564 1364 639 00qu
1407 562 1640 638 cavensis

486 829 565 878 cum
584 812 662 896 ipso
673 804 775 878 ¹sunm
794 809 1031 877 adbocatorem
1049 809 1133 893 aput
1149 809 1261 874 locum
1278 809 1453 891 loquentes
1467 808 1501 874 et
1515 805 1641 872 iterum
1659 803 1838 871 benientes
1853 806 1968 888 palam
1987 807 2147 873 omnibus
2163 804 2343 875 audientes

486 963 796 1030 manifestaberunt
818 965 851 1031 et
874 961 1049 1036 dixerunt,
1070 962 1106 1026 ut
1122 960 1196 1044 ipsa
1219 958 1363 1042 scriptio
1388 956 1424 1024 in
1441 958 1611 1034 omnibus
1631 955 1720 1022 sicut
1741 957 1907 1033 continet,
1926 956 2080 1024 beraoem
2097 958 2199 1024 esset.
2217 957 2343 1024 iterum

486 1073 782 1195 interrogabimus
798 1110 880 1188 illis,
910 1110 1073 1178 forsitans
1100 1109 1216 1192 aliqua
1240 1107 1413 1174 rationem
1435 1108 1553 1173 aberet
1576 1106 1620 1172 ab
1646 1105 1759 1188 ipsum
1784 1103 1949 1183 friderisi,
1967 1107 2028 1172 ant
2050 1105 2096 1171 da
2118 1106 2196 1190 ip'sa
2217 1105 2347 1174 domna

488 1265 676 1349 sikelgaita
692 1266 811 1349 postea
826 1264 953 1330 emissa
968 1261 1011 1327 de
1027 1262 1104 1344 ipsa
1120 1259 1358 1343 scriptionem,
1378 1275 1443 1342 que
1460 1257 1569 1342 ipsius
1585 1255 1738 1324 friderisi
1755 1257 1880 1324 emissa
1896 1255 1961 1323 luit
1975 1257 2018 1324 do
2033 1257 2237 1342 supradicta
2252 1261 2346 1327 terra

489 1437 551 1502 per
567 1417 730 1486 iamdicte
746 1416 827 1484 finis
841 1418 876 1484 et
893 1413 1077 1492 mensurie,
1095 1415 1153 1480 aut
1168 1412 1197 1479 si
1215 1412 1332 1496 aliqua
1349 1411 1522 1478 rationem
1545 1412 1676 1489 aberet,
1695 1409 1841 1496 qualiter
1863 1409 1906 1478 de
1921 1412 2015 1478 terra
2039 1411 2116 1494 ipsa
2138 1410 2347 1518 contendere

492 1554 641 1640 baleret:
659 1569 740 1654 ipse·
749 1567 896 1635 domnus
912 1564 1096 1632 radoaldus
1112 1565 1215 1631 abbas
1232 1580 1303 1629 una
1317 1580 1393 1628 cum
1410 1562 1486 1646 ipso
1503 1580 1598 1628 suurn
1615 1560 1853 1628 adbocatorem
1871 1561 2181 1629 manifestaberunt
2194 1565 2228 1627 et
2250 1562 2350 1630 dixe-

490 1725 584 1800 runt,
602 1725 641 1788 ut
656 1739 766 1806 neque
781 1718 823 1786 ab
840 1721 952 1804 ipsum
968 1716 1134 1794 friderisi,
1152 1733 1264 1799 neque
1280 1715 1324 1782 ab
1347 1715 1421 1798 ipsa
1443 1712 1571 1779 domna
1587 1713 1781 1796 sikelgaita,
1797 1726 1907 1797 neque
1930 1731 1952 1778 a
1968 1713 2178 1797 quibuslibet
2199 1731 2350 1798 persona

491 1875 671 1943 homiuum
688 1879 749 1942 aut
765 1873 947 1942 cuiuslibet
965 1835 1120 1954 partibus
1135 1870 1264 1935 nullam
1287 1866 1508 1951 scriptionem
1533 1868 1594 1932 ant
1616 1864 1767 1951 qualibet
1789 1866 1958 1933 rationem
1984 1869 2097 1944 abere,
2116 1867 2286 1951 quemodo
2307 1867 2351 1935 de

431 2049 435 2055 ·
494 2030 570 2114 ipsa
585 2029 683 2094 terra
698 2045 760 2111 per
773 2023 974 2110 supradicte
990 2021 1071 2088 finis
1086 2023 1119 2089 et
1136 2019 1308 2086 mensurio
1332 2018 1538 2085 contendere
1562 2019 1679 2102 potere
1702 2037 1763 2102 ρετ
1786 2019 1921 2086 nullum
1944 2018 2095 2097 modum,
2114 2036 2154 2087 eo
2170 2019 2260 2103 quod
2284 2038 2349 2104 per

495 2181 622 2246 testum
639 2178 682 2244 de
698 2174 905 2260 supradictis
921 2169 1166 2257 scriptionibus
1182 2170 1231 2238 sic
1248 2171 1337 2238 esset
1352 2170 1563 2254 pertinentes
1588 2169 1697 2254 ipsius
1712 2169 1877 2236 dumnelli
1895 2171 2024 2246 abbati,
2039 2171 2130 2237 sicut
2152 2170 2226 2254 ipse
2241 2171 2352 2255 scrip-

495 2330 647 2398 tionibus
663 2326 894 2395 continentnr.
912 2329 947 2393 et
961 2343 999 2394 ec
1015 2326 1125 2402 finita,
1144 2327 1218 2408 ipse
1234 2323 1431 2391 dumnellus
1446 2323 1551 2390 abbas
1567 2321 1659 2407 cepit
1675 2326 1851 2390 causanter
1867 2323 2085 2399 contendere,
2103 2325 2141 2388 ut
2155 2321 2294 2390 deberet
2317 2324 2349 2390 ei

494 2499 700 2568 componere
716 2481 791 2565 ipse
808 2482 928 2548 abbate
943 2477 1090 2564 predicti
1107 2476 1307 2545 monasterii
1323 2475 1603 2560 compositionem
1627 2476 1734 2552 illam,
1753 2492 1855 2558 qnam
1878 2475 1937 2581 ille
1953 2471 2123 2558 obligabit
2146 2489 2353 2557 componere

496 2634 605 2718 ipsius
622 2632 773 2700 friderisi
789 2633 823 2698 et
839 2631 895 2696 cni
911 2647 974 2715 per
989 2647 1067 2697 eum
1084 2629 1161 2714 ipsa
1175 2646 1237 2696 sua
1252 2627 1414 2694 tradictio
1426 2627 1509 2692 data
1520 2625 1687 2710 paruerit,
1704 2626 1758 2692 vel
1769 2624 1812 2691 ad
1824 2625 1899 2692 eius
1915 2625 2068 2705 heredes,
2084 2628 2144 2692 aut
2158 2627 2214 2693 cui
2227 2629 2278 2693 rel
2292 2627 2352 2694 ubi

499 2806 562 2873 ρετ
577 2787 647 2854 illis
662 2787 743 2853 data
758 2783 928 2870 paruerit:
943 2784 1018 2868 ipse
1032 2784 1150 2850 abbate
1166 2781 1313 2866 predicti
1330 2781 1529 2846 monasterii
1545 2798 1622 2845 cum
1639 2779 1714 2864 ipso
1730 2797 1830 2846 suurn
1846 2779 2087 2847 advocatorem
2104 2779 2269 2846 dixerunt
2283 2797 2353 2848 non

497 2937 638 3006 deberet
652 2938 683 3004 ei
701 2935 993 3022 compositionem,
1014 2951 1078 3018 pro
1094 2933 1218 3018 quibus
1234 2931 1545 2998 manifestaberunt
1560 2929 1638 2996 illut
1652 2928 1683 2996 ei
1700 2929 1892 2998 coutrasset
1915 2931 1993 3015 ipsa
2015 2931 2294 3029 compositionem
2312 2931 2355 2998 de

498 3088 576 3176 ipsa
592 3087 829 3174 scriptionem,
847 3105 912 3173 pro
928 3086 1050 3182 quibus
1066 3085 1140 3169 ipse
1156 3083 1307 3153 friderisi
1322 3037 1386 3150 nec
1403 3083 1477 3167 ipsa
1493 3082 1620 3150 domna
1637 3081 1820 3167 sikelgaita
1835 3083 1913 3150 illut
1928 3082 2037 3150 eidem
2053 3082 2219 3151 dumnelli
2236 3084 2354 3152 abbati

498 3237 602 3324 dedit.
622 3239 695 3323 ipse
710 3191 904 3306 dumnellus
920 3237 1027 3302 abbas
1042 3233 1147 3313 dixit,
1162 3211 1234 3299 uta
1257 3252 1324 3316 quo
1349 3233 1426 3316 ipsa
1449 3231 1577 3298 domna
1599 3231 1782 3316 sikelgaita
1802 3231 1897 3300 dedit
1919 3233 1955 3298 iu
1973 3231 2047 3317 ipsa
2070 3233 2216 3301 ecclesia
2237 3237 2356 3304 sancte

498 3392 610 3459 mario
625 3391 715 3476 quod
731 3391 813 3457 lecit
830 3391 866 3456 in
882 3388 959 3473 ipsa
975 3391 1079 3466 terra,
1098 3385 1299 3470 supradicta
1314 3391 1410 3452 terra
1426 3404 1488 3470 ρετ
1505 3383 1667 3453 iamdicta
1683 3383 1761 3452 finis
1776 3388 1811 3454 et
1826 3385 2011 3465 mensoria,
2031 3389 2067 3453 et
2082 3389 2239 3452 abbatem
2255 3387 2355 3454 illum

501 3543 625 3610 ibidem
643 3541 885 3618 constituisset,
904 3542 939 3607 et
954 3539 1013 3606 ille
1029 3537 1073 3606 ad
1089 3557 1186 3606 suam
1204 3539 1406 3622 potestatem
1423 3539 1517 3604 terra
1541 3536 1616 3622 ipsa
1639 3540 1674 3604 et
1694 3537 1773 3622 ipsa
1789 3537 1932 3605 ecclesia
1954 3539 2132 3616 retineret,
2147 3538 2265 3604 omnia
2280 3539 2357 3606 eius

500 3695 580 3761 exet
598 3695 773 3778 potestati,
792 3691 882 3759 sicut
897 3691 1094 3776 supradicte
1108 3691 1354 3775 scriptionibus
1371 3691 1562 3756 continunt.
1581 3691 1616 3757 et
1631 3690 1712 3756 dum
1724 3691 1839 3756 multa
1856 3709 1899 3757 ex
1916 3709 1955 3755 oc
1980 3691 2229 3758 contentionem
2252 3691 2362 3756 abeu-

499 3846 552 3912 tes
569 3844 659 3911 iuter
676 3863 724 3922 se,
739 3861 802 3928 per
815 3842 1019 3927 colloquium
1033 3857 1201 3908 nouorum
1213 3840 1364 3908 ominum
1382 3840 1629 3925 perbenierunt
1645 3840 1771 3908 exinde
1782 3841 1824 3906 ad
1838 3841 2096 3920 combenientia,
2112 3843 2201 3908 sicut
2212 3841 2358 3908 iuferius

500 3997 665 4075 declarat,
686 4001 720 4064 et
735 4013 797 4065 uos
812 3999 845 4063 et
862 3995 932 4064 illis
948 4014 987 4062 ec
1003 3997 1122 4062 omnia
1139 3996 1414 4082 supradictorum
1433 3995 1577 4080 gloriosi
1602 3994 1817 4079 principibus
1842 3997 2053 4081 rectnlimus3
2071 3999 2104 4060 et
2129 3996 2199 4062 illis
2222 4013 2360 4078 anguo-

500 4152 625 4228 scente,
644 4149 733 4233 quod
748 4168 832 4233 pars
848 4148 1002 4232 partium
1015 4164 1138 4212 vonum
1155 4147 1345 4224 ebenirent,
1360 4148 1563 4213 solutionem
1581 4145 1749 4213 dederunt
1764 4147 1849 4212 talia
1862 4146 1954 4213 inter
1965 4165 2002 4213 se
2014 4146 2223 4216 laciendum.
2238 4166 2360 4232 regre-

501 4300 531 4366 si
547 4300 593 4367 da
608 4300 678 4368 illis
696 4303 879 4385 utrumque
894 4302 1132 4366 combocantes
1158 4297 1344 4384 subscripti
1373 4299 1505 4366 idoneis
1528 4298 1734 4376 hominibus,
1753 4300 1834 4365 ante
1850 4315 1913 4366 nos
1929 4303 1963 4367 et
1979 4300 2050 4367 illis
2067 4301 2140 4384 ipse
2162 4299 2361 4366 dumnellus

501 4455 606 4520 abbas
633 4455 833 4522 sublaxabit
856 4453 896 4519 ad
923 4453 1037 4537 ipsum
1061 4453 1218 4520 abbatem
1242 4450 1388 4536 predicti
1405 4451 1604 4519 monasterii
1626 4450 1861 4536 supradictam
1877 4451 2170 4536 compositionem,
2188 4469 2361 4538 quamque

501 4603 558 4682 sit,
577 4605 621 4670 ab
638 4621 715 4670 eum
731 4605 864 4682 tollere,
886 4606 922 4669 ut
937 4621 1018 4687 pars
1033 4603 1180 4688 predicti
1197 4601 1397 4670 monasterii
1413 4601 1577 4670 securiter
1592 4601 1672 4669 iude
1694 4608 1864 4689 maneret3
1878 4609 1911 4670 et
1926 4605 2001 4688 ipse
2017 4604 2163 4672 domnus
2175 4603 2362 4674 radoaldus

501 4754 608 4821 abbas
623 4772 700 4819 cnm
717 4754 907 4838 predictum
923 4771 1023 4820 suum
1039 4755 1276 4822 adbocatorem
1294 4772 1357 4838 per
1373 4755 1463 4820 bona
1478 4753 1731 4821 combenientia
1745 4754 1914 4838 obligabit
1925 4771 1962 4820 se
1974 4756 2009 4820 et
2021 4755 2093 4820 suis
2104 4755 2362 4824 successoribus

504 4903 564 4989 qui
582 4905 712 4971 suerint
726 4903 762 4969 in
780 4905 898 4971 codem
915 4905 1123 4972 monasterio
1139 4909 1257 4973 sancte
1274 4905 1384 4972 marie
1399 4909 1434 4972 et
1448 4906 1561 4973 sancti
1586 4905 1766 4983 benedicti,
1785 4907 1843 4991 qui
1866 4907 1914 4972 ibi
1938 4905 2133 4974 dedicatum
2156 4908 2210 4972 est
2233 4905 2290 4972 nbi
2313 4905 2359 4972 ad

501 5073 628 5141 corpus
643 5057 782 5135 dicitur,
802 5056 925 5122 amodo
941 5060 975 5124 et
989 5076 1126 5141 semper
1141 5055 1375 5127 antistandum
1393 5059 1428 5125 et
1442 5057 1689 5126 defensandum
1707 5058 1814 5142 ipsius
1829 5058 1996 5126 dumnelli
2013 5061 2130 5156 abbati
2147 5061 2200 5126 vel
2216 5059 2260 5126 ad
2284 5059 2361 5128 eius

500 5227 713 5280 successores
728 5211 784 5296 qui
802 5210 931 5278 suerint
953 5209 989 5276 in
1015 5211 1091 5295 ipsa
1113 5211 1258 5279 ecclesia
1280 5215 1400 5279 sancte
1421 5211 1544 5288 marie,
1562 5230 1629 5296 que
1652 5213 1813 5296 superius
1836 5212 1988 5280 diximus
2012 5215 2087 5299 ipsa
2109 5191 2235 5280 domna
2257 5214 2361 5282 sibel-

468 5353 471 5362 “
500 5361 598 5444 gaita
613 5379 635 5426 a
650 5335 739 5426 nobo
755 5359 1173 5439 construxit'lundamine
1193 5363 1265 5427 tota
1279 5363 1313 5430 et
1328 5362 1449 5430 inclita
1463 5361 1663 5448 supradicta
1679 5365 1774 5432 terra
1797 5381 1859 5446 per
1882 5363 2080 5448 supradicte
2102 5363 2183 5431 finis
2205 5367 2241 5430 et
2264 5380 2362 5430 meu-

502 5509 598 5576 surie
614 5527 691 5576 cum
708 5510 782 5576 bice
798 5511 841 5578 de
856 5511 934 5596 ipsa
949 5512 1007 5579 bia
1022 5509 1066 5579 da
1084 5513 1195 5579 omnis
1213 5514 1370 5581 homines
1387 5516 1547 5599 omnique
1563 5515 1732 5598 partibus.
1752 5515 1831 5581 etsi
1849 5515 1962 5581 taliter
1978 5515 2057 5582 illut
2071 5531 2138 5580 non
2162 5515 2363 5582 defensabe-

500 5661 560 5741 rit,
590 5664 644 5730 vel
671 5663 793 5746 aliquit
818 5664 943 5752 exinde
969 5667 1147 5735 remobere
1174 5671 1235 5733 aut
1261 5671 1423 5735 contrane
1449 5667 1637 5752 quesierit,
1667 5670 1701 5734 et
1727 5667 1964 5752 quodcumque
1990 5667 2203 5736 causationes
2229 5667 2361 5735 exinde

501 5815 732 5898 preposuerit,
753 5833 814 5898 per
828 5831 921 5882 veria
935 5817 1189 5884 combenientia
1204 5835 1411 5902 componere
1427 5819 1598 5904 obligabit
1609 5819 1737 5903 seipse
1752 5817 1899 5886 rtomnus
1916 5817 2100 5886 radoaldus
2114 5819 2219 5884 abbas
2234 5820 2269 5884 et
2284 5819 2363 5887 suis
