5286 7098
945 586 1320 688 oreromlrrcus
1971 643 2007 704 6,

202 854 437 926 antistandum
460 857 495 924 et
509 851 818 924 defensandum'da
833 855 946 922 omnis
962 855 1092 924 omines
1109 857 1271 944 omnique
1287 859 1457 945 partibus.
1475 863 1505 930 si
1521 867 1647 943 autem,
1667 866 1757 934 sicut
1772 866 1901 936 dictum
1925 872 1988 950 est,
2009 875 2062 940 ta-

202 1009 279 1078 liter
289 1009 371 1078 illut
384 1008 482 1076 vobis
497 1025 566 1077 non
582 1007 884 1088 defensaverimus,
901 1010 961 1076 aut
976 1010 1006 1077 si
1021 1026 1084 1076 nos
1099 1010 1293 1096 nostrisque
1309 1013 1490 1082 heredibus
1516 1017 1829 1104 quomodocumque
1855 1039 1918 1105 per
1941 1027 2061 1108 quale-

202 1177 346 1246 cumque
360 1159 496 1227 ratione
510 1161 737 1244 quesierimus
753 1161 829 1228 illut
841 1162 894 1228 vel
910 1159 1035 1230 exinde
1046 1161 1143 1230 vobis
1155 1163 1278 1230 tollere
1293 1167 1353 1230 aut
1364 1166 1537 1246 eontrare,
1552 1168 1586 1235 et
1597 1169 1834 1256 quodcumque
1847 1175 2060 1244 causationes

203 1311 298 1379 vobis
315 1309 397 1378 inde
420 1311 712 1396 preposuerimus‚
731 1314 812 1378 tunc
839 1312 991 1396 primum
1015 1313 1166 1380 omnium
1184 1317 1316 1398 questio
1332 1317 1367 1382 et
1382 1316 1537 1386 causatio
1551 1321 1672 1386 nostra
1694 1319 1804 1389 modis
1827 1323 1984 1392 omnibus
2001 1325 2062 1394 ad-

207 1466 326 1534 bersus
341 1481 402 1532 vos
417 1464 489 1532 sint
504 1465 631 1533 exindo
643 1465 758 1546 tacita,
775 1467 810 1535 et
825 1464 869 1533 ad
885 1466 1167 1551 compositionem
1185 1468 1315 1537 siamus
1330 1486 1393 1537 nos
1416 1472 1451 1538 et
1474 1472 1602 1540 nostris
1625 1473 1810 1542 heredibus
1833 1476 2002 1561 hobligati
2017 1478 2061 1545 ad
2190 1558 2195 1565 Β

203 1615 477 1702 componendum
493 1615 556 1683 tibi
571 1616 749 1684 nominato
764 1615 906 1684 iohanni
918 1617 1101 1702 presbiteri
1114 1637 1217 1703 quam
1231 1621 1266 1686 et
1277 1618 1321 1686 ad
1335 1597 1410 1688 tuis
1419 1621 1604 1690 heredibus
1616 1623 1742 1708 biginti
1760 1624 1886 1694 solidos
1903 1629 2062 1696 constan-

203 1767 305 1847 linos,
319 1770 365 1845 et,
386 1767 476 1836 sicut
489 1767 619 1834 dictum
634 1769 697 1846 est,
726 1785 788 1852 per
805 1767 925 1836 inbitis
951 1769 1030 1840 illut
1046 1769 1143 1836 vobis
1160 1768 1387 1839 defensemus.
1407 1772 1546 1857 quando
1562 1774 1678 1841 autem
1695 1791 1757 1858 per
1772 1792 1833 1841 vos
1848 1775 1934 1860 ipsis
1950 1779 2063 1846 volue-

203 1921 281 1989 ritis
296 1921 378 1996 inde
393 1938 467 1989 esse
483 1924 643 1990 auctores
665 1921 701 1988 et
726 1919 934 2012 defensores,
964 1923 1168 2006 potestatem
1186 1924 1221 1990 et
1235 1923 1411 1992 licentiam
1427 1924 1557 1992 abeatis
1574 1927 1611 1991 tu
1635 1925 1752 2011 tuique
1776 1926 1961 1994 heredibus
1984 1928 2062 1996 vice

202 2074 323 2140 nostra
337 2073 373 2142 el
386 2071 432 2138 de
445 2073 575 2140 nostris
587 2069 771 2140 heredibus
784 2089 862 2138 curn
877 2074 979 2157 quale
991 2073 1167 2140 monimen
1183 2075 1403 2144 strationem
1420 2073 1502 2142 inde
1518 2077 1623 2144 abere
1639 2077 1834 2160 potueritis,
1851 2078 1887 2143 in
1904 2079 2063 2146 omnibus

204 2225 444 2296 indecausare
459 2229 494 2294 et
515 2226 635 2294 omnia
657 2243 765 2311 agere
788 2229 822 2293 et
845 2226 1026 2311 perficere,
1045 2227 1136 2294 sicut
1150 2228 1253 2297 vultis
1268 2230 1411 2296 etvobis
1428 2229 1506 2298 illos
1520 2232 1634 2308 abere,
1654 2233 1689 2298 et
1704 2250 1767 2316 per
1791 2249 1850 2320 vos
1872 2232 1940 2318 ipsi
1964 2231 2062 2300 siatis
2105 2297 2108 2304 ,

205 2379 285 2448 inde
299 2382 455 2448 auctores
471 2379 727 2468 eldefonsores3
740 2396 820 2447 nam
837 2379 974 2464 quando
990 2397 1054 2448 nos
1077 2381 1159 2448 inde
1174 2383 1330 2450 auctores
1354 2381 1458 2450 abere
1472 2383 1682 2468 quesieritis,
1702 2401 1764 2452 nos
1781 2387 1894 2454 aretem
1919 2385 2064 2453 nostris-

204 2553 268 2620 que
283 2535 366 2602 flliis
382 2539 417 2602 et
432 2535 575 2604 heredes
590 2534 840 2621 adimpleamus
855 2536 953 2605 vobis
975 2537 1171 2623 vestrisque
1187 2537 1369 2608 heredibus
1386 2538 1515 2618 omnia,
1534 2541 1701 2624 quantum
1725 2542 1760 2606 et
1782 2539 1951 2624 quomodo
1966 2558 2064 2624 supe·

203 2687 278 2754 rius
292 2687 435 2772 legitur.
462 2688 498 2754 et
519 2687 582 2754 tali
606 2686 752 2757 hordine
775 2690 809 2757 te
831 2693 950 2774 petrus
971 2692 1130 2760 notarius
1150 2693 1303 2762 scribere
1317 2691 1526 2777 rogavimus.
1547 2695 1662 2759 actum
1680 2694 1826 2759 salerno.

262 2811 373 2926 †ego
389 2839 492 2907 lando
590 2899 594 2907 .

261 2963 290 3078 †
304 3011 371 3078 ego
386 2993 477 3060 maio

262 3117 369 3231 †ego
385 3147 527 3216 ioannes

261 3271 291 3383 †
306 3316 372 3384 ego
383 3301 501 3384 petrus

262 3423 375 3538 †ego
391 3451 587 3520 romoaldus
603 3469 658 3519 me
674 3452 873 3536 subscripsi.

1012 3956 1239 4035 CCLIX.

945 4319 951 4330 x
984 4202 1040 4278 A.
1078 4201 1127 4278 D.
1167 4199 1271 4279 969.

262 4441 346 4578 †ln
357 4493 498 4560 nomine
514 4490 644 4560 domini
662 4491 837 4558 tricesimo
848 4490 996 4576 septimo
1008 4507 1101 4558 anno
1114 4490 1332 4576 principatus
1344 4489 1460 4558 domni
1472 4491 1583 4558 nostri
1595 4491 1711 4575 gisolfi
1724 4491 1869 4576 gloriosi
1881 4492 2064 4578 principis,
2117 4495 2118 4501 ’

204 4663 322 4713 mense
337 4645 474 4729 magius
490 4642 694 4712 duodecima
708 4629 908 4710 indictione.
927 4643 964 4710 in
988 4642 1221 4711 sacratissimo
1245 4641 1459 4712 salernitano
1483 4642 1613 4727 palatio
1637 4645 1719 4712 ante
1741 4662 1797 4711 me
1819 4648 1939 4729 petrus
1962 4646 2066 4714 iudex

206 4801 347 4868 ostensa
362 4799 415 4866 est
431 4815 500 4865 una
515 4798 645 4864 cartula
660 4813 723 4881 per
740 4814 841 4864 ursus
858 4797 1059 4864 atrianerise
1075 4797 1168 4863 filius
1183 4795 1354 4881 quondam
1370 4795 1500 4862 marini
1517 4794 1622 4863 iudici
1645 4797 1893 4876 continentem,
1918 4799 2067 4883 qualiter
2196 4847 2202 4856 .

206 4949 436 5019 adelmundus
457 4949 551 5018 lilius
574 4947 767 5034 aghenardi
791 4947 986 5016 donaberad
1010 4949 1120 5034 ipsius
1143 4948 1216 5017 ursi
1239 4947 1282 5016 de
1304 4951 1401 5017 terra
1423 4948 1546 5026 bacua,
1571 4947 1660 5034 quod
1683 4949 1790 5018 habui
1813 4951 1986 5018 inlocum
2010 4952 2067 5018 be-

205 5105 273 5172 teri
297 5104 426 5174 finibus
449 5101 672 5171 salernitanis
694 5103 786 5170 intus
809 5102 888 5186 ipsa
910 5102 1061 5182 civitate,
1087 5103 1145 5188 qui
1169 5102 1234 5170 luit
1257 5102 1373 5187 ibique
1396 5101 1434 5169 in
1457 5103 1565 5172 betori
1588 5119 1651 5187 per
1674 5119 1713 5171 as
1734 5101 1815 5169 finis
1837 5103 1871 5170 et
1892 5103 2066 5173 mensurio

208 5257 295 5327 illud
317 5257 351 5324 ei
373 5255 512 5325 donabit
538 5274 561 5324 a
582 5274 664 5340 pars
686 5222 947 5340 septemtrionis
968 5257 1038 5324 flue
1060 5258 1160 5324 terra·
1177 5255 1287 5340 ipsius
1309 5255 1402 5335 ursi,
1428 5253 1516 5340 quod
1546 5259 1651 5323 autea
1679 5255 1753 5344 ipse
1782 5252 2008 5323 adelmundus
2033 5256 2066 5324 ei

206 5408 346 5488 donavi,
373 5411 425 5478 est
448 5407 529 5476 inde
550 5408 643 5494 passi
666 5407 923 5494 quadraginta:
949 5410 994 5478 ab
1018 5409 1151 5478 oriente
1166 5407 1236 5476 fine
1251 5405 1341 5494 quod
1356 5424 1448 5475 nunc
1463 5405 1591 5474 retinet
1605 5404 1748 5476 heredes
1763 5406 1866 5491 petri,
1880 5409 1915 5475 et
1937 5407 1983 5476 da
1998 5408 2067 5478 flne

208 5564 320 5649 ipsius
342 5564 417 5632 ursi
441 5563 478 5632 in
501 5565 601 5649 supto
623 5562 714 5648 passi
738 5564 862 5631 nobem
888 5580 996 5648 usque
1018 5562 1132 5632 medio
1154 5563 1296 5648 pariete,
1322 5561 1381 5648 qui
1396 5559 1444 5628 ibi
1467 5562 1528 5640 est,
1554 5561 1669 5628 minus
1691 5561 1815 5646 gubitu
1838 5579 1922 5648 unu3
1948 5563 1983 5629 et
2004 5579 2068 5648 per

205 5689 283 5802 ipso
306 5717 441 5803 pariete
463 5718 663 5786 rebolbente
685 5716 723 5784 in
747 5716 906 5803 partibus
929 5715 1117 5786 occidentis
1139 5715 1233 5802 passi
1257 5712 1455 5800 quadtuor‚
1481 5715 1516 5780 et
1537 5711 1584 5780 da
1608 5692 1768 5798 completi
1791 5714 1859 5798 ipsi
1892 5713 2066 5800 quadtuor

209 5867 302 5952 passi
324 5870 457 5936 rectum
479 5866 707 5939 descendente
729 5871 766 5936 in
788 5869 944 5955 partibus
966 5869 1131 5946 meridie,
1157 5885 1264 5954 usque
1286 5865 1370 5936 hubi
1393 5865 1586 5950 complent,
1613 5863 1707 5949 passi
1736 5865 1860 5934 nobem
1884 5868 1920 5932 et
1942 5865 2067 5949 gubitu
