5252 7102
562 595 623 655 992
1227 569 1388 642 CODEX
1427 568 1659 640 CAVENSIS

515 837 603 888 uxor
620 818 810 906 supradicti
825 816 944 884 domni
969 815 1113 882 iohanni
1138 813 1283 898 gloriosi
1306 809 1476 897 principis
1500 811 1537 876 in
1560 813 1654 880 terra
1677 809 1788 878 eidem
1811 809 1935 878 domne
1958 809 2141 897 sikelgaite
2163 813 2378 896 principisse

408 960 411 966 ’
514 971 741 1055 pertinentes,
759 987 826 1054 que
841 969 908 1035 tuit
922 970 1019 1035 terra
1036 968 1112 1070 ipsa
1128 964 1331 1032 monasterii
1348 966 1467 1032 sancte
1483 965 1593 1030 marie
1610 965 1644 1031 et
1655 965 1766 1032 sancti
1783 963 1954 1031 benedicti
1969 966 2056 1034 situs
2072 965 2165 1034 intus
2180 985 2220 1034 ec
2235 968 2378 1038 cibitate

513 1123 662 1198 salerne,
681 1123 715 1187 et
730 1119 945 1205 perrexisset
966 1118 1116 1186 adeum
1146 1116 1365 1202 supradictus
1392 1116 1538 1182 domnus
1566 1115 1785 1200 guaimarius
1811 1116 1974 1202 princeps
2001 1121 2036 1186 et
2061 1119 2229 1188 iohannes
2254 1139 2374 1190 comes

512 1275 675 1359 germani
691 1273 757 1340 filii
774 1270 963 1357 supradicti
980 1269 1098 1338 domni
1114 1267 1258 1336 iohanni
1274 1271 1308 1338 et
1323 1269 1446 1336 domne
1460 1267 1654 1352 sikelgaite,
1669 1269 1704 1334 et
1718 1265 1889 1335 dixissent
1904 1269 1941 1335 in
1957 1269 2077 1337 eadem
2094 1275 2237 1340 ecclesia
2252 1278 2377 1344 sancte

511 1427 637 1503 marie,
656 1425 721 1492 deo
748 1426 955 1510 placentem,
975 1421 1118 1489 clericos
1146 1423 1181 1488 et
1208 1421 1365 1486 abbatem
1394 1420 1442 1485 ibi
1467 1419 1660 1486 domnellus
1686 1419 1858 1503 presbiter
1885 1419 2060 1492 ordinatos
2087 1424 2215 1503 aberet,
2234 1428 2270 1492 et
2295 1427 2375 1512 ipse

512 1579 708 1646 dumnellus
725 1578 830 1644 abbas
847 1594 924 1642 cum
941 1575 1008 1658 ipsi
1025 1572 1085 1640 alii
1103 1571 1232 1648 clerici,
1251 1569 1315 1636 deo
1338 1569 1542 1648 auxiliante,
1563 1569 1700 1637 laudem
1716 1570 1848 1638 domini
1866 1571 1990 1640 cotidie
2005 1573 2212 1660 aufererret5
2231 1579 2265 1644 et
2281 1577 2375 1646 inter

511 1729 600 1795 aliut
611 1727 858 1803 continentem,
874 1723 1061 1808 recepisset
1074 1723 1148 1805 ipse
1159 1721 1304 1788 domnus
1319 1720 1583 1805 arhiepiscopus
1595 1721 1638 1786 da
1654 1721 1721 1804 ipsi
1737 1723 1896 1805 germani
1915 1723 2020 1789 libras
2035 1722 2155 1790 decem
2176 1724 2218 1793 de
2244 1745 2374 1810 argen-

512 1882 599 1956 tum,
614 1881 648 1945 et
664 1877 738 1961 ipse
754 1876 898 1942 domnus
915 1875 1179 1957 arhiepiscopus
1194 1889 1259 1955 pro
1274 1871 1389 1938 taliter
1405 1888 1468 1954 per
1484 1881 1574 1936 roua
1589 1871 1840 1938 combenientia
1855 1871 2055 1940 tradidisset
2077 1877 2112 1941 et
2134 1876 2374 1945 confirmasset

511 2027 555 2095 ad
572 2028 746 2114 predictos
763 2042 950 2112 germanos
965 2023 1168 2108 supradicta
1185 2022 1331 2089 ecclesia
1346 2025 1462 2088 sancte
1478 2022 1595 2102 marie,
1614 2022 1702 2109 quod
1719 2024 1797 2107 ipsa
1812 2021 1940 2116 domna
1954 2023 2136 2108 sikelgaita
2159 2028 2372 2112 principissa

510 2180 548 2246 in
565 2179 642 2264 ipsa
658 2185 754 2246 terra
777 2196 839 2246 sua
862 2179 970 2243 bacua
992 2177 1086 2241 inira
1101 2173 1299 2259 supradicto
1315 2192 1416 2240 muro
1432 2178 1464 2241 et
1480 2177 1651 2242 muricino
1668 2174 1712 2241 ad
1736 2176 1870 2243 culmen
1893 2178 1927 2242 et
1949 2175 1993 2242 ad
2017 2175 2268 2245 dedicationem
2291 2196 2373 2263 per-

510 2329 624 2407 duxit,
643 2335 677 2396 et
700 2347 819 2395 omnes
842 2328 930 2394 alias
954 2326 1128 2402 ecclesias,
1155 2344 1221 2409 que
1244 2326 1394 2393 subiecta
1417 2329 1452 2392 et
1474 2326 1686 2410 pertinentes
1709 2328 1788 2392 sunt
1811 2328 1846 2393 et
1868 2327 1997 2394 suerint
2020 2329 2058 2394 in
2080 2327 2201 2396 eadem
2222 2330 2371 2398 ecclesia

509 2482 630 2547 sancte
647 2481 766 2558 marie,
785 2481 824 2544 ut
851 2479 945 2543 omui
972 2480 1128 2560 tempore
1154 2481 1269 2542 essent
1295 2477 1332 2541 in
1359 2479 1529 2560 potestate
1556 2477 1712 2561 ipsorum
1739 2477 1901 2562 germani
1928 2479 2031 2545 etde
2058 2479 2196 2546 illorum
2223 2480 2370 2548 heredes

509 2629 710 2709 tenendum,
740 2627 945 2712 regendum,
964 2626 1241 2711 gubernandum,
1261 2628 1470 2711 presbiteros
1494 2631 1528 2694 ct
1551 2629 1705 2706 clericos,
1732 2630 1849 2712 quales
1872 2631 1907 2695 et
1929 2632 2076 2712 quantos
2098 2629 2277 2708 volueriut,
2305 2632 2371 2697 ibi-

509 2779 586 2846 dem
604 2778 831 2845 ordiuandum
848 2781 882 2845 et
898 2775 1180 2862 permanendum,
1195 2776 1363 2860 quomodo
1380 2780 1414 2844 et
1429 2778 1578 2863 qualiter
1594 2779 1779 2845 voluerint.
1796 2781 1831 2846 et
1845 2781 1887 2856 si,
1903 2778 1991 2862 quod
2008 2780 2107 2856 absit,
2123 2779 2189 2864 ipsi
2207 2781 2371 2863 germani

510 2934 564 2997 vel
581 2932 719 2997 illorum
737 2931 882 2998 heredes
898 2930 935 2996 in
952 2928 1073 2996 eadem
1091 2927 1237 2994 ecclesia
1252 2931 1368 2996 sancte
1384 2931 1496 3022 marie
1511 2903 1639 3014 absque
1656 2931 1750 2996 omni
1766 2931 1908 2997 sorbitio
1932 2935 1966 2998 et
1989 2929 2126 2996 datione
2149 2932 2310 2997 abbatem
2333 2934 2372 2996 et

504 3082 651 3149 clericos
675 3099 813 3166 semper
840 3099 912 3148 non
939 3080 1076 3147 abuerit
1102 3080 1291 3157 ordinatos,
1315 3084 1351 3145 ut
1377 3081 1415 3146 in
1441 3097 1502 3147 suo
1529 3080 1652 3164 vigore
1678 3083 1713 3146 et
1740 3080 1861 3146 ordine
1888 3082 2144 3164 permanerent,
2164 3081 2368 3163 potestatem

506 3235 622 3300 aberet
638 3233 713 3317 ipse
729 3232 922 3300 domnellus
937 3233 1108 3318 presbiter
1123 3234 1158 3298 et
1175 3234 1279 3298 abbas
1295 3232 1416 3299 diebus
1431 3233 1502 3298 vite
1518 3250 1579 3298 sue
1594 3231 1740 3300 ecclesia
1755 3231 1831 3316 ipsa
1846 3233 1965 3298 tenere
1979 3249 2057 3297 cum
2070 3231 2206 3298 clericis
2218 3233 2369 3316 quantos

504 3385 633 3451 ibidem
646 3387 750 3452 abere
763 3387 918 3464 voluerit,
934 3389 967 3454 et
982 3385 1140 3451 ordinem
1153 3385 1421 3452 ecclesiasticum
1438 3385 1561 3451 ibidem
1575 3387 1699 3464 lacere,
1715 3386 1857 3469 qualiter
1869 3385 2030 3464 voluerit,
2045 3386 2173 3470 absque
2185 3385 2370 3453 cuiuslibet

504 3537 750 3604 contrarietate
766 3540 819 3604 vel
836 3538 1073 3620 requisitione,
1093 3541 1127 3606 et
1142 3540 1179 3604 in
1196 3539 1270 3622 ipse
1287 3539 1355 3606 alie
1378 3540 1530 3617 ecclesie,
1551 3542 1588 3606 ut
1610 3540 1769 3622 superins
1792 3539 1921 3605 dictum
1945 3542 2008 3615 est,
2027 3539 2178 3604 subiecta
2200 3540 2236 3604 et
2258 3535 2369 3620 perti-

505 3688 628 3755 nentes
642 3686 683 3754 de
699 3688 775 3771 ipsa
786 3686 932 3755 ecclesia
944 3690 1062 3754 sancte
1077 3689 1188 3754 marie
1204 3691 1416 3772 presbiteros
1432 3689 1677 3768 ordinandum,
1692 3689 1841 3774 qualiter
1857 3689 2014 3755 volucrit.
2030 3689 2064 3756 et
2075 3689 2104 3755 si
2121 3688 2196 3772 ipse
2210 3687 2369 3756 dunrnel-

503 3840 557 3905 lus
573 3841 691 3916 abbas,
707 3842 844 3907 bibente
860 3860 908 3919 se,
924 3842 1073 3908 boluerit
1089 3843 1208 3910 iacere·
1218 3843 1252 3908 et
1267 3845 1369 3910 abere
1384 3845 1508 3910 abbate
1525 3844 1563 3911 in
1579 3843 1657 3928 ipsa
1672 3844 1818 3910 ecclesia
1833 3845 1954 3910 sancte
1970 3844 2090 3920 marie,
2105 3843 2165 3926 qui
2177 3843 2255 3925 post
2271 3841 2368 3907 illius

502 3990 659 4056 hobitum
678 3991 775 4058 illam
791 3994 825 4058 et
840 3993 1038 4077 supradicte
1054 3995 1122 4060 alie
1139 3995 1281 4062 ecclesie
1296 3999 1414 4064 tenere
1430 3998 1465 4062 et
1481 4013 1606 4080 regere
1621 3996 1655 4064 et
1670 3997 1865 4080 gubernare
1887 3993 2037 4076 deberet,
2054 3994 2222 4077 potestate
2245 3992 2366 4057 aberet

383 4173 386 4182 ·
502 4157 560 4209 eos
576 4143 692 4210 iacere
707 4146 741 4209 et
756 4144 930 4224 ordinare,
950 4147 1098 4230 qualiter
1124 4146 1290 4234 uoluerit3
1308 4151 1341 4215 et
1364 4149 1393 4214 si
1418 4148 1494 4231 ipse
1517 4149 1685 4225 abbatem,
1704 4148 1763 4232 qui
1787 4115 1850 4232 per
1874 4148 1986 4230 ipsum
2009 4145 2203 4214 dumnellus
2225 4145 2262 4210 iu
2285 4143 2365 4228 ipsa

502 4296 649 4362 ecclesia
667 4296 848 4365 ordinatus
863 4298 985 4377 suerit,
999 4301 1077 4384 post
1092 4300 1249 4366 hobitum
1266 4299 1376 4384 ipsius
1391 4299 1559 4367 dumnelli
1572 4301 1678 4366 alium
1696 4301 1852 4366 abbatem
1869 4300 2078 4366 constituere
2093 4300 2251 4378 voluerit,
2269 4299 2367 4382 pote-

503 4449 637 4520 statem¹
647 4450 766 4516 aberet
781 4450 909 4538 ibidem
925 4453 1050 4519 abbate
1066 4453 1181 4521 facere
1196 4455 1231 4519 et
1247 4452 1420 4532 ordinare,
1439 4452 1607 4538 quomodo
1622 4455 1657 4520 et
1679 4453 1829 4537 qualiter
1853 4450 2014 4528 voluerit,
2032 4453 2069 4516 ut
2092 4451 2183 4518 omni
2210 4453 2368 4533 tempore

505 4595 549 4663 de
565 4599 689 4668 abbate
705 4601 745 4668 in
761 4603 945 4670 abbatibus
961 4606 995 4670 et
1011 4603 1054 4670 de
1080 4622 1293 4673 successores
1320 4606 1357 4670 in
1385 4605 1637 4672 successoribus
1664 4605 1701 4670 in
1727 4603 1845 4672 eadem
1872 4603 2017 4672 ecclesia
2043 4602 2298 4686 adimpleantur
2327 4605 2364 4666 et

502 4747 758 4819 constituantur
774 4753 812 4819 in
826 4770 887 4822 suo
903 4753 1048 4821 arbitrio
1063 4757 1097 4824 et
1111 4757 1296 4840 potestate3
1314 4759 1348 4822 et
1363 4757 1392 4822 si
1408 4757 1451 4822 de
1474 4757 1595 4822 abbate
1610 4755 1646 4820 in
1662 4755 1853 4833 abbatibus,
1872 4753 1915 4821 de
1930 4769 2144 4820 successores
2167 4752 2204 4816 in
2227 4769 2362 4818 succes-

500 4901 639 4968 scribus
655 4902 771 4972 taliter
786 4906 915 4972 lactum
930 4907 965 4974 et
980 4907 1185 4991 completum
1202 4925 1272 4974 non
1286 4907 1399 4986 luerit,
1419 4907 1707 4992 congregationes
1723 4907 1938 4985 clericorum,
1953 4905 2012 4990 qui
2029 4906 2066 4971 in
2080 4904 2200 4973 eadem
2215 4903 2363 4970 ecclesia

500 5059 646 5137 luerint,
661 5060 866 5143 potestatem
881 5061 998 5128 aberet
1012 5045 1150 5144 semper
1165 5062 1302 5128 abbates
1318 5063 1408 5128 inter
1423 5081 1460 5129 se
1476 5063 1648 5146 eligerent
1662 5064 1697 5128 et
1713 5061 1827 5129 facere
1843 5065 1878 5127 et
1893 5061 2067 5140 ordinare,
2082 5058 2229 5144 qualiter
2246 5060 2361 5125 volue-

500 5209 549 5275 rit
564 5207 607 5277 de
630 5211 904 5296 congregatione
927 5212 965 5277 in
989 5213 1273 5297 congregatione,
1291 5216 1326 5280 et
1352 5213 1509 5282 omuibus
1535 5213 1647 5281 modis
1673 5215 1748 5297 ipse
1763 5213 1906 5280 ecclesie
1931 5212 2085 5279 subiecta
2097 5213 2132 5278 et
2147 5209 2360 5295 pertinentes

500 5357 620 5450 eadem
637 5362 779 5429 ecclesie
795 5365 913 5431 sancte
930 5363 1041 5431 marie
1057 5345 1273 5444 ordinarent,
1291 5369 1330 5432 ut
1353 5365 1553 5434 inordinate
1570 5383 1640 5433 nou
1664 5369 1896 5451 remanerent3
1913 5367 1947 5432 et
1969 5365 2072 5448 quale
2092 5361 2303 5448 presbiteros
2325 5364 2361 5430 et

500 5508 646 5578 clericos
662 5530 726 5596 per
740 5514 809 5598 ipsi
825 5516 985 5600 germani
999 5519 1034 5584 et
1050 5535 1111 5601 per
1128 5516 1270 5585 illorum
1287 5517 1431 5586 heredes
1458 5517 1495 5584 in
1521 5517 1640 5585 eadem
1669 5517 1813 5584 ecclesia
1838 5519 1957 5583 sancte
1984 5515 2093 5582 marie
2119 5515 2172 5582 vel
2201 5529 2263 5598 per
2290 5509 2360 5597 ipsi

497 5661 680 5730 abbatibus
704 5667 766 5732 aut
788 5669 1043 5737 successoribus
1066 5671 1120 5736 vel
1142 5669 1230 5755 ipsis
1253 5670 1432 5737 abbatibus
1457 5669 1609 5738 ordinati
1625 5670 1766 5746 suerint,
1787 5671 1840 5736 vel
1864 5667 1908 5736 ad
1931 5667 2000 5752 ipsi
2023 5665 2218 5752 presbiteri,
2236 5663 2296 5748 qui
2322 5665 2361 5730 in

503 5811 702 5896 supradicte
724 5817 793 5884 alie
816 5818 969 5896 ecclesie,
989 5821 1027 5884 ut
1048 5817 1175 5885 dictum
1199 5821 1263 5895 est,
1283 5821 1412 5886 fuerint
1435 5819 1598 5894 ordinati,
1624 5821 1754 5886 nullam
1780 5819 1962 5903 angariam
1987 5823 2048 5885 aut
2071 5817 2250 5885 serbitium
2274 5835 2359 5900 pars
