5216 7092
606 530 667 588 neo
1281 513 1444 586 connx
1488 489 1722 588 clvn'nsrs

563 755 656 823 dicte
673 755 827 834 ecclesie,
846 755 936 822 sicut
954 756 1118 824 ballitellu
1134 756 1330 824 discernit:
1349 757 1524 827 desubtus
1541 759 1609 824 fine
1626 758 1716 844 quod
1732 761 1879 828 retinuit
1894 761 2120 846 truppoaldus
2143 763 2299 844 sculdais,
2321 769 2398 838 sicut

515 965 517 970 .
563 911 734 978 ballitellu
751 909 925 976 discernit
940 915 975 978 et
997 912 1163 979 termines
1187 913 1259 978 ficti
1287 915 1380 981 sunt:
1399 915 1443 979 ab
1470 912 1655 981 occidentis
1681 913 1762 992 fine,
1780 914 1869 999 quod
1897 915 2052 983 retinunt
2077 915 2142 983 filii
2168 920 2255 1002 petri
2281 924 2312 988 et
2335 923 2397 1008 ipse

562 1063 693 1148 petrus
712 1063 806 1133 sicut¹
817 1065 1032 1149 aliquantum
1050 1066 1161 1134 limite
1178 1069 1213 1134 et
1229 1067 1392 1136 termines
1407 1066 1586 1134 discernit.
1604 1086 1668 1151 per
1683 1069 1759 1152 ipse
1774 1068 1855 1135 finis
1871 1067 2024 1136 funditus
2042 1069 2120 1137 illut
2134 1087 2250 1138 eorum
2265 1073 2397 1144 tradide

560 1219 642 1281 runt
659 1213 701 1281 ad
722 1233 829 1299 usque
845 1213 963 1282 decern
984 1219 1067 1282 anni
1083 1217 1245 1302 completi
1262 1217 1402 1284 illorum
1421 1217 1500 1283 exet
1517 1217 1687 1300 potestate
1702 1217 1780 1284 illut
1794 1217 1982 1286 tenendum
1998 1221 2033 1286 et
2055 1220 2300 1304 pastenandum
2320 1226 2397 1293 abel-

560 1367 728 1456 lanietum
739 1388 749 1454 3
768 1370 802 1434 et
817 1369 861 1433 ad
885 1369 1045 1453 completi
1063 1369 1132 1452 ipsi
1147 1368 1264 1435 decem
1281 1368 1363 1471 anni
1380 1367 1449 1434 illis
1464 1369 1500 1442 et
1515 1369 1586 1437 suis
1608 1367 1792 1436 heredibus
1814 1371 1933 1435 aberet
1955 1369 1992 1434 in
2014 1371 2089 1436 tota
2112 1369 2190 1454 ipsa
2210 1373 2300 1438 terra
2319 1375 2397 1440 intro

560 1520 634 1604 ipse
650 1521 730 1587 finis
746 1520 872 1587 sactum
889 1523 923 1589 et
939 1495 1118 1605 operatum
1136 1521 1394 1600 abellanietum,
1414 1521 1503 1587 sicut
1520 1520 1562 1588 de
1576 1523 1690 1588 tantos
1706 1489 1817 1588 annos
1833 1521 1999 1588 meruerit
2013 1523 2052 1587 ut
2067 1522 2151 1591 bene
2174 1523 2298 1606 paread
2317 1527 2395 1592 labo

561 1672 674 1736 ratum
688 1673 723 1736 et
735 1671 922 1757 cultatum3
937 1673 972 1738 et
987 1671 1032 1737 da
1048 1671 1210 1754 completi
1226 1671 1295 1755 ipsi
1312 1670 1430 1738 decem
1448 1671 1531 1736 anni
1548 1671 1582 1736 in
1600 1673 1705 1738 antea
1720 1673 1811 1737 omni
1829 1676 1982 1755 tempore
1999 1671 2070 1738 illis
2085 1673 2222 1757 suisque
2236 1673 2396 1742 heredibus

559 1821 659 1888 illum
676 1823 849 1900 laborare,
870 1826 904 1888 et
920 1825 1063 1900 collare,
1084 1827 1119 1889 et
1134 1823 1265 1888 salbum
1283 1823 1409 1900 lacere,
1438 1823 1472 1888 et
1498 1823 1675 1905 colligere,
1693 1824 1728 1889 et
1753 1823 1908 1889 abellane
1934 1823 2010 1906 ipse
2038 1824 2208 1898 serenare,
2227 1826 2261 1890 et
2280 1826 2396 1892 tertiam

558 1977 693 2058 partem
712 1973 792 2042 inde
807 1973 892 2040 dare
909 1973 952 2040 ad
969 1991 1050 2058 pars
1066 1973 1174 2057 ipsius
1194 1973 1349 2039 ecclesie.
1368 1975 1404 2038 et
1425 1971 1564 2056 quando
1586 1971 1633 2038 da
1654 1971 1723 2056 ipsi
1748 1972 1866 2040 decem
1889 1973 1971 2038 anni
1996 1973 2033 2038 in
2056 1975 2159 2040 antea
2182 1973 2252 2040 illis
2273 1973 2395 2042 bolnerit

559 2125 635 2210 ipso
651 2125 894 2192 abellanietum
911 2125 1078 2205 dividere,
1098 2127 1135 2193 in
1151 2127 1287 2192 tertiam
1304 2127 1440 2210 partem
1458 2143 1516 2192 eos
1539 2123 1695 2191 dividere
1704 2077 1714 2189 v:
1733 2143 1814 2210 pars
1838 2125 1948 2211 ipsius
1968 2125 2113 2193 ecclesie
2135 2125 2269 2192 tolleret
2288 2125 2395 2193 exinde

561 2275 628 2342 due
644 2277 760 2353 sortis
779 2286 813 2346 et
832 2277 970 2344 illorum
986 2276 1282 2380 traderete'xinde
1299 2278 1439 2345 tertiam
1456 2280 1591 2362 partem
1619 2294 1697 2342 cum
1726 2277 1800 2344 bice
1822 2277 1864 2343 de
1889 2277 1944 2342 bia
1969 2295 2051 2363 sua;
2075 2277 2125 2344 sic
2148 2279 2275 2354 tamen,
2291 2279 2325 2342 ut
2344 2295 2396 2343 nec

559 2395 630 2494 illis
646 2445 711 2494 nec
727 2391 1000 2497 suisheredibus
1016 2446 1085 2495 non
1102 2430 1219 2497 aberet
1235 2430 1406 2512 potestate
1422 2429 1623 2512 cuicumque
1639 2445 1696 2494 eos
1712 2427 1810 2514 dare;
1827 2430 1862 2495 et
1878 2428 1906 2494 si
1925 2445 1982 2496 eos
1997 2427 2121 2494 daturo
2137 2426 2282 2504 abuerit,
2301 2428 2395 2496 lacere

563 2577 644 2644 inde
660 2577 751 2644 scire
768 2596 849 2661 pars
864 2579 975 2662 ipsius
992 2580 1136 2646 ecclesie
1151 2598 1215 2664 pro
1231 2580 1310 2646 illut
1325 2577 1512 2646 tollendum
1529 2597 1591 2663 per
1608 2578 1711 2644 tertio
1727 2579 1949 2647 constitutum
1966 2577 2008 2644 de
2024 2577 2205 2644 duodecim
2230 2577 2263 2644 in
2286 2575 2394 2643 duode-

560 2731 629 2796 cim
648 2730 721 2798 dies
740 2748 843 2814 usque
857 2729 932 2797 dies
949 2731 1098 2815 triginta
1112 2750 1185 2800 sex.
1205 2732 1285 2798 etsi
1303 2731 1397 2798 infra
1411 2732 1489 2815 ipsa
1505 2733 1691 2798 constituta
1706 2732 1857 2797 noluerit
1873 2731 1951 2796 illut
1966 2731 2088 2798 tollere
2105 2729 2149 2796 ad
2168 2729 2254 2796 iusto
2268 2695 2409 2796 baliente

563 2884 727 2968 pretium,
747 2886 829 2950 tunc
845 2887 924 2968 post
939 2885 1017 2969 ipsa
1033 2885 1220 2952 constituta
1235 2887 1355 2952 liceret
1372 2885 1440 2954 illis
1456 2903 1515 2952 eos
1530 2885 1614 2953 dare
1630 2885 1684 2950 cui
1701 2885 1866 2971 belnerit3
1883 2902 1963 2951 nam
1982 2884 2010 2950 si
2028 2884 2120 2950 infra
2136 2883 2214 2967 ipsa
2235 2883 2395 2948 constituta

563 3037 767 3123 cuicumque
782 3038 1094 3124 quomodocumque
1111 3040 1189 3106 illut
1204 3038 1337 3108 dederit
1351 3039 1426 3107 sine
1442 3038 1581 3107 licentia
1597 3039 1707 3123 ipsius
1730 3039 1885 3116 ecclesie,
1911 3039 2039 3122 absque
2063 3037 2215 3121 pretium
2230 3034 2396 3102 reberteret

561 3191 604 3258 ad
622 3193 792 3275 potestate
808 3192 917 3276 ipsius
934 3192 1090 3270 ecclesie.
1116 3195 1149 3260 et
1164 3193 1192 3260 si
1210 3191 1252 3258 de
1270 3210 1311 3258 ac
1326 3193 1423 3258 terra
1438 3193 1651 3258 salernitana
1666 3190 1794 3258 exierit
1810 3189 1916 3257 aliubi
1941 3187 2159 3266 abitandum,
2180 3186 2293 3255 inclita
2312 3185 2397 3251 rebus

562 3341 641 3425 ipsa
658 3341 840 3408 robertere
854 3340 898 3408 ad
915 3344 1081 3427 potestate
1097 3335 1206 3426 ipsius
1223 3341 1385 3428 ecclesie3
1400 3343 1435 3407 et
1449 3342 1479 3408 si
1496 3341 1587 3407 intra
1605 3343 1713 3408 tribus
1730 3341 1814 3408 anni
1831 3340 1961 3408 rebersi
1980 3339 2084 3406 fuerit
2100 3341 2132 3406 ic
2150 3339 2193 3406 ad
2207 3320 2394 3412 abitandum,

565 3492 688 3558 inclita
704 3493 779 3576 ipsa
795 3495 981 3560 sortionem
998 3512 1094 3560 suam
1111 3492 1153 3559 de
1171 3491 1327 3576 predicta
1342 3494 1444 3560 rebus
1461 3494 1652 3560 roberteret
1667 3493 1710 3560 ad
1728 3494 1867 3560 illorum
1884 3493 2050 3576 potestate
2065 3489 2236 3556 abendum
2253 3483 2396 3571 in'predi·

562 3653 620 3713 cta
636 3647 783 3712 ratione.
803 3647 837 3712 et
854 3665 930 3713 cum
944 3647 1010 3713 fuit
1022 3648 1148 3713 relecto
1164 3647 1277 3730 ipsum
1295 3647 1446 3724 brebem,
1462 3644 1551 3712 sicut
1566 3664 1673 3729 supra
1688 3644 1853 3726 diximus,
1872 3646 1907 3710 et
1920 3644 2008 3710 aliut
2022 3641 2239 3709 continebad:
2256 3641 2397 3723 scripturn

567 3813 631 3880 per
648 3797 886 3864 constantinus
903 3798 1059 3864 notarius
1074 3801 1109 3864 et
1123 3799 1323 3864 roboratum
1339 3797 1564 3864 sufficienter.
1583 3799 1618 3862 et
1634 3797 1825 3881 peripsum
1843 3797 2001 3862 abbatem
2019 3795 2224 3860 hostensum·
2237 3789 2298 3857 luit
2311 3787 2397 3854 aliurn

566 3947 704 4013 brebem
719 3948 949 4017 continentem
961 3948 1132 4028 similiter,
1147 3947 1233 4033 quod
1247 3949 1314 4034 ipsi
1330 3952 1448 4033 petrus
1463 3951 1498 4015 et
1512 3947 1755 4031 maghenolfus
1770 3947 1986 4015 hemiserunt
2001 3945 2037 4010 in
2054 3915 2212 4030 predicta
2225 3941 2362 4018 ecclesia,
2373 3941 2399 4004 et

565 4103 793 4170 constitutum
809 4121 912 4188 quam
929 4102 997 4186 ipsi
1014 4103 1110 4169 brevi
1127 4104 1317 4182 continent,
1337 4101 1380 4169 de
1395 4103 1473 4186 ipsa
1488 4101 1723 4186 pastenatione
1738 4101 1889 4178 transiit,
1904 4104 1939 4167 et
1955 4099 2030 4184 ipse
2055 4101 2163 4166 abbas
2189 4117 2263 4164 cum
2290 4095 2351 4162 illis
2369 4092 2397 4157 in

563 4253 783 4322 causationes
799 4255 875 4333 suit,
894 4257 1017 4322 utnon
1034 4255 1104 4322 illis
1120 4255 1327 4339 completum
1345 4253 1462 4322 aberet
1478 4253 1521 4320 de
1538 4253 1735 4338 supradicta
1750 4255 1858 4330 terra,
1876 4253 1966 4320 sicut
1981 4251 2154 4334 hobligati
2171 4252 2260 4319 sunt.
2285 4249 2316 4315 et
2335 4245 2400 4312 dum

455 4431 457 4437 ·
566 4422 611 4470 ex
629 4421 671 4468 oc
694 4404 787 4470 inter
811 4421 848 4470 se
871 4406 1110 4472 contentiones
1133 4407 1288 4482 abentes,
1315 4405 1564 4490 perbeniarunt
1587 4403 1715 4470 exinde
1740 4403 1781 4470 ad
1807 4403 2071 4480 combenientia‚
2098 4404 2136 4467 ut
2160 4401 2226 4486 ipsi
2249 4401 2355 4484 petrus
2373 4395 2400 4459 et

567 4554 816 4637 nraghenollus
840 4558 875 4621 et
898 4555 1038 4623 illorum
1062 4508 1208 4624 heredes
1231 4558 1352 4627 aberet
1374 4555 1576 4640 supradicta
1599 4557 1701 4656 rebus
1724 4574 1788 4639 per
1812 4553 2009 4640 supradicte
2032 4554 2114 4620 finis
2136 4572 2199 4638 per
2224 4555 2293 4618 bec
2323 4563 2399 4614 men·

568 4703 687 4769 suria:
706 4707 751 4771 ab
774 4706 853 4790 ipsa
873 4707 943 4774 fine
966 4709 1012 4774 da
1035 4687 1168 4776 oriente
1191 4709 1286 4793 passi
1303 4708 1505 4790 octuaginta
1523 4711 1617 4772 octo:
1637 4707 1680 4774 ad
1705 4709 1783 4792 ipsa
1799 4707 1858 4772 bia
1874 4705 1965 4790 passi
1983 4705 2238 4790 quinquaginta
2252 4698 2398 4788 quadtuor

564 4861 601 4926 et
625 4856 730 4940 pedes
755 4857 926 4943 quadtuor
950 4863 985 4926 et
1007 4861 1207 4928 summisse:
1228 4863 1262 4928 et
1286 4879 1308 4927 a
1331 4880 1415 4945 pars
1438 4861 1729 4927 septemtrionalis
1752 4860 1843 4944 passi
1870 4856 2107 4941 quadraginta
2129 4873 2238 4922 unum
2261 4855 2293 4921 et
2313 4847 2398 4934 pedes

566 5009 647 5076 duo:
683 5013 717 5076 et
747 5029 767 5076 a
795 5029 877 5095 pars
900 5011 1088 5080 occidentis
1110 5031 1230 5099 passos
1253 5015 1447 5099 nonaginta
1468 5013 1559 5092 duc,
1586 5015 1695 5080 totum
1720 5013 1760 5078 ad
1786 5012 1875 5078 iusto
1899 5027 2048 5095 passum.
2074 5027 2135 5093 per
2159 5008 2225 5076 ista
2247 4999 2398 5072 mensoria

567 5164 678 5227 toturn
704 5165 738 5227 et
762 5163 920 5230 inclitum
946 5163 1068 5231 amodo
1091 5169 1124 5233 et
1143 5179 1254 5273 usque
1276 5164 1393 5231 decem
1417 5163 1500 5231 anni
1524 5165 1682 5232 tenerent
1704 5161 1747 5228 ad
1771 5180 1869 5229 suam
1893 5161 2063 5245 potestate
2078 5159 2145 5244 ipsi
2170 5161 2284 5244 petrus
2296 5157 2328 5220 et
2340 5166 2398 5217 ma·

567 5315 752 5396 gnenolsus
778 5318 813 5384 et
839 5316 974 5384 illorum
999 5317 1156 5416 heredes,
1175 5320 1210 5385 et
1226 5317 1339 5384 omnis
1362 5336 1420 5384 sue
1443 5317 1610 5383 hutilitati
1635 5303 1762 5382 ividem
1786 5316 1911 5392 facere,
1930 5315 1965 5380 et
1986 5316 2096 5408 totum
2120 5312 2194 5395 ipso
2215 5301 2398 5376 abellannie

566 5473 639 5535 tum
664 5487 766 5538 arare
789 5472 825 5536 et
848 5473 975 5538 cultore
998 5472 1033 5573 et
1064 5473 1198 5539 salbum
1223 5472 1351 5548 facere,
1384 5471 1418 5538 et
1439 5469 1650 5554 temporibus
1673 5467 1745 5535 suis
1768 5466 1934 5550 colligere
1957 5467 1992 5532 et
2014 5465 2188 5542 secchare,
2222 5463 2256 5529 et
2281 5455 2397 5525 tertiam

564 5627 699 5706 partem
727 5620 809 5689 inde
835 5621 919 5689 dare
946 5620 988 5688 ad
1014 5641 1094 5707 pars
1122 5623 1232 5708 ipsius
1255 5621 1397 5692 ecclesie
1420 5640 1496 5686 curn
1518 5621 1655 5690 tertiam
1679 5620 1813 5706 partem
1836 5617 1880 5684 de
1905 5635 2017 5702 poma,
2036 5617 2095 5702 qui
2119 5613 2243 5682 ividem
2259 5628 2316 5696 per
2330 5609 2398 5674 tem·

570 5793 655 5860 pore
679 5775 798 5862 luerit3
823 5779 858 5868 et
881 5775 924 5842 de
947 5776 1035 5860 quod
1059 5775 1186 5843 ividem
1214 5775 1445 5852 seminaberit,
1465 5772 1571 5840 deant
1593 5773 1721 5840 exinde
1747 5772 1948 5838 terraticum
1974 5769 2017 5837 ad
2045 5787 2128 5854 pars
2151 5769 2255 5852 ipsius
2275 5753 2397 5830 ecclesie
