5286 7098
582 626 623 684 on
673 613 677 624 ·
954 590 956 594 ’
1175 641 1178 648 .
1247 607 1411 681 ooonx
1449 609 1683 683 uuvnusrs

534 873 658 922 unum:
684 872 706 921 a
728 855 882 938 partibus
905 851 1049 921 meridie
1071 852 1142 920 fine
1165 851 1275 938 ipsius
1297 850 1506 932 adelmundi,
1532 857 1583 924 est
1605 851 1686 922 inde
1707 854 1801 939 passi
1824 853 2083 942 quadraginta:
2110 874 2132 924 a
2154 857 2312 942 partibus
2334 875 2390 924 oc-

533 1005 678 1076 cidentis
700 959 861 1072 similiter
885 1003 955 1072 flne
976 1004 1084 1089 ipsius
1107 1002 1318 1082 ademundi,
1343 1007 1396 1075 est
1418 1002 1465 1072 da
1486 1004 1564 1090 ipsa
1578 1007 1675 1073 terra
1697 1003 1787 1091 quod
1810 1004 1884 1092 ipse
1897 1023 1998 1074 ursus
2013 1007 2207 1091 pastenavi,
2234 1007 2272 1074 in
2287 1009 2388 1076 subto

534 1157 626 1242 passi
650 1155 767 1226 decem
790 1160 826 1225 et
847 1159 934 1224 octo.
962 1175 1037 1223 cum
1062 1157 1178 1224 autem
1202 1156 1337 1222 cartula
1360 1157 1437 1241 ipsa
1459 1157 1588 1225 relecta
1609 1157 1686 1236 fuit,
1712 1157 1806 1242 cepit
1828 1156 1900 1242 ipse
1923 1176 2023 1226 ursus
2056 1176 2203 1227 causare
2236 1176 2315 1226 cnm
2338 1161 2388 1226 io-

534 1312 666 1380 hannes
689 1310 780 1378 idem
804 1312 1001 1380 atrianens'e
1023 1309 1095 1378 lilio
1118 1311 1293 1387 iohannis,
1320 1309 1377 1394 qui
1401 1307 1551 1378 booabad
1575 1309 1813 1390 buccabitello,
1839 1309 1991 1409 dicentes
2014 1311 2060 1390 ei,
2078 1313 2117 1378 ut
2131 1313 2205 1398 ipse
2220 1311 2386 1384 iohannes

430 1433 440 1444 ¹
534 1467 569 1532 et
592 1465 789 1533 bominibus
812 1465 886 1536 eius
916 1465 1009 1532 malo
1032 1461 1177 1530 hordine
1201 1461 1377 1531 introisset
1401 1459 1437 1528 in
1460 1460 1617 1546 predicta
1649 1463 1753 1530 rebus
1775 1480 1837 1547 per
1859 1462 2023 1531 iamdicta
2044 1463 2125 1530 finis
2147 1463 2182 1529 et
2204 1463 2387 1531 mensariis

534 1620 569 1684 et
591 1619 687 1685 fobea
709 1617 757 1684 ibi
780 1617 929 1697 fecisset,
955 1619 990 1686 et
1012 1616 1164 1684 frudium
1180 1599 1317 1684 'exinde
1339 1613 1499 1693 tulisset,
1526 1618 1561 1682 et
1583 1614 1668 1682 illud
1691 1615 1724 1683 ei
1747 1615 1916 1684 contravi.
1942 1614 1985 1683 ad
2010 1617 2074 1684 bec
2109 1613 2284 1685 audientes
2316 1615 2389 1700 ipse

536 1771 705 1840 iohannes
728 1771 847 1840 taliter
870 1745 982 1858 ipsum
1006 1789 1105 1840 ursus
1121 1770 1288 1839 adbersus
1311 1787 1349 1837 se
1371 1771 1568 1847 causanter,
1589 1785 1789 1854 responsum
1811 1769 1844 1838 ei
1860 1767 2002 1838 retdidit
2016 1767 2211 1846 dicendum,
2229 1770 2269 1834 ut
2283 1767 2390 1835 nesci·

535 1926 590 1990 ret
606 1923 681 2009 quit
696 1923 777 1993 inde
791 1923 1002 2010 respondere
1017 1925 1092 1992 sine
1107 1923 1360 1991 adbocatorem.
1379 1940 1424 1990 ex
1436 1941 1502 2008 quo
1519 1923 1610 1990 inter
1625 1922 1675 1992 eis
1690 1922 1839 1990 iudicavi
1855 1927 1890 1990 et
1905 1941 1967 2008 per
1990 1923 2108 2007 partes
2130 1921 2201 1988 illis
2223 1917 2390 2006 guadiare

536 2074 617 2152 leci,
637 2076 675 2140 ut
690 2075 764 2178 ipse
777 2075 946 2144 iohannes
958 2076 1106 2161 plicaret
1117 2091 1154 2142 se
1166 2092 1243 2142 cum
1257 2073 1499 2145 adbocatorem
1510 2079 1545 2143 et
1556 2075 1726 2144 rationem
1743 2092 1854 2154 suam,
1869 2077 1903 2144 et
1913 2073 2042 2143 exinde
2054 2071 2264 2158 respondere
2279 2070 2388 2156 ipsius
2478 2085 2482 2094 ·

444 2321 450 2332 ι
537 2225 611 2294 ursi
625 2247 635 2312 3
652 2231 689 2294 et
703 2226 778 2311 ipse
794 2246 894 2296 ursus
909 2225 1072 2296 similiter
1087 2227 1235 2312 plicaret
1257 2249 1294 2299 se
1320 2245 1397 2297 cum
1414 2249 1477 2298 sua
1492 2229 1627 2297 ratione
1643 2231 1678 2297 et
1692 2227 1879 2298 secundum
1895 2229 2009 2312 legem
2024 2227 2115 2294 inter
2131 2243 2168 2292 se
2182 2223 2263 2291 inde
2285 2222 2388 2290 tinem

536 2377 659 2447 facere.
678 2377 794 2446 hunde
809 2379 884 2464 ipse
898 2381 1069 2449 iohannes
1084 2381 1200 2466 posuit
1215 2380 1440 2450 mediatorem
1457 2399 1556 2451 ursus
1571 2383 1747 2466 congreto
1760 2398 1833 2460 sno,
1852 2378 1911 2466 qui
1933 2377 2061 2446 dicitnr
2085 2375 2334 2460 boccapiczole,
2355 2377 2390 2442 et

403 2523 405 2530 '
539 2529 613 2614 ipse
627 2549 730 2600 ursus
746 2534 861 2617 posuit
876 2533 1102 2604 mediatorem
1113 2535 1281 2604 iohannes
1297 2535 1498 2604 atrianense
1513 2535 1603 2603 illins
1618 2533 1722 2619 gotti.
1741 2537 1776 2602 et
1790 2517 1909 2602 taliter
1924 2531 2073 2604 scribere
2089 2531 2231 2600 fecimus
2254 2533 2289 2597 te
2311 2527 2390 2598 ade·

536 2682 626 2749 mari
641 2685 799 2752 notarius
813 2686 872 2770 qui
888 2686 1090 2755 interfuisti.
1577 2645 1581 2652 ι

595 2807 625 2920 †
640 2853 707 2920 ego
722 2838 779 2922 qui
797 2855 902 2922 supra
915 2842 1035 2923 petrus
1051 2839 1166 2908 iudex.

1366 3338 1567 3419 CCLX.

1320 3587 1376 3664 A.
1414 3587 1465 3665 D.
1503 3583 1607 3666 969.

572 3977 573 3981 ¹
599 3841 634 3978 †
659 3898 698 3961 ln
722 3895 862 3961 nomine
876 3893 1008 3961 domini
1031 3879 1122 3960 anno
1144 3891 1320 3961 tricesimo
1334 3891 1482 3977 septimo
1504 3894 1721 3979 principatus
1736 3895 1852 3962 domni
1867 3895 1975 3964 nostri
1992 3897 2106 3983 gisolfi
2130 3897 2281 3981 glorioso
2293 3897 2394 3983 prin-

532 4045 622 4129 cipe,
650 4062 766 4112 mense
788 4044 892 4112 iulius
914 4043 1118 4130 duodecima
1145 4043 1344 4112 indictione.
1365 4046 1645 4113 memoratorium
1669 4047 1761 4114 lactu
1785 4065 1806 4111 a
1829 4065 1884 4115 me
1906 4046 2077 4115 landolfus
2099 4047 2191 4116 filius
2215 4051 2301 4118 bone
2318 4067 2392 4116 me-

452 4263 455 4268 ,
534 4199 645 4267 morie
669 4198 786 4266 domni
810 4197 962 4277 atenolfi,
982 4199 1040 4283 qui
1064 4197 1134 4265 fuid
1159 4199 1320 4283 princeps
1344 4199 1536 4277 benebenti,
1555 4219 1595 4268 eo
1612 4199 1699 4283 quod
1716 4203 1797 4267 ante
1813 4201 1996 4285 supscripti
2020 4203 2121 4271 testes
2144 4219 2233 4270 vona
2253 4219 2317 4270 soa
2331 4203 2392 4268 bo-

533 4353 679 4417 lnmtate
693 4349 824 4434 guadia
841 4351 927 4418 mihi
944 4350 1037 4418 dedit
1056 4369 1136 4419 orsu
1153 4350 1246 4418 filius
1269 4349 1391 4420 stefani
1408 4355 1443 4417 et
1466 4351 1689 4420 mediatorem
1706 4352 1790 4419 mihi
1809 4351 1929 4436 posuid
1947 4371 1983 4421 se
1999 4353 2124 4438 ipsnm;
2142 4355 2177 4420 et
2191 4371 2254 4438 per
2269 4352 2390 4421 eadem

536 4501 664 4588 guallia
680 4503 846 4589 obligabit
861 4522 898 4572 se
914 4505 973 4571 tali
990 4502 1124 4594 ordine.
1144 4505 1180 4571 ut
1197 4500 1320 4570 amodo
1334 4505 1369 4570 et
1385 4519 1493 4588 usque
1509 4503 1658 4589 quinque
1674 4506 1754 4571 anni
1772 4505 1931 4589 completi
1948 4510 2066 4575 tenere
2087 4505 2130 4572 ad
2160 4505 2390 4574 laborandum

534 4673 605 4722 una
620 4657 772 4724 clusoria
787 4656 829 4724 de
845 4660 1032 4726 terrarum
1050 4657 1152 4724 binea
1175 4673 1255 4724 mea
1271 4657 1307 4724 et
1322 4655 1550 4724 castanietum
1567 4674 1635 4722 uno
1651 4627 1817 4735 leniente,
1833 4657 1921 4742 quod
1938 4659 2050 4727 habeo
2066 4659 2101 4724 in
2117 4659 2200 4729 silla
2213 4678 2277 4744 per
2288 4676 2326 4727 ec
2350 4659 2393 4726 fi-

392 4851 400 4866 ·
533 4812 599 4878 nis:
619 4810 660 4879 de
676 4827 744 4877 urla
759 4812 859 4895 parte
875 4810 979 4877 dubio
991 4809 1184 4895 pecentino:
1203 4807 1246 4876 de
1258 4808 1327 4876 alia
1339 4811 1439 4892 parte
1456 4811 1549 4876 berra
1565 4813 1697 4887 nostra,
1717 4813 1750 4876 et
1764 4811 1806 4879 de
1821 4810 1889 4877 alio
1905 4812 2017 4896 capite
2032 4811 2193 4880 similiter
2208 4812 2277 4879 fine
2291 4813 2388 4878 terra

531 4981 618 5040 mea,
638 4961 726 5047 quod
743 4964 903 5046 paratum
921 4963 1004 5030 abeo
1028 4961 1073 5027 da
1097 4957 1324 5038 benedictum,
1344 4963 1379 5028 et
1393 4959 1435 5028 de
1452 4959 1521 5028 alia
1537 4963 1640 5046 parte
1656 4965 1751 5029 terra
1767 4962 1887 5030 baciba
1902 4964 1937 5032 et
1953 4963 2054 5032 binea
2067 4981 2155 5043 mea,
2173 4965 2263 5052 quod
2287 4981 2389 5050 para-

531 5121 604 5183 tum
622 5118 708 5184 abeo
724 5115 770 5182 da
786 5117 954 5182 iohannes
969 5114 1138 5199 presbiter
1155 5112 1248 5181 illius
1263 5111 1357 5180 teudi
1374 5115 1409 5180 et
1423 5111 1469 5179 da
1485 5113 1598 5197 ipsum
1615 5086 1830 5182 benedictulo
1846 5119 1881 5182 et
1896 5113 1939 5182 da
1955 5117 2071 5203 nepoti
2088 5117 2154 5186 sui.
2170 5116 2246 5185 ideo
2260 5119 2332 5183 tota
2345 5128 2385 5182 et

529 5269 650 5336 inctita
666 5271 741 5355 ipsa
756 5273 850 5336 terra
867 5287 943 5335 cum
961 5267 1059 5337 uinea
1075 5269 1109 5336 et
1126 5267 1351 5336 castanietum
1370 5231 1463 5333 infra
1479 5268 1552 5351 ipse
1563 5267 1644 5334 finis
1659 5285 1766 5354 usque
1781 5268 1848 5353 ipsi
1863 5269 2015 5381 quinque
2030 5271 2113 5338 anni
2128 5287 2188 5339 sue
2203 5268 2386 5353 potestatis

413 5471 417 5479 .
530 5426 645 5486 tenere
661 5421 696 5488 et
710 5421 882 5498 laborare,
898 5421 975 5505 ipsa
990 5420 1090 5488 binea
1101 5421 1232 5504 potare,
1251 5417 1377 5502 ligare,
1396 5418 1645 5503 propaginare,
1664 5419 1841 5496 scolciare,
1854 5435 2015 5505 zappare,
2031 5421 2202 5506 inpalare,
2220 5435 2330 5496 arare,
2347 5423 2387 5486 et

530 5573 581 5638 sic
596 5573 670 5639 tota
685 5589 744 5640 eas
760 5573 930 5650 laborare,
949 5575 988 5640 ut
1010 5573 1096 5639 bene
1118 5566 1249 5655 paread
1272 5569 1440 5646 laborata,
1458 5568 1549 5636 sicut
1563 5569 1628 5636 loci
1646 5569 1739 5638 illius
1754 5573 1805 5640 est
1820 5569 2041 5649 consuetudo,
2060 5573 2099 5638 ut
2114 5573 2187 5638 tota
2200 5569 2388 5656 proficiant

529 5729 565 5792 et
581 5743 651 5792 non
666 5722 880 5810 dispereant3
894 5727 928 5793 et
944 5724 1057 5791 omnis
1072 5723 1192 5791 binum
1211 5725 1246 5839 et
1268 5699 1381 5807 pom‘a,
1401 5739 1501 5808 quam
1519 5721 1646 5791 exinde
1667 5723 1811 5802 exierid,
1830 5724 1940 5791 totum
1964 5723 2078 5808 ibique
2101 5723 2143 5791 ad
2170 5723 2386 5808 palmentum

528 5874 687 5944 ‹libidant
703 5893 765 5960 per
782 5875 931 5943 medium
949 5893 1026 5944 cum
1042 5876 1167 5946 missus
1190 5877 1322 5961 nostem
1341 5892 1424 5960 paro
1439 5877 1557 5944 nostra
1574 5875 1677 5942 tollad
1695 5892 1752 5942 eos
1768 5874 2000 5956 medietatem,
2020 5879 2055 5944 et
2069 5876 2128 5944 illo
2151 5874 2384 5944 medietatem:
