5378 7098
562 573 584 620 x
1030 581 1036 594 ·
1166 619 1169 628 ,
1361 547 1593 622 lllONlTUM

508 797 615 881 sima
658 795 915 880 voluntatate
958 805 1177 879 curaverat
1210 795 1255 903 1).
1302 793 1449 906 ltaque
1488 796 1602 907 quod
1640 827 1753 884 nunc
1797 813 1909 886 extat
1949 803 1998 888 de
2040 807 2204 892 cavensi
2244 807 2372 895 Chro-

510 977 605 1062 nico
651 975 864 1091 exemplar
906 974 974 1087 (id
1016 1003 1093 1060 nec
1128 973 1348 1060 Perthium
1390 1002 1528 1090 neque
1560 978 1786 1093 Koepkum
1822 983 1952 1099 sugit)
1985 987 2237 1074 Franciscus
2269 991 2371 1078 Pra-

511 1163 625 1248 tillus
658 1189 680 1246 e
713 1162 895 1275 quodam
927 1159 1115 1272 vulgavit
1158 1159 1397 1274 apographo
1429 1160 1627 1274 undique·
1661 1163 1903 1276 sphalmatis
1945 1167 2121 1264 referto;
2158 1169 2225 1255 cui
2257 1171 2372 1255 nulla

509 1343 749 1430 adhihenda
779 1338 909 1442 fides,
945 1339 1017 1427 ubi
1060 1341 1110 1425 de
1151 1339 1314 1428 Salerni
1347 1339 1585 1454 principum
1618 1343 1881 1430 successione
1914 1345 2077 1433 disserit
2108 1352 2165 1431 At
2207 1351 2258 1434 de
2292 1352 2370 1435 hoe

509 1525 560 1610 ad
606 1523 961 1610 necessitudinem
999 1523 1059 1608 rei
1092 1522 1191 1609 satis
1224 1523 1367 1622 locuti,
1404 1521 1453 1607 ad
1488 1523 1703 1636 inceptum
1734 1542 2008 1612 revertamur.

596 1707 729 1818 Igitur
770 1733 792 1790 e
836 1705 1003 1804 chartis
1051 1731 1158 1818 quae
1201 1705 1311 1788 hinis
1353 1705 1467 1789 hisce
1511 1706 1796 1792 voluminibus
1846 1709 2147 1808 continentur,
2198 1713 2372 1796 omnino
2461 1711 2462 1714 ‘

507 1888 717 2000 liquidum
759 1887 851 1985 erit,
897 1885 1502 1997 blasianam'chronologiam,
1548 1913 1808 1999 quamquam
1850 1889 2041 2002 pluribus
2083 1892 2123 1973 in
2167 1894 2269 1977 locis
2309 1893 2369 1977 di-

505 2095 674 2152 versam
717 2070 769 2154 ah
812 2093 885 2164 ea,
921 2093 1065 2179 ¹quam
1101 2065 1289 2180 plerique
1333 2079 1546 2164 auctores,
1592 2067 1792 2152 Pratillus
1833 2071 2078 2182 praesertim
2125 2085 2161 2156 et
2214 2035 2366 2159 Ianno-

456 2359 459 2366 .
508 2277 600 2346 nm,
637 2261 677 2332 et
709 2248 961 2361 quandoque
995 2247 1253 2333 clarissimus
1284 2248 1541 2333 Muratorius
1573 2249 1781 2347 obtinent,
1816 2251 2036 2336 historicae
2070 2255 2233 2338 veritati
2270 2284 2368 2341 con-

508 2458 669 2528 sonam,
712 2456 924 2543 penesque
966 2429 1156 2516 Blasium
1200 2430 1404 2542 integram
1444 2427 1570 2514 fidem
1613 2457 1703 2516 esse
1745 2431 1795 2515 de
1838 2431 1903 2530 iis,
1950 2459 2061 2544 quae
2104 2436 2155 2519 ab
2183 2435 2369 2521 eruditis
2474 2548 2482 2560 ἡ

511 2611 553 2694 in
595 2609 924 2696 controversiam
965 2609 1100 2694 solent
1142 2609 1307 2694 adduci.
1355 2611 1396 2693 Is
1438 2615 1550 2694 enim
1601 2611 1833 2696 innumeris
1883 2613 2191 2728 propemodum
2243 2615 2370 2700 docu-

508 2791 664 2876 mentis
708 2790 922 2876 Tabularii
967 2790 1161 2875 cavensis
1202 2789 1519 2900 chronologiam
1561 2817 1683 2874 suam
1724 2791 1931 2892 roborat,
1978 2807 2103 2905 atque
2154 2793 2218 2876 his
2265 2823 2369 2912 non-

504 2973 619 3058 nulla
661 2971 782 3056 nohis
825 2969 1061 3084 patefiunt,
1107 2971 1159 3056 de
1200 2971 1354 3084 quibus
1397 2933 1448 3055 ne
1492 2971 1619 3057 verba
1671 2973 1845 3086 quidem
1891 2953 2049 3058 faciunt
2100 2975 2362 3063 Chronistae.

504 3153 690 3240 Proinde
729 3183 751 3239 e
790 3154 1040 3240 cavensioos
1072 3154 1336 3238 documentis
1378 3154 1498 3239 editis
1530 3156 1836 3268 comperimus,
1872 3155 2080 3242 Gisullum
2113 3184 2136 3240 a
2168 3157 2365 3242 Guaima-

504 3335 567 3418 rio
603 3347 717 3449 patre
755 3333 916 3447 imperii
961 3347 1197 3419 consortem
1239 3333 1409 3429 factum,
1446 3301 1591 3418 saltem
1634 3332 1780 3418 decern
1824 3361 1955 3419 annos
1998 3365 2094 3421 cum
2133 3363 2182 3421 eo
2215 3336 2364 3449 princi-

503 3530 649 3628 patum
682 3517 878 3610 tenuisse‚
904 3527 958 3612 et,
992 3527 1109 3628 patre
1141 3483 1352 3614 defuncto,
1380 3543 1488 3599 ainrro
1522 3518 1839 3630 nongentesimo
1873 3517 2196 3631 quadragesimo
2228 3516 2363 3614 tertio,

505 3699 644 3784 solum
681 3724 878 3812 regnasse
922 3696 972 3780 ad
1010 3724 1184 3793 annum,
1231 3725 1313 3807 quo
1358 3693 1614 3780 Paudolsum
1658 3695 1885 3807 Capiferrei
1925 3695 2056 3780 lilium
2107 3665 2364 3811 principatus

445 3993 450 4000 ,
506 3876 667 3961 socium
706 3875 944 3990 assumpsit.
990 3876 1120 3963 Cuius
1162 3876 1222 3958 rei
1264 3901 1405 3969 causa,
1451 3887 1496 3957 ut
1538 3874 1773 3986 principum
1793 3877 2002 3960 successio
2026 3876 2158 3988 magis
2191 3876 2360 3973 clareat,

500 4082 625 4168 supra
670 4058 911 4169 repetenda.

591 4238 823 4349 Postquam
866 4237 1133 4334 Landoll'us‚
1170 4232 1349 4320 Atenolli
1382 4235 1422 4319 ll
1466 4235 1549 4318 iani
1592 4214 1827 4319 Beneventi
1868 4237 2118 4348 Capuaeque
2163 4235 2361 4348 principis

502 4397 628 4512 filius,
665 4417 755 4501 Deo
793 4415 1116 4527 hominibusque
1148 4415 1335 4514 infestus,
1374 4444 1395 4499 e
1434 4443 1625 4528 capuano
1659 4415 1896 4528 principatu
1929 4417 2149 4511 excedens,
2175 4444 2229 4500 se·
2249 4417 2358 4500 Nea·

501 4601 629 4714 polim
675 4600 846 4712 recepit,
883 4601 1087 4699 Gisullus‚
1128 4601 1206 4714 qui.
1243 4629 1265 4682 e
1308 4614 1438 4684 matre
1482 4626 1613 4712 nepos
1654 4611 1771 4698 erat,
1813 4599 2071 4684 avunculum
2120 4599 2355 4694 miseratus,

504 4784 546 4867 in
585 4782 748 4868 Salerni
791 4781 931 4867 aulam
973 4781 1275 4867 humanissime
1317 4781 1496 4895 excepit.
1536 4785 1590 4865 At
1621 4780 1866 4878 landolfus
1902 4780 2006 4868 tanti
2051 4778 2244 4890 beneficii
2284 4780 2357 4862 im-

503 4991 680 5062 memor,
714 4978 755 5050 et
794 4963 1093 5049 salernitanum
1136 4963 1417 5075 principatum
1459 4961 1672 5059 affectans,
1710 4960 1872 5047 Gisullo
1905 4917 2089 5044 insidias
2131 4972 2278 5071 parat;
2319 4970 2360 5042 et

504 5159 625 5231 nocte
667 5146 929 5257 intempesta,
965 5159 1134 5256 captum
1177 5171 1273 5227 cnm
1317 5169 1446 5226 uxore
1478 5142 1682 5236 »Gemma
1715 5141 1757 5224 in
1788 5167 2000 5226 carcerem
2034 5137 2230 5222 detrudit.
2258 5137 2355 5224 Cra-

502 5328 606 5411 stina
651 5340 791 5412 autem
833 5326 897 5410 die
937 5325 1153 5437 utriusque
1198 5339 1329 5408 morte
1374 5322 1627 5408 mendaciter
1671 5323 1881 5436 evulgata,
1915 5349 2012 5404 cum
2053 5317 2138 5403 filio
2170 5345 2262 5410 suo,
2289 5316 2357 5402 cui

585 5743 609 5820 ⁴)
640 5742 749 5805 Series
776 5742 919 5824 Princip:
945 5743 1084 5824 langob:
1116 5745 1288 5806 Praelatio.
1320 5745 1455 5824 Neapoli
1481 5744 1570 5805 1785.
