5216 7092
952 587 1332 664 uruuourrrous
1950 557 2015 670 ‘191

208 835 277 922 ipsi
293 833 486 919 supradicti
504 833 621 902 decem
647 835 731 901 anni
754 831 918 917 completi
941 829 979 897 in
1002 831 1118 908 antea,
1138 829 1218 897 dum
1243 849 1307 900 uos
1322 833 1376 899 vel
1392 833 1519 902 nostris
1542 833 1685 902 heredes
1700 835 1777 919 ipsa
1792 836 1994 921 supradicta
2010 857 2065 908 re·

169 957 170 960 ¹
207 990 268 1055 bus
283 964 403 1055 tenere
418 987 629 1053 voluerimus
645 983 688 1052 ad
713 981 954 1059 lavorandum‚
972 980 1149 1048 licentiam
1164 983 1198 1049 et
1212 983 1415 1066 potestatem
1427 985 1613 1052 habeamus
1629 1003 1688 1052 eos
1699 989 1831 1066 tenere,
1847 993 1882 1055 et
1894 991 2061 1068 lavorare,

206 1143 241 1206 et
256 1139 438 1208 dominare
454 1141 489 1206 et
503 1139 677 1224 frugiare3
691 1140 726 1205 et
741 1153 842 1204 omne
858 1153 987 1203 annum
1003 1134 1047 1202 de
1063 1137 1231 1220 quantum
1248 1136 1366 1203 vinum
1383 1139 1438 1203 vel
1454 1139 1654 1205 terraticum
1669 1103 1794 1210 exinde
1806 1142 1942 1220 exierit,
1959 1147 2065 1210 totum

209 1297 244 1359 et
259 1291 415 1358 inclitum
432 1293 510 1359 illos
527 1290 721 1358 dividamus
737 1290 775 1357 in
791 1291 929 1358 tertiam
946 1291 1101 1374 partem:
1116 1306 1180 1356 nos
1196 1293 1230 1356 et
1246 1289 1374 1356 uostris
1390 1290 1536 1358 heredes
1551 1292 1711 1358 tollamus
1726 1293 1851 1361 exinde
1862 1295 1929 1361 due
1945 1296 2061 1375 sortis,

208 1448 243 1512 et
258 1462 343 1530 pars
358 1447 528 1530 prephato
545 1445 712 1512 hecclesie
729 1445 855 1511 tollant
871 1441 997 1510 exinde
1012 1443 1151 1518 tertiam
1169 1445 1317 1527 partem.
1337 1445 1372 1510 et
1391 1441 1467 1528 ipso
1489 1445 1608 1511 vinum
1631 1464 1695 1530 que
1720 1446 1844 1532 ibidem
1870 1449 2063 1526 fecerimus,

206 1616 341 1666 omnem
359 1616 488 1665 annum
505 1597 547 1664 ad
565 1598 778 1682 palmentum
795 1595 880 1662 illud
896 1595 987 1662 inter
1003 1614 1067 1662 nos
1082 1593 1276 1664 dividamus
1299 1596 1335 1662 in
1359 1596 1501 1662 tertiam
1525 1598 1673 1681 partem,
1692 1600 1726 1666 et
1747 1597 1824 1682 ipsa
1847 1600 1998 1669 sortione
2021 1600 2065 1668 de

206 1751 284 1836 ipso
299 1750 430 1829 vinum,
449 1767 551 1834 quem
567 1748 609 1814 ad
633 1767 717 1834 pars
741 1748 851 1834 ipsius
874 1747 1043 1816 hecclesie
1065 1748 1257 1831 herenerit
1273 1765 1410 1816 omnem
1433 1767 1562 1815 annum
1586 1767 1651 1818 nos
1674 1753 1709 1817 et
1730 1751 1858 1820 nostris
1881 1750 2067 1820 heredibus

203 1923 281 1973 cum
299 1905 403 1973 bobes
419 1906 455 1972 et
470 1922 591 1972 carros
605 1905 640 1971 et
655 1919 809 1988 organea
824 1904 946 1968 nostra
968 1903 1047 1970 illos
1070 1901 1120 1969 eis
1143 1903 1320 1986 portemus
1343 1919 1451 1988 usque
1474 1901 1518 1969 ad
1543 1903 1611 1988 ipsi
1634 1904 1742 1988 pariti
1765 1905 1809 1972 de
1830 1906 1986 1984 nuceria,
2005 1908 2064 1998 ubi

209 2059 398 2127 habuerint
413 2073 569 2143 organea
591 2055 746 2140 reposita
769 2054 812 2122 ad
837 2055 915 2139 ipso
937 2054 1055 2121 uinum
1080 2055 1332 2140 recipiendum,
1351 2059 1385 2124 et
1407 2074 1471 2124 nos
1493 2035 1689 2124 conciemus
1712 2075 1846 2126 omnem
1871 2076 2001 2125 annum
2025 2059 2068 2127 de

207 2216 364 2279 nostrum
384 2209 542 2278 ordinem
559 2211 593 2276 et
608 2207 818 2294 expendium
836 2208 949 2293 ipsum
974 2225 1178 2294 organeum,
1198 2209 1257 2277 ubi
1275 2207 1483 2294 reponamus
1508 2209 1584 2300 ipsa
1607 2211 1760 2278 sortione
1783 2229 1902 2280 eorum
1925 2208 1965 2278 de
1989 2213 2065 2297 ipso

209 2364 330 2432 vinum
347 2381 448 2449 quem
465 2379 486 2428 a
504 2378 567 2429 nos
583 2361 615 2429 ei
630 2363 798 2449 evenerit;
817 2365 851 2430 et
866 2363 980 2446 ipsum
996 2361 1184 2440 hominem,
1202 2380 1270 2447 que
1285 2361 1410 2429 ibidem
1427 2361 1597 2430 direxerit
1612 2362 1654 2429 ad
1670 2363 1744 2448 ipso
1759 2365 1880 2430 vinum
1896 2364 2068 2450 recipien-

205 2519 300 2597 dum,
319 2534 382 2584 nos
399 2533 478 2584 eum
494 2515 691 2584 nutriamus
705 2515 748 2583 de
764 2517 883 2582 nostra
905 2513 1054 2582 vivenda
1076 2513 1265 2582 secundum
1289 2519 1443 2582 nostram
1467 2514 1742 2600 possivilitatem,
1761 2515 1842 2582 dum
1866 2518 2000 2584 steterit
2022 2518 2065 2585 ad

203 2671 284 2755 ipsa
299 2668 475 2738 vindemia
490 2668 534 2736 ad
551 2668 627 2754 ipso
642 2668 760 2734 uinum
777 2667 1025 2752 recipiendum.
1044 2670 1079 2733 et
1095 2666 1125 2734 si
1141 2683 1204 2734 nos
1219 2667 1388 2733 nominati
1412 2667 1592 2745 iohannes,
1610 2665 1722 2747 raccip
1735 2669 1854 2751 petrus
1871 2667 1925 2734 vel
1942 2669 2069 2736 uostris

204 2823 351 2891 heredes
366 2824 485 2891 aforis
501 2824 736 2908 principatum
754 2821 967 2889 salernitano
982 2821 1171 2889 exierimus
1186 2821 1229 2888 ad
1246 2820 1485 2900 habitandum,
1500 2823 1573 2888 tota
1587 2824 1621 2888 et
1636 2821 1757 2889 inclita
1773 2823 1851 2906 ipsa
1866 2821 2068 2906 supradicta
2101 2786 2104 2796 ³

145 3005 148 3010 ’
203 2979 307 3046 rebus
330 2979 484 3046 revertas
507 2977 551 3044 ad
567 2979 773 3062 potestatem
789 2977 835 3044 de
847 2979 1018 3062 prephata
1033 2977 1214 3056 hecclesia,
1233 2981 1269 3045 et
1284 2977 1342 3044 ubi
1358 2977 1450 3044 infra
1465 2976 1636 3062 quadtuor
1654 2976 1739 3043 anni
1753 2975 1884 3044 reversi
1900 2975 2066 3044 fuerimus

203 3149 267 3198 nos
285 3132 338 3198 vel
354 3129 483 3198 nostris
498 3129 643 3197 heredes
658 3130 701 3196 ad
719 3129 960 3210 habitandum,
979 3129 1051 3196 tota
1066 3132 1101 3198 et
1115 3131 1237 3198 inclita
1253 3131 1331 3215 ipsa
1345 3129 1547 3215 supradicta
1562 3129 1661 3196 rebus
1680 3129 1832 3195 revertas
1848 3127 1891 3195 ad
1907 3133 2065 3196 nostram

206 3285 263 3350 vel
286 3281 328 3350 de
349 3282 480 3350 uostris
503 3283 687 3350 heredibus
702 3284 922 3368 potestatem.
944 3281 1070 3349 iterum
1086 3285 1120 3350 et
1135 3282 1165 3350 si
1180 3301 1244 3349 nos
1260 3285 1312 3350 vel
1329 3282 1457 3350 nostris
1480 3279 1624 3349 heredes
1641 3299 1662 3347 a
1678 3281 1761 3347 soris
1777 3280 1852 3364 ipsa
1866 3280 2067 3365 supradicta
2137 3239 2139 3244 Ι

203 3437 383 3504 mensuris
406 3435 449 3503 de
472 3435 550 3521 ipsa
565 3438 666 3504 rebus
681 3434 791 3503 sancti
809 3434 965 3512 maximi,
980 3452 1047 3519 que
1070 3431 1198 3501 ibidem
1214 3436 1267 3501 est
1282 3433 1478 3512 coniuncta,
1497 3431 1623 3500 exinde
1646 3432 1803 3500 lavorare
1824 3434 1860 3498 et
1881 3434 2064 3516 pastenare

205 3590 427 3667 voluerimus,
445 3591 611 3674 quantum
631 3587 759 3656 exinde
775 3588 960 3672 pastenare
976 3587 1201 3672 potuerimus,
1221 3586 1257 3652 in
1272 3588 1511 3672 suprascripta
1525 3587 1661 3654 ratione
1683 3603 1740 3653 eos
1762 3586 1941 3652 teneamus
1957 3585 1992 3650 et
2007 3582 2066 3651 do-

205 3744 381 3810 minemus
404 3746 438 3811 et
453 3743 657 3828 frugiemuS,
677 3741 767 3810 sicut
782 3747 817 3807 et
833 3741 917 3810 illud
935 3741 992 3826 qui
1010 3745 1062 3810 est
1077 3741 1170 3808 intra
1186 3742 1259 3827 ipse
1275 3740 1472 3827 supradicte
1487 3741 1567 3808 finis
1583 3743 1619 3808 et
1641 3741 1838 3820 mensuriis,
1859 3758 1963 3826 usque
1985 3740 2068 3808 dum
2098 3769 2101 3779 λ

201 3892 282 3959 illos
304 3895 423 3960 tenere
447 3892 668 3971 uoluerimus.
695 3889 789 3968 Quod
813 3889 843 3958 si
867 3891 932 3958 etc.
962 3891 1025 3963 Qui
1046 3908 1127 3958 cero
1144 3893 1256 3974 puoto
1276 3908 1343 3956 nou
1364 3893 1485 3970 sacer,
1511 3891 1645 3956 tenetur
1666 3889 1794 3956 solvere
1816 3892 2065 3976 quinquaqinta

205 4063 333 4114 aureos
354 4045 477 4112 solidos
499 4047 800 4114 constantinianus

258 4172 291 4286 †
306 4219 374 4286 ego
390 4202 492 4287 guiso
507 4201 663 4269 notarius
681 4201 820 4269 intertui
838 4201 874 4268 et
890 4202 983 4267 hunc
999 4202 1139 4268 brebem
1158 4199 1295 4286 scripsi.

258 4325 291 4438 †
306 4371 373 4438 ego
387 4355 445 4440 qui
462 4373 570 4440 supra
585 4355 757 4422 martinus
775 4356 946 4439 presbiter
961 4357 995 4422 et
1010 4357 1094 4422 abba

256 4479 289 4593 †
304 4525 371 4593 ego
385 4508 597 4593 quisenolfus

255 4634 288 4750 †
302 4680 369 4747 ego
386 4664 554 4748 grimoald

256 4787 289 4900 †
303 4834 371 4902 ego
384 4819 539 4887 ioannes.
