5252 7102
621 590 684 652 244
1290 555 1455 632 CODEX
1492 555 1725 632 CAVENSIS

578 835 643 904 per
663 815 835 883 rationem
852 829 917 881 nos
933 807 1058 877 exinde
1074 807 1308 874 restauremus
1331 799 1374 868 de
1398 801 1477 886 ipsa
1499 799 1617 870 eadem
1641 803 1742 869 rebus
1765 818 1854 869 unus
1877 801 2020 872 alterius
2042 802 2139 872 illum
2162 803 2220 890 qui
2243 804 2415 892 perdiderit

577 986 640 1056 per
658 971 774 1052 legem
792 964 835 1032 de
851 963 928 1049 ipsa
942 959 1096 1030 sortione
1112 975 1174 1032 sua
1189 974 1253 1042 per
1268 952 1467 1041 supradicta
1484 951 1613 1038 guadia
1628 953 1663 1020 et
1679 953 1834 1039 obligata
1849 971 1948 1040 pena.

630 1093 659 1207 †
676 1139 742 1205 ego
760 1122 860 1204 guiso
877 1117 1037 1188 notarius
1052 1112 1195 1183 interlui
1210 1113 1245 1181 et
1259 1113 1352 1180 hunc
1367 1109 1505 1178 brebem
1521 1109 1646 1194 scripsi

631 1246 661 1360 †
678 1293 744 1360 ego
760 1275 880 1359 petrus
895 1271 1065 1358 presbiter
1082 1271 1118 1338 et
1134 1270 1223 1336 abba

631 1397 661 1510 †
677 1442 743 1510 ego
760 1424 917 1492 ademari

550 1601 558 1612 ,
630 1552 742 1666 †eg0
757 1577 870 1648 teceri.

1383 2073 1654 2154 CCCXCI.

1368 2325 1423 2399 A.
1460 2323 1511 2400 D.
1551 2320 1655 2400 987.

634 2594 670 2731 'i'
690 2648 729 2712 ln
748 2643 887 2711 nomine
905 2639 1037 2708 domini
1055 2637 1179 2722 quarto
1195 2652 1286 2704 anno
1310 2633 1529 2719 principatus
1551 2631 1669 2699 domni
1694 2634 1804 2700 nostri
1828 2635 1972 2702 iohanni
1995 2639 2029 2704 et
2051 2635 2168 2707 domni
2195 2641 2336 2726 guidoni
2356 2645 2415 2712 eius

577 2797 651 2864 filio
667 2795 811 2881 gloriosi
830 2792 1058 2878 principibus
1077 2807 1196 2856 mense
1212 2785 1406 2856 februarius
1422 2784 1676 2870 quintadecima
1697 2783 1896 2854 indictione.
1918 2789 2202 2858 memoratorium
2226 2793 2312 2862 sactu
2333 2812 2352 2861 a
2370 2815 2415 2863 me

572 2966 666 3018 sasso
681 2945 873 3014 bestarario
888 2943 1124 3030 suprascripte
1140 2942 1293 3026 gloriose
1315 2939 1507 3025 potestatis,
1526 2957 1568 3008 eo
1592 2938 1681 3024 quod
1705 2940 1784 3006 ante
1807 2941 1991 3024 subscripti
2014 2941 2186 3012 nobilibus
2211 2963 2274 3030 pro
2296 2965 2368 3032 pars
2386 2952 2414 3017 61

575 3103 650 3170 bice
666 3097 858 3186 supradicti
876 3096 1091 3183 principibus
1110 3093 1238 3162 tradidi
1255 3092 1344 3161 ermi
1360 3092 1548 3159 molinator
1564 3110 1669 3158 unum
1685 3092 1850 3159 molinum
1866 3110 1945 3161 cum
1961 3094 2056 3160 omni
2078 3095 2270 3164 terraturia
2287 3101 2319 3165 61
2340 3101 2414 3166 mole

579 3255 614 3320 61
627 3271 690 3320 sua
706 3248 914 3336 pertinentia
929 3249 989 3334 qui
1012 3247 1212 3316 edificatum
1241 3248 1292 3312 est
1319 3245 1355 3310 in
1383 3244 1487 3312 flubio
1514 3241 1619 3310 lirino
1646 3260 1715 3309 non
1741 3245 1847 3328 longe
1873 3245 1916 3311 ab
1943 3263 2008 3312 anc
2034 3246 2224 3336 cibitatem3
2244 3248 2326 3328 11166,
2343 3249 2415 3316 sicut

577 3404 741 3480 diximus,
759 3403 869 3468 totum
887 3403 922 3467 et
937 3400 1093 3467 inclitum
1110 3398 1225 3483 ipsum
1241 3397 1406 3464 molinum
1419 3415 1497 3462 cum
1510 3395 1603 3462 omni
1618 3413 1682 3463 sua
1693 3395 1904 3481 pertinentia
1916 3397 1948 3464 ei
1965 3397 2105 3464 tradidi.
2125 3400 2226 3470 Unde
2240 3419 2302 3487 pro
2315 3403 2416 3469 taliter

581 3552 710 3639 guadia
725 3551 832 3618 michi
850 3551 925 3635 ipsc
939 3569 1034 3617 ermo
1057 3547 1152 3616 dedit
1174 3550 1209 3654 61
1232 3547 1455 3616 mediatorem
1478 3548 1585 3613 michi
1607 3547 1722 3632 posuit
1746 3549 1841 3632 sergi
1864 3549 1973 3614 filium
1998 3552 2138 3619 mastali
2161 3570 2344 3637 assapacca
2363 3553 2416 3618 tali

575 3705 710 3783 ordine,
725 3705 763 3770 ut
776 3702 899 3770 amodo
910 3705 945 3770 et
959 3719 1065 3786 usque
1083 3718 1188 3766 unum
1205 3717 1335 3766 annum
1353 3701 1560 3784 completum
1578 3698 1688 3767 licead
1707 3700 1803 3766 illum
1821 3701 1856 3766 et
1871 3700 1946 3767 eius
1960 3699 2079 3768 eredes
2095 3701 2254 3786 predicto
2269 3703 2415 3770 molinum

579 3859 681 3928 abere
703 3860 738 3925 et
753 3857 911 3926 detinere
926 3854 969 3922 ad
986 3872 1083 3923 suam
1100 3855 1319 3940 potestatem,
1338 3855 1374 3922 et
1388 3851 1508 3921 diebus
1526 3871 1566 3920 ac
1582 3853 1740 3921 noctibus
1756 3871 1872 3920 curam
1889 3853 1970 3921 inde
1993 3856 2094 3922 abere
2117 3859 2152 3922 et
2173 3857 2309 3924 salbum
2331 3856 2415 3923 illum

515 4021 519 4026 ’
576 4007 761 4086 lacerabat
774 4007 906 4091 quanta
921 4006 1130 4073 molinatura
1148 4003 1273 4070 ibidem
1291 4003 1717 4087 compreenserint,totum
1733 4003 1810 4068 illut
1824 4003 1889 4068 sibi
1907 4003 2025 4089 abere3
2041 4007 2158 4088 preter
2168 4005 2296 4074 darent
2308 4005 2416 4075 exinde

580 4160 622 4228 ad
640 4161 782 4230 missum
799 4159 931 4244 superii
948 4158 1065 4226 domni
1081 4156 1252 4242 principis
1267 4175 1330 4242 per
1346 4175 1465 4224 omnes
1488 4173 1621 4224 menses
1644 4153 1805 4223 tertiaria
1828 4155 1871 4223 de
1893 4173 2042 4241 granum
2067 4160 2167 4242 quale
2193 4159 2318 4228 ibidem
2340 4176 2417 4226 com·

574 4311 805 4410 preenserint,
823 4299 1109 4396 Ι6116111116111661111
1125 4307 1167 4374 ad
1185 4307 1398 4375 mensuriam
1416 4307 1525 4386 illam,
1544 4305 1647 4392 quale
1662 4305 1871 4375 consuetudo
1884 4267 1939 4374 est
1954 4307 2036 4393 dare
2053 4309 2120 4394 ipsi
2144 4309 2209 4376 alii
2234 4307 2415 4377 molinaturi

574 4463 633 4547 qui
649 4464 771 4528 161111111
787 4463 862 4545 ipsa
878 4461 939 4528 alii
957 4462 1098 4540 molina,
1118 4462 1153 4528 et
1167 4461 1239 4527 tota
1261 4459 1336 4527 siad
1360 4462 1487 4546 culma;
1504 4463 1538 4528 et
1553 4459 1692 4544 quando
1715 4457 1840 4525 ibidem
1864 4460 2054 4526 meruerint
2076 4461 2167 4528 mole
2192 4464 2341 4538 mutare,
2364 4475 2417 4527 nos

575 4613 690 4681 autem
718 4632 782 4698 per
809 4631 927 4682 omnes
954 4615 1046 4682 biees
1074 4613 1194 4682 demus
1222 4613 1282 4681 1116
1309 4614 1354 4692 61,
1374 4617 1409 4680 61
1435 4614 1493 4682 1116
1520 4614 1682 4681 conciano
1707 4613 1783 4698 ipso
1811 4612 1991 4693 molinum,
2010 4615 2048 4681 ut
2073 4615 2226 4700 perfecte
2252 4630 2418 4684 macenare

580 4769 732 4854 possant;
749 4769 784 4833 61
807 4785 870 4851 per
894 4767 970 4852 ipsa
992 4767 1123 4854 guadia
1146 4766 1347 4854 hobligabit
1369 4786 1407 4835 se
1431 4785 1579 4853 suosque
1601 4766 1732 4846 eredes,
1750 4767 1789 4834 ut
1811 4767 1841 4834 si
1865 4766 2000 4852 aliquit,
2019 4767 2062 4836 de
2084 4769 2258 4855 quomodo
2279 4768 2417 4854 superius

576 4917 717 5004 legitur,
736 4917 780 4986 ad
798 4937 880 5004 pars
897 4919 1007 5004 ipsius
1022 4917 1139 4986 domni
1156 4918 1326 5004 principis
1349 4939 1420 4987 non
1443 4918 1685 5004 adinpleberit,
1703 4921 1759 4986 161
1783 4918 1909 5004 aliquit
1934 4918 2062 4986 exinde
2085 4920 2347 4999 contradixerit,
2365 4935 2417 5004 per

571 5071 651 5156 ipsa
680 5070 812 5155 guadia
835 5069 1028 5155 hobligabit
1051 5089 1087 5137 se
1110 5069 1153 5136 ad
1176 5071 1450 5155 componendum
1476 5074 1630 5157 ipsorum
1655 5071 1800 5156 gloriosi
1824 5069 2041 5155 principibus
2063 5069 2182 5140 decern
2205 5073 2283 5140 auri
2305 5070 2416 5140 solidos

575 5222 829 5294 constantines,
847 5224 882 5290 61
897 5223 1014 5290 61111116
1028 5225 1268 5308 suprascripta
1284 5242 1346 5308 per
1362 5223 1483 5291 inbitis
1498 5223 1531 5291 ei
1546 5223 1724 5309 complire.
1743 5223 1778 5291 et
1791 5224 1884 5290 hunc
1900 5223 2038 5290 brebem
2054 5224 2179 5308 scripsi
2197 5243 2265 5310 ego
2279 5221 2416 5291 ademari

573 5373 733 5441 notarius
747 5374 806 5459 qui
823 5373 976 5444 intertui.

633 5498 662 5611 †
679 5543 746 5610 ege
762 5527 936 5612 iaquintus
952 5529 1110 5598 notarius
1126 5548 1180 5597 me
1194 5529 1383 5616 subscripsi

633 5645 743 5761 †ego
760 5677 901 5744 ioannes

632 5798 661 5912 †
677 5844 744 5911 ego
760 5826 912 5896 ioannes.
