5252 7102
631 611 692 672 338
1305 585 1468 658 CODEX
1511 585 1745 660 cavensis

586 840 658 908 suis
672 835 895 924 pertinentiis
910 835 945 902 et
961 852 1039 900 curn
1056 831 1131 900 bice
1147 817 1193 898 de
1207 832 1264 898 bia
1279 829 1323 898 da
1342 830 1419 915 ipso
1434 833 1635 916 platamone
1651 832 1685 899 et
1700 850 1778 899 cum
1795 834 1945 902 sortione
1960 851 2037 904 mea
2051 833 2096 902 de
2111 834 2187 921 ipsa
2201 835 2390 903 monimina
2400 841 2427 904 et

587 993 793 1080 preceptora
810 986 1019 1056 trasaotibus
1034 985 1175 1054 nomine
1192 981 1347 1052 funditus
1364 981 1486 1050 inclita
1502 982 1579 1068 ipsa
1601 985 1763 1068 quartam
1786 987 1924 1070 partem
1947 984 2011 1053 tibi
2034 985 2190 1055 iamdicti
2213 988 2362 1055 iohanni
2384 991 2428 1056 be

585 1143 761 1214 numdedi.
782 1143 956 1227 Simulque
972 1142 1007 1208 et
1023 1138 1245 1208 beuumdedit
1259 1137 1322 1205 tibi
1339 1137 1460 1206 inclita
1474 1140 1634 1222 quartam
1651 1139 1786 1224 partem
1802 1138 1845 1206 de
1860 1142 2028 1224 quantum
2046 1143 2242 1226 quantoque
2263 1139 2353 1206 mihi
2375 1139 2425 1206 ibi-

588 1300 666 1369 dem
683 1302 736 1368 est
750 1298 976 1383 pertinentes,
994 1294 1082 1380 quod
1098 1311 1165 1380 ego
1181 1295 1339 1379 paratum
1356 1294 1443 1360 abeo
1458 1291 1502 1360 da
1517 1292 1593 1376 ipso
1608 1293 1716 1377 ligori
1734 1295 1944 1372 surrentino,
1963 1311 2003 1360 εο
2026 1293 2116 1378 quod
2141 1295 2215 1378 ipse
2238 1292 2347 1363 tribus
2367 1311 2427 1361 sor-

587 1451 752 1529 tionibus
771 1467 875 1535 quam
892 1448 1027 1534 abipso
1043 1445 1149 1533 ligori
1165 1449 1319 1534 paratam
1336 1449 1430 1524 abeo,
1450 1445 1544 1513 robis
1560 1447 1642 1514 sunt
1656 1446 1879 1531 pertinentes.
1898 1445 2059 1515 similiter
2074 1447 2110 1512 et
2134 1444 2279 1512 tradidit
2300 1445 2374 1524 tibi,
2395 1452 2426 1513 ut

586 1621 724 1673 omnem
742 1601 991 1686 obligationem
1008 1603 1042 1668 et
1056 1599 1313 1685 tinguationom
1330 1617 1429 1684 quem
1447 1599 1532 1665 abeo
1547 1597 1591 1665 ab
1607 1598 1693 1684 ipsis
1710 1596 1881 1666 ominibus
1896 1597 1938 1665 de
1962 1599 2038 1684 ipse
2061 1616 2123 1666 suc
2145 1598 2328 1676 Sordones,
2355 1598 2428 1665 sicut

585 1755 655 1841 ipsi
671 1755 786 1823 brebri
799 1751 965 1830 continet,
980 1753 1019 1818 ut
1030 1728 1326 1836 quemammodum
1343 1749 1443 1816 nobis
1458 1746 1640 1832 adinplere
1655 1750 1691 1816 et
1706 1749 1903 1833 persolbere
1925 1747 2068 1826 debunt,
2087 1750 2136 1816 ita
2158 1765 2217 1817 eos
2245 1748 2427 1834 adimpleat

586 1911 624 1976 in
641 1927 682 1976 eo
698 1907 820 1974 ordine
837 1904 933 1972 vobis
947 1908 983 1972 et
999 1903 1043 1971 ad
1060 1903 1181 1972 vestris
1197 1902 1365 1980 eredibus
1385 1901 1428 1969 ad
1445 1903 1613 1970 securiter
1628 1903 1693 1969 hac
1709 1902 1856 1970 firmiter
1873 1901 1995 1970 amodo
2010 1905 2045 1970 et
2059 1920 2196 1988 semper
2219 1919 2281 1970 vos
2303 1902 2428 1970 vestris

586 2081 654 2148 que
671 2061 830 2130 eredibus
854 2060 932 2126 illut
955 2057 1139 2136 abendum,
1159 2056 1422 2134 dominandum,
1440 2055 1684 2142 possidendum
1709 2059 1744 2123 et
1766 2054 1884 2124 omnia
1907 2055 1950 2124 de
1972 2055 2171 2141 supradicio
2194 2058 2314 2124 nostra
2339 2055 2428 2122 trudi·

586 2219 701 2285 ctione
717 2219 751 2284 et
767 2213 977 2282 bindictioue
992 2211 1188 2280 faciendum
1205 2210 1293 2296 quod
1311 2211 1501 2288 bolueritis,
1521 2213 1649 2296 absque
1665 2211 1758 2277 omni
1775 2227 1853 2277 mea
1876 2212 1928 2278 νε]
1953 2209 1995 2276 de
2018 2211 2104 2280 meis
2127 2210 2287 2279 eredibus
2309 2213 2430 2278 contra-

587 2371 679 2439 rieta
679 2368 784 2438 etvel
808 2365 1043 2452 requisitione,
1062 2367 1124 2432 aut
1147 2365 1273 2449 cuiqua
1300 2361 1482 2430 ominibus.
1501 2362 1598 2433 Unde
1625 2381 1689 2448 pro
1717 2363 1991 2430 confirmandam
2019 2365 2054 2431 et
2080 2362 2427 2432 stabiliscoudamauc

587 2540 664 2590 mea
680 2520 820 2588 bindict'
813 2523 940 2588 ioneet
926 2519 1093 2587 ttradict
1069 2522 1198 2587 tronea
1223 2520 1377 2604 presenti
1401 2520 1516 2604 recepi
1540 2538 1562 2586 a
1585 2523 1620 2588 te
1643 2519 1839 2588 nominatus
1861 2521 2028 2588 iohannes
2051 2524 2106 2589 sta
2106 2522 2144 2588 tu
2146 2524 2218 2588 tum
2242 2521 2429 2606 pretiumi

588 2677 672 2740 sunt
687 2673 766 2741 auri
782 2671 884 2740 solidi
900 2671 1028 2739 dotari
1051 2689 1233 2739 numerum
1251 2671 1400 2756 triginta
1415 2689 1485 2739 ana
1506 2669 1614 2756 quadt
1615 2688 1679 2760 uor
1694 2671 1772 2739 auri
1796 2673 1864 2738 tari
1888 2690 1952 2756 per
1974 2671 2135 2752 solidum,
2155 2673 2244 2741 sicut
2266 2672 2360 2740 inter
2380 2691 2430 2740 uos

592 2824 765 2893 combenit
780 2825 818 2892 in
834 2823 946 2891 omnis
962 2822 1218 2891 deliberatione.
1239 2823 1405 2908 finitoque
1420 2823 1570 2908 pretium
1587 2824 1700 2910 ipsum
1718 2828 1802 2910 aput
1818 2842 1881 2892 nos
1898 2841 1939 2890 aa
1954 2825 2099 2903 ratione,
2114 2842 2181 2909 ego
2197 2823 2359 2909 superius
2372 2823 2430 2890 dic·

590 2979 648 3044 tus
670 2977 760 3044 mele
776 2977 893 3060 obligo
909 2993 965 3043 me
981 2977 1016 3042 et
1032 2992 1126 3043 meos
1142 2975 1232 3043 filios
1248 2979 1282 3042 et
1298 2974 1419 3043 eredes
1437 2975 1560 3042 amodo
1575 2978 1609 3042 et
1624 2994 1761 3062 semper
1777 2974 2014 3043 antistandum
2029 2978 2064 3043 et
2077 2973 2323 3043 defensandum
2346 2975 2427 3042 vobis

588 3134 622 3197 et
639 3129 682 3196 ad
699 3127 824 3199 vestris
839 3127 1001 3198 eredibus
1026 3129 1147 3198 inclita
1170 3128 1370 3215 supradicta
1391 3132 1513 3197 nostra
1536 3129 1747 3200 bindictioue
1768 3132 1803 3198 et
1825 3129 2040 3208 tradictione,
2067 3129 2155 3196 sicut
2176 3129 2335 3214 superius
2357 3128 2431 3196 diri-

590 3299 677 3359 mus,
696 3299 718 3348 a
735 3299 818 3365 pars
834 3281 938 3349 uxori
953 3299 1030 3349 mee
1044 3283 1079 3348 et
1095 3299 1116 3347 a
1131 3291 1214 3366 pars
1230 3280 1339 3364 ipsius
1356 3280 1462 3365 ligori
1478 3281 1513 3348 et
1528 3279 1573 3348 da
1591 3281 1703 3347 omnis
1718 3281 1850 3348 omines
1866 3279 2027 3366 omnique
2050 3279 2220 3364 partibus,
2240 3280 2295 3346 cui
2310 3282 2362 3346 νε]
2383 3279 2430 3346 ubi

594 3451 656 3518 per
672 3451 734 3501 nos
750 3436 803 3502 vel
821 3452 882 3518 per
898 3434 1012 3519 ipsum
1028 3434 1169 3519 genitor
1186 3437 1221 3501 et
1236 3432 1412 3518 genetrice
1428 3435 1561 3513 nostra,
1579 3436 1633 3502 νε]
1651 3453 1714 3520 per
1730 3435 1805 3519 ipsa
1821 3451 1930 3502 uxore
1944 3451 2030 3512 mea,
2050 3434 2105 3499 vel
2121 3451 2184 3518 per
2207 3432 2322 3517 ipsum
2338 3432 2430 3516 ligori

590 3587 671 3654 illut
688 3588 743 3654 νε]
761 3586 888 3654 exinde
903 3585 1024 3655 datum
1039 3591 1098 3655 aut
1113 3588 1316 3673 obligatum,
1334 3607 1393 3657 seu
1409 3589 1609 3674 tinguatum
1625 3591 1681 3658 νε]
1696 3589 1953 3658 manifestatum
1970 3587 2136 3674 paruerit,
2156 3588 2211 3653 νε]
2226 3587 2286 3672 qui
2302 3603 2364 3671 pro
2384 3603 2432 3651 no

593 3739 676 3806 stris
691 3739 851 3824 partibus
867 3739 928 3807 aut
943 3738 984 3808 de
1000 3741 1031 3807 is
1048 3739 1230 3818 ominibus,
1249 3739 1335 3825 quod
1353 3740 1518 3821 diximus,
1533 3742 1713 3810 emiserint
1729 3741 1826 3809 vobis
1841 3743 1875 3810 et
1892 3740 1936 3808 ad
1953 3741 2078 3808 rostris
2089 3737 2248 3808 eredibus
2263 3737 2432 3824 quodcum-

586 3911 656 3979 que
671 3893 896 3960 causationes
917 3893 952 3960 Si
975 3895 1088 3961 autem
1104 3897 1170 3963 etc.
1192 3895 1297 3963 Adest
1314 3896 1534 3964 conclusionis
1545 3897 1639 3978 somn
1640 3897 1728 3979 nlo;
1742 3915 1773 3962 sa
1766 3895 1883 3961 vinds
1880 3896 1942 3960 ton
1959 3897 2071 3977 pacto
2092 3910 2158 3961 non
2173 3895 2294 3972 servet,
2313 3893 2431 3959 icuctni

585 4045 712 4112 soluere
739 4047 873 4114 centurn
896 4061 1016 4115 aurcos
1039 4045 1163 4112 solidos
1189 4062 1268 4114 cons
1269 4044 1507 4122 lastinianus,
1529 4047 1729 4129 interposito
1697 4044 1948 4112 tornandiutose
1990 4041 2109 4152 Sergio
2140 4043 2342 4112 Atriunause
2368 4039 2425 4120 filio

587 4199 762 4270 lobannis.
782 4219 886 4286 quam
904 4203 939 4268 te
957 4200 1114 4269 ademari
1130 4203 1191 4268 not
1193 4202 1289 4269 arius
1306 4199 1455 4271 scribere
1471 4200 1685 4288 rogavimus,
1705 4202 1844 4269 hactum
1861 4202 2007 4269 salerno.

640 4326 751 4440 †ego
767 4355 944 4424 maraldus
1047 4333 1054 4346 ¹

641 4477 751 4592 †ego
766 4509 884 4592 petrus

639 4629 670 4741 †
685 4676 752 4745 ego
767 4661 975 4746 atelgrimus

642 4781 751 4896 †ego
767 4807 923 4880 alerisi.''
