5286 7098
610 658 651 717 td
1156 694 1159 702 .
1271 636 1432 709 CODEX
1477 634 1708 707 cavensis

563 885 791 970 obligabimus
808 902 870 969 per
885 885 1001 968 partes
1018 883 1088 949 illis
1111 881 1356 964 obligaberunt
1379 897 1416 947 se
1440 881 1474 947 et
1496 877 1641 947 heredes
1662 894 1752 955 suae,
1769 879 1803 945 et
1818 894 1882 943 nos
1905 877 2135 964 obligabimus
2157 882 2193 946 et
2206 897 2417 950 successores

560 1037 695 1101 nostros
710 1035 745 1100 et
761 1032 918 1117 partibus
935 1031 1044 1114 ipsius
1059 1031 1202 1099 ecclesie
1216 1029 1309 1096 omni
1325 1030 1480 1114 tempore
1495 1027 1644 1094 firmiter
1660 1025 1932 1112 permanendum
1954 1027 1990 1094 in
2016 1027 2082 1094 ista
2104 1027 2361 1096 comvenientia
2382 1033 2416 1096 et

563 1185 852 1266 manifestatione,
866 1191 901 1253 et
913 1203 983 1253 non
994 1202 1178 1270 queramus
1192 1201 1273 1269 pars
1283 1183 1437 1268 partium
1449 1180 1703 1250 comvenientia
1715 1183 1781 1249 ista
1792 1201 1853 1266 per
1865 1183 2110 1266 qualecumque
2122 1182 2258 1250 ratione
2269 1182 2414 1250 disrum-

561 1357 645 1424 pere
662 1343 724 1408 aut
743 1342 937 1416 retornare‚
958 1341 1010 1405 set
1025 1356 1172 1423 semper,
1190 1338 1279 1405 sicut
1293 1338 1451 1424 superius
1467 1338 1608 1421 legitur,
1626 1355 1709 1422 pars
1724 1337 1876 1421 partium
1892 1336 1984 1402 omni
2000 1337 2155 1420 tempore
2170 1335 2318 1403 firmiter
2340 1354 2418 1421 per-

563 1490 721 1568 manead,
741 1492 775 1556 et
792 1489 837 1556 ad
853 1488 1098 1574 compositione
1114 1487 1345 1573 obligabimus
1360 1506 1424 1574 per
1438 1488 1516 1572 ipsa
1531 1485 1645 1554 wadia
1660 1506 1743 1573 pars
1759 1488 1911 1572 partium
1933 1505 1999 1571 ego
2016 1489 2130 1554 autem
2152 1491 2187 1556 et
2208 1505 2416 1557 seccessores

482 1709 487 1715 .
561 1659 657 1711 meos
672 1645 705 1711 et
720 1642 879 1726 partibus
895 1641 1005 1726 ipsius
1020 1641 1165 1708 ecclesie
1180 1642 1214 1708 ei
1229 1640 1298 1708 illis
1313 1658 1350 1708 se
1366 1641 1400 1707 et
1417 1638 1562 1708 heredes
1577 1657 1658 1707 suas
1674 1655 1878 1723 componere
1896 1637 1977 1716 illis,
1995 1639 2054 1721 qui
2070 1639 2157 1706 talia
2179 1637 2343 1724 quesierit
2364 1658 2416 1707 re-

561 1799 709 1874 mobere,
727 1793 771 1862 ad
785 1795 856 1862 illis
873 1795 932 1879 qui
949 1794 1097 1862 firmiter
1113 1813 1317 1880 permanere
1338 1794 1486 1861 voluerit
1502 1795 1539 1860 in
1555 1794 1622 1860 ista
1639 1791 1901 1870 comperiente,
1923 1791 2048 1876 biginti
2065 1790 2192 1860 solidos
2206 1793 2416 1862 costantinos

560 1965 678 2015 vonos.
698 1950 732 2015 et
748 1949 839 2013 bunc
856 1947 994 2016 brebem
1010 1901 1229 2013 diffinitionis
1244 1963 1307 2030 per
1332 1943 1583 2013 comvenientia
1598 1943 1723 2028 scripsi
1740 1959 1806 2027 ego
1830 1943 2047 2027 grimoaldus
2063 1942 2218 2010 notarius
2242 1943 2278 2010 in
2302 1944 2415 2013 eodem

557 2104 632 2168 loco
649 2099 802 2178 nuceria,
822 2099 903 2185 quia
919 2101 953 2166 et
969 2067 1120 2166 interfui.

615 2223 644 2336 †
660 2268 727 2336 ego
743 2251 801 2335 qui
817 2267 923 2335 supra
939 2252 1061 2334 petrus

615 2377 645 2487 †
661 2417 727 2484 ego
743 2401 887 2467 ioannes

616 2525 645 2637 †
661 2571 728 2636 ego
743 2553 864 2636 petrus
878 2551 1059 2635 presbiter.

1352 3033 1636 3178 cornix.

1353 3300 1408 3376 A.
1444 3300 1495 3376 D.
1533 3297 1636 3376 966.

614 3556 703 3692 †ln
720 3608 857 3674 nomine
868 3595 999 3675 domini
1012 3609 1187 3675 tricesimo
1203 3609 1327 3692 quarto
1342 3625 1431 3674 auno
1449 3607 1795 3710 principatusldomni
1813 3609 1923 3674 nostri
1940 3608 2056 3692 gisolfi
2068 3607 2212 3692 gloriosi
2226 3609 2407 3693 principis.

557 3775 675 3826 mense
697 3757 875 3828 december
897 3758 1034 3827 decima
1049 3755 1252 3826 indictione.
1271 3758 1557 3825 memoratorium
1573 3759 1666 3824 factu
1683 3776 1704 3824 a
1721 3775 1776 3824 me
1792 3760 1911 3842 petrus
1935 3757 2106 3842 presbiter
2129 3759 2164 3826 et
2185 3759 2290 3824 abbas
2307 3761 2410 3826 eccle-

556 3909 606 3979 sie
623 3909 734 3978 sancti
750 3908 918 3988 massimi,
937 3910 971 3977 et
986 3926 1055 3976 una
1070 3925 1203 3978 mecum
1220 3907 1356 3976 adesset
1371 3907 1571 3976 romoaldus
1587 3862 1744 3976 notarius
1760 3909 1998 3976 aduocatorem
2014 3927 2140 3988 meum,
2159 3928 2200 3978 eo
2215 3911 2305 3994 quod
2330 3915 2406 3976 ante

554 4061 864 4129 subscribti-testes
887 4059 1020 4144 guadio
1042 4059 1140 4126 nobis
1163 4059 1330 4129 dederunt
1353 4061 1471 4144 petrus
1495 4060 1667 4137 clericus,
1694 4061 1753 4146 qui
1777 4061 1946 4130 bisantius
1969 4062 2112 4129 bocatur
2140 4061 2231 4130 tilius
2255 4061 2406 4145 ildeperti

552 4215 749 4299 presbiteri,
768 4217 802 4283 et
818 4212 986 4280 mediator
1009 4213 1114 4280 michi
1138 4213 1252 4298 posuit
1267 4215 1509 4297 magbenolfus
1524 4213 1615 4280 tilius
1630 4213 1815 4301 madelmi;
1841 4218 1875 4281 et
1891 4233 1953 4299 per
1976 4213 2097 4281 eadem
2125 4215 2257 4298 guadia
2281 4214 2407 4298 obliga-

554 4367 604 4432 vit
627 4385 664 4434 se
687 4367 826 4450 suisque
848 4366 932 4432 filiis
954 4369 987 4430 et
1010 4365 1091 4443 filie,
1118 4369 1156 4430 ut
1179 4363 1301 4431 amodo
1325 4368 1360 4433 et
1382 4383 1490 4450 usque
1516 4365 1642 4450 biginti
1665 4367 1788 4433 nobem
1804 4367 1886 4432 anni
1904 4366 2066 4450 completi
2082 4367 2237 4434 tenerem
2251 4366 2293 4432 ad
2311 4381 2402 4433 suam

557 4520 761 4602 potestatem
778 4521 873 4586 terra
890 4521 997 4586 bacua
1020 4518 1218 4604 pertinente
1234 4518 1343 4603 ipsius
1359 4521 1514 4598 ecclesie,
1528 4518 1617 4605 quod
1635 4523 1719 4587 abeo
1735 4521 1828 4588 intus
1845 4521 2144 4590 ecsalernitanam
2160 4520 2331 4587 cibitatem
2347 4536 2404 4600 per

552 4688 592 4736 as
615 4670 695 4736 finis
709 4673 743 4737 et
759 4671 944 4756 mensurie;
960 4669 1002 4737 de
1017 4687 1122 4754 super
1138 4669 1207 4738 fine
1223 4671 1330 4750 terra,
1349 4672 1385 4738 in
1402 4659 1469 4757 quo
1492 4673 1632 4740 furnum
1657 4678 1708 4740 est
1731 4672 1919 4760 supradicti
1944 4673 2088 4758 gloriosi
2113 4672 2284 4758 principis
2308 4675 2343 4739 et
2367 4670 2407 4735 de

551 4823 670 4892 eredes
686 4821 877 4907 guaimari:
902 4823 972 4890 alia
994 4826 1092 4908 parte
1115 4824 1184 4891 fine
1209 4824 1277 4902 bia,
1303 4842 1368 4909 que
1391 4824 1556 4894 discernit
1579 4845 1599 4892 a
1621 4827 1690 4894 fine
1713 4827 1755 4893 de
1778 4827 1897 4928 eredes
1921 4827 2109 4894 roderissi:
2134 4825 2177 4894 de
2202 4823 2320 4894 subtus
2342 4824 2406 4891 fine

551 4983 645 5044 terra
668 4976 822 5061 predicte
844 4977 998 5046 ecclesie:
1026 4979 1070 5044 ab
1092 4977 1226 5046 oriente
1248 4977 1318 5046 tine
1340 4979 1447 5057 terra,
1472 4998 1537 5065 que
1552 4979 1617 5046 suit
1641 4979 1778 5064 guisoni
1802 4980 1893 5047 filius
1916 4977 2121 5065 guisemari;
2146 4995 2208 5062 per
2232 4975 2404 5045 mensoria

552 5128 731 5213 longitudo
755 5131 789 5196 et
816 5128 962 5196 latitudo
986 5147 1030 5196 ox
1054 5131 1148 5196 omni
1173 5132 1273 5214 parte
1297 5148 1366 5198 ana
1389 5148 1509 5216 possos
1531 5132 1682 5216 quinque
1705 5130 1749 5199 ad
1773 5131 1865 5199 iusto
1888 5149 2036 5215 passum.
2064 5130 2154 5196 inira
2176 5130 2406 5215 suprascripte

550 5279 630 5345 linis
652 5283 686 5347 et
709 5281 885 5348 mensurio
907 5285 1017 5350 totum
1041 5287 1076 5350 et
1099 5282 1277 5368 integrum
1301 5283 1377 5352 illut
1392 5284 1425 5350 ei
1442 5283 1659 5364 tradidimus,
1679 5287 1717 5350 ut
1734 5284 1857 5352 amodo
1873 5287 1907 5350 et
1924 5301 2029 5368 usque
2046 5281 2114 5366 ipsi
2136 5281 2263 5367 triginti
2287 5284 2403 5348 nobem

553 5428 638 5495 anni
654 5429 697 5497 de
712 5434 877 5515 quantum
896 5433 1042 5500 boluerit
1065 5433 1124 5502 ille
1139 5437 1174 5501 et
1189 5451 1266 5502 suos
1281 5435 1371 5502 tilios
1387 5437 1444 5503 vet
1459 5435 1548 5503 filias
1563 5438 1597 5503 ot
1615 5435 1672 5502 ille
1687 5453 1775 5512 omo,
1794 5452 1897 5520 quam
1914 5434 1962 5500 ibi
1979 5434 2038 5501 ille
2053 5431 2201 5510 miserit,
2220 5450 2301 5500 casa
2316 5431 2404 5500 sace·

552 5599 590 5648 re
605 5585 641 5648 et
665 5580 791 5650 ibidem
816 5582 967 5652 residere
990 5589 1026 5652 et
1049 5585 1194 5666 abitare,
1213 5588 1248 5653 et
1262 5585 1374 5654 omnis
1396 5605 1461 5655 sua
1482 5587 1635 5656 utilitato
1658 5587 1786 5656 ibidem
1808 5589 1935 5665 iacere,
1951 5589 1986 5654 et
2001 5585 2122 5654 diebus
2138 5583 2207 5652 vite
2222 5583 2332 5668 ipsius
2348 5602 2403 5670 pe

549 5734 597 5800 tri
620 5735 738 5801 clerici
755 5737 885 5803 nullam
902 5735 982 5804 inde
998 5753 1081 5821 pars
1097 5740 1214 5808 nostre
1236 5738 1379 5807 ecclesie
1402 5739 1525 5806 tollere
1548 5757 1683 5824 queras
1703 5743 1781 5824 post
1804 5739 1934 5805 obitum
1958 5737 2043 5815 eius,
2069 5735 2100 5804 si
2123 5736 2213 5805 filios
2236 5738 2296 5802 aut
2318 5734 2404 5803 filias

553 5883 761 5961 dimiserint,
788 5887 897 5952 totum
921 5887 1044 5953 abeant
1068 5887 1151 5955 illos
1168 5907 1270 5972 usque
1295 5888 1368 5972 ipso
1391 5889 1615 5957 constitutum
1640 5909 1716 5956 cum
1741 5891 1800 5956 illo
1824 5889 1974 5958 bomine.
2002 5887 2091 5972 quod
2109 5889 2168 5957 ille
2184 5888 2231 5954 ibi
2256 5887 2399 5961 miserit,
