5252 7102
623 583 686 648 ore
1290 561 1454 637 oooux
1497 565 1730 656 cqvuusrs

579 818 675 882 huna
696 813 796 898 pecia
811 811 855 880 de
878 813 974 878 terra
995 811 1116 880 nostra
1139 809 1274 889 baciba,
1291 808 1381 895 quod
1405 808 1633 879 communiter
1655 811 1824 878 habemus
1848 811 1885 878 in
1908 807 2002 878 dieto
2024 811 2136 878 locum
2163 811 2326 882 balintino
2348 787 2417 886 hubi

577 963 723 1051 proprio
739 965 776 1032 at
791 962 906 1031 cesino
922 963 1154 1046 computatur,
1172 979 1239 1048 que
1255 963 1336 1029 abet
1360 961 1442 1030 finis
1469 966 1506 1030 et
1532 961 1712 1031 mensoria
1737 964 1833 1032 terra
1858 963 1950 1049 ipsa;
1966 960 2008 1032 de
2034 981 2104 1031 uno
2131 965 2202 1036 latu
2229 965 2287 1048 qui
2311 968 2359 1033 est
2379 968 2418 1035 im

577 1117 692 1202 partis
709 1114 880 1184 horientis
894 1113 964 1182 fine
980 1116 1083 1184 rebus
1099 1115 1243 1183 ecclesie
1267 1115 1379 1183 sancti
1404 1115 1623 1200 archangeli,
1641 1116 1723 1182 sunt
1746 1112 1826 1182 inde
1838 1131 1967 1199 passos
1990 1115 2174 1200 sexaginta
2194 1116 2283 1183 tres:
2307 1133 2328 1182 a
2346 1133 2419 1202 pars

579 1268 724 1341 meridie
740 1269 810 1336 dne
827 1267 937 1354 ipsius
952 1265 1096 1335 iohanni
1111 1268 1148 1335 et
1161 1265 1204 1334 de
1218 1265 1337 1336 eredes
1349 1266 1435 1352 lupi,
1446 1267 1528 1334 sunt
1542 1265 1623 1334 inde
1637 1283 1701 1350 per
1715 1266 1893 1335 mensuria
1908 1283 2029 1351 passos
2044 1265 2171 1352 viginti
2182 1267 2277 1351 septe
2286 1269 2319 1335 et
2328 1267 2420 1352 pedes

579 1423 764 1510 quattuor:
783 1422 832 1489 ha
846 1439 932 1506 pars
949 1419 1138 1488 occidentis
1153 1399 1222 1487 fine
1237 1418 1281 1486 de
1295 1399 1413 1486 erede's
1428 1417 1600 1497 landoari,
1619 1421 1701 1486 sunt
1715 1417 1797 1487 inde
1812 1436 1876 1504 per
1890 1417 2068 1486 mensoria
2082 1433 2202 1502 passos
2217 1419 2421 1504 septuaginta

579 1575 696 1641 nocto:
717 1590 839 1658 apars
855 1570 1151 1656 septemtrionalis
1166 1568 1235 1637 fine
1250 1571 1373 1635 nostra
1395 1567 1451 1652 qui
1475 1585 1582 1652 supra
1604 1566 1750 1652 guidoni
1772 1569 1807 1635 et
1829 1566 2003 1652 guaimari
2018 1569 2053 1633 et
2075 1565 2238 1652 gualieri,
2254 1571 2331 1634 sunt
2351 1567 2420 1636 inde

456 1733 464 1742 “
582 1743 648 1812 per
665 1722 844 1793 mensoria
859 1739 978 1807 passos
994 1719 1231 1806 quadraginta
1245 1737 1307 1786 sex
1325 1721 1360 1786 et
1375 1717 1479 1803 pedes
1495 1720 1576 1798 tres,
1594 1719 1629 1784 et
1643 1717 1678 1784 in
1696 1717 1847 1786 medium
1864 1720 1978 1786 locum
2002 1721 2055 1788 est
2078 1719 2172 1786 terra
2194 1720 2272 1804 ipsa
2293 1718 2420 1786 latitudo

582 1896 702 1966 passos
719 1880 866 1965 triginta
882 1881 954 1947 tres
969 1879 1001 1947 et
1018 1876 1121 1962 pedes
1137 1876 1217 1956 duo,
1237 1878 1346 1944 totum
1364 1878 1401 1942 at
1416 1875 1515 1942 iuxto
1532 1892 1671 1960 passum
1695 1875 1827 1942 homini
1850 1876 2100 1942 mensuratum.
2119 1893 2158 1942 ec
2181 1875 2264 1941 bero
2286 1875 2420 1944 clausum

574 2025 871 2114 ¹inira-nominate
887 2034 968 2102 finis
982 2035 1017 2102 et
1031 2031 1208 2100 mensurio
1223 2033 1333 2097 totum
1349 2030 1502 2114 ipsorum
1519 2029 1578 2114 qui
1594 2049 1703 2115 supra
1717 2029 1859 2097 iohanni
1876 2031 1912 2096 et
1933 2027 2109 2096 ansifrede
2130 2031 2166 2095 at
2187 2029 2419 2113 pastenandum

583 2186 740 2256 dedimus
763 2205 840 2262 cum
864 2186 939 2254 nice
961 2161 1004 2254 de
1027 2187 1084 2253 bia
1106 2204 1182 2253 sua.
1209 2184 1300 2252 unde
1323 2203 1385 2270 per
1410 2185 1500 2251 bona
1523 2183 1777 2251 combenientia
1799 2182 1930 2268 guadia
1953 2183 2052 2250 nobis
2074 2183 2132 2267 qui
2155 2201 2263 2267 supra
2294 2183 2420 2268 guidoni

585 2343 620 2408 et
636 2339 825 2424 guaimarii
855 2342 890 2405 et
915 2338 1066 2424 gualleri
1093 2336 1264 2405 dederunt
1291 2335 1359 2421 ipsi
1386 2333 1554 2402 nominati
1580 2295 1813 2403 iohanneset
1839 2333 2032 2413 ansefreda,
2050 2338 2085 2403 et
2111 2333 2317 2402 mediatores
2338 2333 2422 2401 nobis

587 2498 775 2576 posuerunt
789 2508 826 2557 so
842 2490 936 2574 ipsos
950 2491 1014 2557 tali
1029 2489 1163 2568 ordine,
1182 2487 1227 2556 ud
1242 2487 1365 2556 amodo
1380 2489 1414 2555 et
1428 2505 1536 2572 usque
1551 2487 1670 2556 decem
1687 2487 1769 2554 anni
1785 2488 1948 2574 completi
1963 2487 2031 2573 ipsi
2053 2487 2114 2572 qui
2138 2504 2247 2571 supra
2269 2485 2417 2554 iohannes

584 2646 619 2713 et
634 2642 809 2712 ansifreda
824 2629 1014 2711 celsorum
1031 2641 1113 2710 liliis
1129 2643 1164 2709 et
1178 2641 1299 2709 eredes
1315 2639 1439 2706 debeat
1454 2641 1573 2708 tenere
1589 2642 1623 2709 et
1638 2643 1821 2725 pastenare
1837 2643 1913 2726 ipsa
1935 2641 2036 2726 pecia
2059 2659 2121 2726 per
2143 2639 2338 2725 supradicte
2356 2638 2422 2705 ilnis

584 2798 619 2863 et
635 2793 829 2880 mensurie;
846 2795 881 2860 et
894 2811 956 2863 nos
973 2796 1089 2860 autem
1106 2793 1161 2860 vel
1177 2761 1373 2877 nostrisque
1388 2790 1471 2858 filiis
1486 2795 1521 2858 et
1542 2791 1662 2860 eredes
1687 2791 1904 2860 defensemus
1930 2791 2085 2877 ipsorum
2111 2793 2258 2862 iohanni
2284 2795 2316 2860 et
2339 2811 2420 2862 anse-

498 2933 501 2940 ’
587 2946 684 3015 frede
700 2948 754 3013 rel
771 2944 816 3012 ad
833 2923 953 3013 eorum
969 2943 1090 3012 eredes
1106 2946 1177 3011 tota
1192 2946 1227 3014 et
1241 2944 1360 3012 inclita
1377 2945 1451 3028 ipsa
1467 2945 1567 3030 pecia
1590 2962 1653 3029 per
1675 2943 1875 3028 supradicte
1897 2944 1976 3013 linis
1997 2947 2032 3013 et
2054 2946 2242 3014 mensuriis
2264 2964 2336 3013 cum
2357 2947 2418 3012 bice

587 3099 631 3168 de
655 3099 722 3167 biis
745 3100 817 3168 suis
840 3098 886 3166 da
909 3101 1020 3168 omnis
1042 3098 1198 3167 homines
1221 3098 1380 3183 omnique
1403 3099 1584 3184 partibus,
1610 3101 1645 3165 et
1667 3114 1737 3165 non
1769 3115 1827 3164 eos
1860 3101 2002 3166 heorum
2036 3101 2157 3167 tollere
2189 3101 2252 3166 aut
2282 3101 2419 3166 conlrure

585 3268 771 3337 queramus
792 3252 874 3317 ante
896 3250 973 3334 ipso
995 3250 1231 3318 constitutum.
1260 3251 1387 3317 iterum
1410 3253 1445 3318 et
1468 3255 1697 3336 quotcumque
1718 3253 1868 3319 laborem
1892 3251 2116 3320 seminaberit
2138 3253 2193 3318 vel
2228 3251 2420 3319 recollixent

584 3405 678 3472 inira
700 3402 858 3489 predicto
882 3405 1055 3482 clausum,
1081 3404 1214 3472 nullam
1237 3403 1336 3472 nobis
1357 3404 1484 3473 exinde
1506 3404 1587 3473 dare
1609 3404 1758 3472 debeant
1781 3423 1886 3490 usqne
1908 3405 1985 3489 ipso
2007 3405 2255 3482 constitutum,
2279 3405 2313 3470 et
2331 3404 2418 3470 liceat

584 3516 655 3644 ipsi
678 3557 851 3624 nominati
874 3557 1043 3624 iohannes
1065 3556 1099 3626 et
1122 3556 1305 3624 ansefreda
1327 3559 1379 3624 vel
1402 3575 1520 3625 eorum
1546 3559 1690 3627 heredes
1713 3559 1749 3625 in
1774 3559 1850 3644 ipsa
1873 3561 1973 3626 robus
1995 3559 2091 3625 sobee
2113 3561 2148 3625 et
2169 3575 2305 3626 omnem
2335 3573 2417 3624 suam

584 3710 793 3780 hutilitalem
819 3711 957 3790 lacere,
982 3711 1017 3778 et
1039 3728 1098 3778 eos
1120 3713 1302 3796 pastenare
1324 3712 1532 3780 harboribus
1554 3715 1589 3780 et
1611 3713 1702 3792 vitis,
1727 3716 1761 3784 et
1784 3715 1914 3781 iaceret
1947 3713 2074 3780 ibidem
2109 3713 2284 3797 pastinum
2310 3714 2415 3778 bonum

536 3931 542 3942 ,
582 3867 714 3932 cultum
739 3867 774 3931 et
795 3865 931 3932 surtum
954 3866 990 3930 et
1012 3864 1212 3947 operatum,
1239 3863 1330 3930 sicut
1351 3864 1447 3931 locus
1470 3863 1545 3948 ipse
1567 3865 1732 3932 meruerit
1741 3885 1751 3952 ;
1775 3867 1810 3932 et
1843 3864 1965 3960 amodo
1998 3867 2033 3931 et
2066 3883 2173 3949 usque
2207 3865 2321 3933 decern
2350 3863 2418 3930 anni

583 4017 758 4102 completi,
784 4017 827 4085 de
851 4018 1018 4102 quantum
1042 4015 1158 4085 vinum
1183 4019 1221 4084 in
1244 4017 1321 4102 ipso
1343 4019 1484 4103 pastino
1507 4019 1626 4088 iecerit
1647 4021 1702 4087 vel
1723 4021 1870 4098 labores,
1897 4022 2007 4086 totum
2029 4023 2063 4089 et
2085 4010 2245 4088 inclitum
2267 4019 2338 4085 illos
2357 4014 2413 4083 sibi

583 4169 735 4236 habeant
757 4168 792 4234 et
815 4167 945 4233 iaciant
962 4166 1095 4234 ’exinde
1117 4167 1234 4234 omniu
1256 4185 1324 4251 que
1346 4168 1396 4233 eis
1418 4169 1608 4255 placuerit3
1632 4170 1666 4236 et
1688 4169 1734 4235 da
1756 4167 1822 4253 ipsi
1845 4168 1961 4237 decem
1986 4169 2067 4236 anni
2090 4169 2255 4253 completi
2277 4165 2419 4234 inantea

583 4320 674 4387 omui
701 4323 857 4406 tempore
880 4320 1003 4388 debeat
1025 4320 1091 4406 ipsi
1113 4321 1285 4389 nominati
1309 4322 1478 4390 iohannes
1499 4325 1534 4389 et
1555 4322 1734 4391 ansefreda
1756 4325 1811 4390 vel
1839 4341 1958 4390 eorum
1994 4321 2139 4390 heredes
2164 4321 2337 4389 laboraret
2357 4318 2418 4401 ipso

580 4471 718 4557 pastino
741 4472 784 4538 de
807 4491 909 4557 super
931 4475 967 4539 et
989 4470 1032 4538 de
1054 4474 1155 4557 supto
1179 4490 1240 4556 per
1262 4472 1461 4557 supradicte
1486 4474 1566 4541 linis
1588 4479 1624 4541 el
1648 4473 1835 4553 mensurio,
1855 4475 1902 4540 ita
1919 4473 1961 4540 ud
1979 4474 2016 4540 in
2031 4475 2190 4542 omnibus
2206 4475 2292 4540 bene
2314 4473 2418 4555 pareat

584 4625 779 4690 laboratum
803 4625 838 4692 et
860 4624 1050 4702 cultatum,
1077 4627 1112 4692 et
1134 4642 1197 4707 per
1220 4623 1395 4691 vindemie
1418 4627 1574 4710 temporo
1595 4624 1718 4694 debeat
1740 4643 1798 4696 eos
1821 4624 2034 4695 vindemiare
2063 4625 2167 4692 hacto
2197 4625 2365 4706 tempore,
2386 4621 2415 4684 et

582 4775 689 4842 iaciat
711 4792 774 4841 nos
796 4777 849 4840 vel
872 4775 996 4842 missos
1018 4777 1155 4842 nostros
1178 4776 1269 4844 scire
1292 4781 1328 4843 at
1351 4776 1585 4860 recipiendum
1609 4774 1828 4846 medietatem
1852 4777 1895 4846 de
1918 4778 1994 4864 ipso
2017 4778 2098 4844 vino
2122 4793 2225 4861 quem
2248 4771 2364 4842 exinde
2377 4769 2414 4836 le

581 4926 694 4994 cerini
717 4927 754 4992 at
778 4925 1012 5009 palmentum:
1038 4942 1101 4994 nos
1124 4926 1184 5011 qui
1205 4945 1314 5011 supra
1337 4926 1456 5011 guid0,
1476 4911 1704 5011 guaimarius,
1723 4927 1918 5013 guaiferius
1933 4929 1969 4995 et
1984 4926 2111 4995 nostris
2132 4925 2216 4994 filiis
2231 4926 2266 4993 et
2280 4920 2417 4991 eredlbus

579 5079 743 5148 tollamus
766 5077 861 5144 omni
885 5079 1041 5162 tempore
1062 5075 1106 5146 de
1128 5077 1204 5163 ipso
1227 5077 1308 5145 vino
1331 5077 1562 5158 medietatem,
1586 5081 1621 5146 et
1642 5080 1711 5164 ipsi
1733 5079 1925 5164 supradicti
1949 5079 2115 5147 iohannes
2138 5079 2174 5144 et
2195 5071 2367 5146 ansefreda
2386 5071 2413 5134 et

579 5246 698 5296 eorum
723 5229 867 5298 heredes
891 5227 1123 5298 medietatem.
1137 5232 1174 5298 et
1195 5229 1238 5297 de
1262 5249 1363 5314 quem
1386 5248 1506 5298 semen
1527 5231 1753 5299 seminaberit
1775 5231 1813 5299 in
1832 5231 1913 5316 ipsa
1936 5232 2038 5298 rebus
2060 5229 2104 5298 da
2126 5229 2196 5314 ipsi
2218 5227 2329 5296 docem
2345 5218 2415 5289 anni

578 5379 617 5446 in
641 5383 754 5460 antea,
780 5383 874 5448 omni
896 5382 1051 5466 tempore
1074 5380 1181 5448 deant
1202 5380 1300 5449 nobis
1323 5379 1449 5449 exinde
1471 5383 1637 5450 terratico
1659 5382 1704 5450 ad
1728 5401 1847 5450 aream
1868 5381 2056 5450 seeundum
2072 5378 2344 5449 consuetudinem
2360 5369 2415 5438 loci

581 5531 688 5610 illius,
706 5550 810 5617 quam
834 5550 969 5601 omnem
992 5536 1147 5602 bannum
1172 5533 1332 5604 concient
1353 5535 1454 5603 nobis
1476 5535 1545 5620 ipsi
1568 5537 1797 5623 suprascripti
1822 5539 1997 5604 eteorum
2025 5532 2170 5602 heredes
2186 5533 2314 5598 hunum
2329 5537 2415 5607 orga-

579 5701 683 5751 neum
706 5683 752 5751 da
773 5687 855 5752 vino
877 5703 955 5755 cum
979 5705 1043 5754 sua
1064 5687 1173 5755 circla
1195 5688 1230 5755 et
1251 5686 1408 5772 spendi0,
1434 5689 1471 5755 et
1494 5690 1667 5774 reponant
1692 5707 1769 5759 eum
1794 5691 1830 5755 in
1854 5690 1997 5757 cellario
2019 5689 2138 5755 nostro
2160 5685 2249 5772 quod
2275 5675 2416 5748 habueri-

578 5855 656 5904 mus
678 5837 716 5903 in
741 5834 859 5905 eodem
883 5837 995 5903 locum
1020 5835 1214 5915 balintino,
1240 5839 1275 5904 et
1298 5837 1526 5904 communiter
1552 5837 1677 5905 ducant
1700 5839 1778 5924 ipsa
1802 5840 1954 5908 sortione
1976 5840 2092 5908 nostra
2106 5839 2159 5906 'de
2183 5837 2257 5921 ipso
2280 5828 2355 5895 vino
2374 5819 2409 5888 ad
