5286 7098
982 596 1367 673 blrtblla'llcUs

991 1035 1349 1130 CCLXXVII.

1014 1298 1069 1374 A.
1106 1298 1157 1374 D.
1196 1295 1299 1374 974.

288 1563 323 1694 †
347 1613 386 1676 ln
402 1609 543 1676 nomine
559 1606 690 1674 domini
706 1607 818 1675 nostri
834 1607 932 1674 ihesu
949 1603 1047 1672 cristi
1070 1603 1127 1672 dei
1150 1604 1275 1684 eterni,
1294 1605 1413 1690 quinto
1430 1607 1463 1694 ¹).
1480 1623 1571 1676 anno
1594 1609 1813 1696 principatus
1836 1609 1954 1680 domni
1980 1615 2091 1680 nostri

231 1758 375 1830 landolfi
398 1759 542 1846 gloriosi
560 1759 731 1845 principis
754 1761 789 1824 et
812 1758 926 1842 primo
949 1773 1040 1824 anno
1063 1757 1280 1843 principatus
1303 1757 1421 1826 domni
1444 1759 1554 1827 nostri
1578 1759 1720 1844 paldolfi
1737 1753 1763 1848 ²)
1779 1760 1851 1829 filio
1873 1763 1957 1840 eius,
1977 1781 2093 1836 mense

230 1913 353 2000 aprilis
371 1911 519 1981 secunda
535 1910 738 1979 indictione.
753 1909 833 1978 Ideo
845 1927 948 1996 quem
964 1928 1039 1987 nos,
1055 1909 1198 1977 isumus
1215 1909 1374 1977 landoari
1390 1909 1482 1978 filius
1498 1910 1677 1978 cuiusdam
1693 1911 1782 1981 idem
1795 1912 1952 1982 landoari
1969 1916 2003 1982 et
2013 1917 2093 1986 alfe

230 2067 315 2135 rada
329 2085 421 2134 uxor
437 2068 510 2136 eius
527 2065 602 2132 filia
617 2063 790 2151 quondam
807 2031 952 2130 iohanni
969 2062 1087 2130 dibina
1103 2063 1332 2147 inspiratione
1349 2065 1545 2148 conpulsus,
1563 2067 1706 2150 propter
1720 2065 1878 2136 mercede
1900 2067 1935 2135 et
1958 2067 2092 2136 redem-

230 2221 324 2288 tione
338 2220 481 2288 banime
496 2219 628 2296 nostre,
649 2220 766 2286 tamen
781 2236 848 2303 ego
865 2237 930 2302 que
946 2235 1054 2302 supra
1071 2217 1225 2284 alserada
1240 2235 1308 2284 una
1324 2236 1402 2284 curn
1419 2235 1624 2286 consensum
1639 2221 1673 2285 et
1689 2219 1913 2286 volumtatem
1929 2218 2091 2304 superius

229 2372 312 2440 dicti
329 2371 487 2441 landoari
504 2373 571 2439 biri
587 2375 621 2440 et
638 2369 826 2440 mundoald
843 2371 925 2448 mei,
939 2373 974 2438 et
989 2372 1244 2439 consentientes
1260 2370 1346 2437 mihi
1360 2368 1521 2438 landoari
1536 2373 1571 2438 et
1582 2371 1673 2456 petri
1687 2373 1721 2439 et
1734 2370 1915 2457 gariperto
1929 2375 2091 2456 german-i

232 2518 389 2603 tibimet,
408 2525 609 2608 inquorum
625 2521 804 2591 mundium
822 2541 878 2590 me
896 2523 1074 2591 subiacere
1089 2540 1254 2608 agnosce,
1273 2539 1336 2606 per
1352 2524 1444 2589 bunc
1459 2522 1626 2607 scriptum
1650 2521 1878 2591 iudicabimus
1901 2542 1964 2591 nos
1988 2527 2092 2592 ambo

232 2678 283 2746 bir
300 2681 333 2746 et
348 2678 477 2746 coniux
495 2676 559 2744 tibi
575 2676 767 2762 adelgarde
783 2676 909 2744 dilecte
927 2677 999 2745 illic
1014 2678 1144 2755 nostre,
1159 2695 1225 2761 qne
1240 2693 1344 2760 snper
1361 2693 1486 2745 nomen
1501 2676 1625 2744 lusizza
1639 2677 1735 2744 clara
1751 2694 1840 2744 uxor
1857 2677 2026 2746 bidelicet.
2083 2731 2088 2742 .

238 2883 244 2895 .
296 2883 303 2894 .
355 2883 362 2896 .
379 2833 444 2898 boc
461 2832 513 2899 est
528 2833 625 2899 terra
640 2833 675 2899 et
692 2832 796 2899 binea
810 2833 941 2910 nostra,
960 2849 1025 2916 que
1042 2832 1183 2898 abemus
1199 2831 1236 2897 in
1252 2830 1380 2898 tinibus
1396 2833 1536 2898 salerno
1558 2832 1633 2898 loco
1654 2830 1714 2897 ubi
1730 2830 1858 2897 dicitur
1881 2811 2007 2910 felline,¹
2026 2851 2093 2916 que

234 2983 353 3050 tultam
376 2985 543 3051 babemus
567 2981 658 3050 daba
675 2983 702 3069 ³)
719 2986 857 3066 petrum
881 2981 1093 3066 episcopum,
1111 3000 1176 3066 que
1201 2982 1281 3048 abet
1303 2953 1384 3048 finis
1409 2982 1504 3047 terra
1527 2985 1562 3046 et
1587 2982 1690 3050 binea
1716 2980 1790 3066 ipsa
1817 2985 1861 3049 ab
1889 2999 1957 3048 uno
1983 2985 2097 3052 latere

228 3139 334 3212 terra,
353 3151 457 3218 quem
473 3139 602 3205 emtum
620 3138 705 3204 abeo
721 3137 784 3202 aba
801 3136 922 3203 aloara
938 3150 1037 3202 soror
1053 3135 1087 3201 et
1101 3134 1254 3218 cognata
1269 3134 1400 3211 nostra,
1418 3133 1508 3201 sicut
1524 3130 1621 3200 badii
1637 3151 1742 3218 usquc
1758 3152 1889 3202 aserra
1902 3132 1945 3202 de
1959 3137 2090 3203 monte:

228 3289 404 3359 desubtus
420 3287 507 3375 pede
522 3289 567 3356 da
582 3290 641 3356 bia
656 3290 807 3376 publica:
826 3289 896 3355 aliu
912 3289 996 3367 latu,
1016 3287 1105 3354 sicut
1121 3267 1217 3354 badit
1234 3306 1296 3371 per
1312 3288 1412 3354 finita
1429 3287 1476 3354 da
1491 3289 1588 3355 terra
1603 3287 1696 3355 leoni
1718 3287 1930 3372 neapolitani
1953 3291 1987 3355 et
2010 3303 2093 3354 con-

231 3444 348 3528 iungit
363 3462 442 3510 cum
459 3447 556 3512 terra
571 3442 774 3521 ermetanci,
792 3447 827 3509 et
843 3443 981 3528 perexit
995 3459 1102 3526 nsque
1118 3441 1163 3508 ad
1179 3460 1278 3509 serra
1293 3441 1336 3510 de
1351 3445 1479 3520 monte,
1499 3443 1602 3509 amba
1617 3441 1732 3525 capita
1746 3443 1887 3509 tenente
1904 3441 1941 3508 in
1956 3441 2012 3509 bie
2028 3460 2092 3526 pu-

231 3597 329 3665 blice.
347 3595 440 3664 infra
454 3616 492 3664 as
509 3599 624 3664 autem
639 3595 721 3663 finis
737 3599 772 3664 et
790 3594 1013 3663 iudicationis
1027 3613 1097 3662 non
1120 3595 1351 3664 iudicabimus
1374 3596 1436 3663 tibi
1460 3597 1538 3682 ipsa
1561 3597 1666 3674 terra,
1684 3613 1783 3682 quem
1809 3587 1926 3662 datum
1950 3597 2093 3664 abemus

232 3751 375 3818 iohanni
392 3751 552 3830 atranese
568 3749 640 3816 filio
656 3749 782 3826 mauri,
801 3767 903 3834 qoem
920 3747 1020 3814 modo
1036 3749 1114 3816 abet
1131 3748 1231 3816 binea
1247 3749 1372 3835 posita3
1392 3749 1526 3832 reliqua
1537 3748 1631 3834 ipsas
1644 3750 1757 3815 terras
1768 3750 1802 3816 11
1813 3747 1929 3816 bineas
1940 3751 2090 3826 nostras,

231 3901 377 3987 qualiter
391 3919 453 3986 per
469 3901 550 3968 finis
567 3899 724 3969 indicata
740 3902 803 3978 est,
822 3918 900 3966 curn
917 3899 1036 3968 omnia
1050 3901 1143 3966 intro
1158 3899 1361 3967 habentibus
1378 3901 1497 3984 supter
1514 3901 1567 3966 vel
1584 3918 1688 3984 super
1705 3900 1850 3984 tibique
1872 3916 1977 3983 supra
1999 3897 2091 3966 adel-

231 4051 339 4137 garde
353 4052 426 4120 filie
440 4053 561 4120 nostre
576 4050 819 4128 iudicabimus,
839 4068 943 4134 quam
961 4051 995 4118 et
1012 4047 1241 4115 iudicabimus
1258 4047 1321 4114 tibi
1337 4065 1403 4132 que
1419 4067 1526 4132 supra
1541 4047 1728 4133 adelgarde
1743 4051 1778 4116 et
1792 4051 1906 4118 aloare
1921 4067 1986 4134 que
2002 4069 2092 4117 sam-

180 4272 185 4280 .
231 4224 330 4274 mara
345 4208 442 4273 clara
457 4206 569 4273 sorori
586 4207 645 4272 tue
661 4205 733 4272 filie
756 4207 872 4273 nostre
896 4203 939 4270 ad
964 4204 1063 4269 ambo
1087 4203 1264 4286 integrum
1289 4201 1402 4286 ipsum
1426 4202 1590 4268 molinum
1615 4205 1770 4269 nostrum
1794 4202 1988 4268 conciatum
2011 4219 2088 4269 cum

230 4359 384 4428 sedimen
400 4363 436 4427 et
452 4377 574 4427 cursus
591 4375 770 4444 aquarum,
786 4374 868 4452 cum
891 4355 1103 4440 pertinentia
1125 4373 1201 4433 sua,
1220 4372 1319 4438 quem
1344 4355 1485 4422 abemus
1508 4355 1545 4422 in
1572 4354 1647 4419 ribo
1663 4353 1721 4439 qui
1737 4354 1936 4422 nominatur
1952 4353 2050 4421 linilo
2063 4347 2090 4441 ⁴)
2148 4317 2151 4322 Ι

230 4511 398 4596 propincu
415 4511 494 4598 ipsu
511 4513 587 4580 lusu
604 4506 642 4600 Β),
661 4530 763 4597 quem
780 4512 1019 4596 comparatum
1036 4511 1205 4577 babemus
1224 4510 1288 4576 aba
1300 4506 1639 4592 radelgrimuiudice
1650 4511 1683 4575 et
1695 4505 1784 4591 petri
1797 4505 1914 4604 elerici
1926 4509 2088 4590 germani

227 4665 291 4734 filii
306 4666 482 4772 roderissi.
502 4666 582 4735 Ideo
597 4665 756 4750 predicta
772 4664 874 4734 binea
889 4665 952 4731 tibi
969 4682 1035 4749 que
1052 4681 1157 4749 supra
1173 4663 1363 4748 adelgarde
1379 4663 1451 4730 sole
1467 4661 1531 4728 tibi
1548 4660 1710 4738 iudicabi,
1731 4663 1768 4726 ut
1783 4659 1929 4728 teneatis
1944 4659 1978 4725 et
1994 4659 2088 4724 frua-

227 4817 271 4884 tis
293 4819 388 4902 ipsos
410 4821 446 4885 tu
471 4819 506 4886 et
528 4817 647 4888 eredes
670 4820 748 4885 tuos
771 4820 885 4886 vestre
908 4815 1089 4902 potestatis
1112 4819 1150 4883 ln
1174 4835 1214 4882 oc
1236 4814 1368 4895 ordine,
1386 4813 1424 4881 ut
1446 4813 1476 4881 si
1499 4830 1561 4883 nos
1576 4813 1635 4898 qui
1659 4830 1767 4896 supra
1782 4778 1941 4879 landoari
1957 4811 2057 4878 etall
2075 4845 2088 4858 -

230 4967 314 5038 rada
338 4971 478 5054 genitor
502 4972 537 5038 et
559 4969 767 5054 genitricem
791 4970 940 5036 vestram
966 4969 1026 5035 aut
1048 4966 1197 5052 predicti
1223 4967 1285 5034 fllii
1310 4967 1444 5044 nostri,
1472 4967 1531 5032 aut
1557 4966 1754 5032 nostrorum
1788 4959 1971 5030 heredibus
2006 4962 2087 5028 illue¹
2122 5037 2126 5044 ,

238 5217 386 5224 --.——-..--.
404 5218 416 5222 -
431 5217 576 5223 -..-....»...

283 5391 306 5462 Ι)
319 5390 396 5466 Lege
407 5395 511 5464 primo.

282 5517 306 5587 2)
319 5517 397 5591 Lege
410 5519 544 5587 bonrtolfi.

282 5641 305 5714 3)
319 5642 403 5713 Dabo,
419 5641 494 5700 idest
508 5643 545 5699 da
558 5645 621 5711 cbo,
637 5651 729 5714 patre,

280 5765 305 5836 ι)
319 5769 416 5834 linito,
432 5783 483 5823 seu
497 5769 596 5839 lerino,
612 5767 657 5824 vel
673 5769 769 5840 lirino,
784 5767 861 5840 qnod
876 5778 918 5822 est
934 5767 1042 5822 1111111111
1058 5767 1134 5840 apud
1150 5767 1314 5822 Salernum.

281 5891 304 5963 i)
319 5894 402 5962 Ferro,
424 5893 507 5949 locus
527 5901 608 5948 extra
628 5891 796 5949 Salernum.
