5252 7102
551 593 613 655 984
1220 569 1384 642 cohhx
1420 567 1652 641 onvhhsls

503 825 695 891 habeamus
712 821 747 890 et
769 813 1004 904 possideamus
1027 811 1125 893 illud,
1150 811 1239 880 siout
1261 809 1437 880 continent
1452 812 1526 896 ipse
1540 810 1747 897 scriptiones
1770 829 1856 898 quas
1878 812 2009 882 lecistis
2031 811 2074 880 de
2094 812 2265 882 divisione
2285 831 2367 880 cum

501 977 586 1062 ipsis
602 971 780 1070 germanis
796 969 939 1055 vestris;
956 963 1214 1054 longitudinem
1231 963 1509 1053 mensuravimus
1535 966 1581 1031 ab
1606 964 1685 1049 ipsa
1711 965 1782 1033 fine
1809 983 1831 1032 a
1855 965 1943 1051 pede
1968 966 2041 1036 ursi
2067 969 2226 1052 germani
2254 969 2364 1036 vestri

408 1097 413 1106 ¹
500 1145 607 1215 usque
623 1126 701 1195 insu
718 1127 754 1192 at
771 1123 899 1191 fiumen
915 1124 950 1190 et
965 1123 1048 1189 sunt
1069 1121 1163 1207 passi
1186 1119 1384 1206 sexaginta:
1411 1118 1474 1187 tali
1497 1118 1565 1204 ipsi
1581 1106 1676 1204 passi
1699 1119 1892 1188 mensurati
1914 1121 1996 1189 sunt
2018 1119 2063 1189 ad
2085 1120 2200 1206 ipsum
2223 1139 2365 1207 passum

500 1297 567 1366 que
583 1279 621 1346 in
638 1279 800 1345 columna
816 1273 973 1361 predicte
988 1272 1132 1341 ecclesie
1155 1270 1266 1340 sancti
1290 1270 1420 1338 mathei
1444 1269 1603 1354 signatus
1626 1272 1690 1336 est.
1710 1272 1745 1338 et
1767 1269 1915 1355 qualiter
1938 1272 2213 1356 suprascriptam
2236 1289 2276 1340 re
2298 1289 2364 1358 per

499 1433 589 1502 fines
604 1435 640 1499 et
663 1447 866 1500 mensuram
890 1425 1102 1505 conclusisti,
1121 1424 1237 1492 taliter
1259 1442 1334 1492 eam
1358 1424 1545 1491 habeamus
1568 1425 1603 1490 et
1625 1422 1860 1509 possideamus
1883 1442 1960 1492 cum
1984 1424 2057 1494 vioe
2079 1424 2121 1492 de
2143 1416 2211 1493 viis
2233 1425 2306 1493 suis
2328 1430 2364 1496 et

498 1584 660 1652 omnibus
690 1583 784 1650 inira
815 1599 851 1650 se
874 1576 1079 1648 habentibus
1101 1578 1137 1644 et
1159 1575 1435 1662 pertinentibus,
1462 1573 1552 1642 unde
1584 1574 1681 1642 vobis
1711 1573 1821 1643 nichil
1843 1577 2030 1644 remansit:
2063 1577 2277 1645 solummodo
2300 1581 2363 1645 ha-

498 1743 603 1809 beant
625 1735 753 1807 exinde
784 1735 879 1803 viam
909 1750 1010 1800 ursus
1039 1733 1075 1799 et
1105 1731 1159 1798 leo
1187 1728 1346 1815 germani
1362 1727 1480 1808 vestri,
1500 1728 1590 1796 sicut
1613 1729 1774 1796 chartula
1800 1727 1843 1796 de
1873 1731 1951 1814 ipsa
1973 1727 2145 1798 divisione
2167 1733 2361 1814 proclamat

498 1908 603 1977 quam
627 1908 707 1957 cum
737 1887 824 1974 ipsis
839 1885 1008 1954 fratribus
1030 1880 1155 1951 vestris
1170 1880 1309 1962 lecistis,
1323 1885 1364 1950 et
1390 1900 1454 1949 nos
1476 1881 1666 1948 habeamus
1688 1879 1779 1948 viam
1806 1879 1844 1945 in
1866 1897 1948 1950 susu
1971 1898 2035 1966 per
2059 1899 2201 1950 oausam
2224 1883 2298 1951 ursi
2323 1886 2358 1950 et

498 2043 591 2112 leoni
617 2040 777 2129 germani
800 2039 903 2108 vestri
921 2040 959 2104 at
973 2034 1178 2105 auriendam
1194 2052 1321 2120 aquam
1345 2032 1388 2102 de
1412 2033 1491 2120 ipsa
1505 2033 1655 2112 fontana,
1674 2033 1713 2100 ut
1726 2033 1832 2100 talem
1848 2032 1990 2100 licerem
2007 2034 2194 2102 habeamus
2217 2035 2255 2100 in
2277 2052 2358 2120 pre·

498 2197 630 2265 dictam
653 2197 845 2271 fontanam,
871 2193 1009 2278 qualem
1035 2195 1073 2258 tu
1100 2190 1228 2258 ibidem
1254 2189 1407 2257 habuisti
1429 2207 1493 2274 per
1519 2189 1634 2274 ipsam
1657 2187 1872 2270 divisionem.
1900 2188 1936 2255 in
1966 2189 2138 2274 simulque
2162 2189 2359 2274 recepimus

497 2366 520 2416 a
547 2353 582 2416 te
608 2346 847 2433 suprascripto
870 2346 1005 2412 marino
1029 2345 1194 2429 quantum
1217 2347 1256 2410 tu
1278 2345 1312 2410 et
1334 2345 1389 2410 leo
1411 2342 1520 2411 irater
1543 2344 1655 2411 vester
1677 2341 1849 2409 habuistis
1871 2341 1909 2408 in
1933 2341 2011 2426 ipsa
2033 2341 2103 2410 alia
2124 2343 2218 2409 costa
2239 2341 2282 2408 de
2304 2361 2360 2410 ce-

496 2504 575 2569 tara
598 2519 664 2586 que
686 2503 739 2570 est
761 2501 904 2584 aparte
927 2499 1083 2578 orientis,
1112 2498 1178 2564 hoc
1204 2499 1256 2564 est
1282 2495 1325 2563 de
1351 2496 1428 2582 ipso
1456 2494 1546 2581 quod
1575 2513 1636 2564 vos
1666 2495 1730 2562 toti
1756 2496 1880 2563 iratres
1907 2495 2061 2563 habuisti
2075 2495 2113 2562 in
2139 2513 2359 2563 communem

497 2669 576 2718 oum
611 2652 688 2736 ipso
715 2652 836 2719 nostro
862 2647 1074 2716 monasterio
1104 2648 1141 2713 in
1171 2648 1249 2733 ipsa
1274 2646 1433 2732 predicta
1459 2649 1554 2714 costa
1576 2665 1597 2714 a
1622 2649 1722 2733 parte
1748 2647 1892 2716 orientis
1918 2666 2023 2733 usque
2051 2651 2087 2715 at
2108 2648 2212 2726 finem
2235 2649 2360 2716 iohan-

496 2804 553 2871 nis
576 2803 640 2870 tllii
673 2802 853 2898 mauronis
884 2800 1032 2878 comitis,
1061 2799 1188 2868 dedisti
1218 2799 1319 2868 nobis
1349 2799 1475 2868 exinde
1505 2801 1618 2885 ipsam
1645 2797 1830 2869 sortionem
1860 2802 2008 2868 vestram
2040 2803 2075 2866 et
2099 2803 2211 2886 ipsam
2234 2802 2361 2868 sortio-

498 2973 580 3023 nem
602 2954 714 3022 leonis
728 2951 901 3041 'germani
923 2957 1045 3023 vestri.
1079 2957 1320 3022 verumtamen
1342 2955 1385 3021 de
1408 2954 1594 3034 omnibus,
1628 2971 1693 3040 que
1730 2955 1769 3022 in
1802 2955 1878 3039 ipsa
1901 2956 1995 3022 costa
2025 2973 2047 3022 a
2077 2958 2180 3040 parte
2210 2953 2357 3022 orientis

493 3103 676 3184 habuistis,
695 3123 800 3190 quam
822 3109 858 3173 et
880 3105 923 3174 de
945 3106 1024 3191 ipsa
1046 3124 1237 3186 cammaro,
1254 3103 1388 3173 dedisti
1404 3105 1504 3172 nobis
1519 3103 1645 3172 exinde
1667 3105 1779 3189 ipsam
1802 3106 1991 3174 sortionem
2014 3107 2163 3175 vestram
2177 3107 2212 3172 et
2226 3106 2353 3174 sortio-

492 3275 572 3326 nem
595 3259 825 3344 suprascripti
848 3259 960 3326 leonis
983 3261 1145 3345 germani
1169 3258 1286 3340 vestri,
1304 3259 1388 3344 quia
1410 3258 1507 3326 vobis
1521 3259 1575 3342 sab
1597 3257 1675 3342 ipsa
1696 3261 1797 3344 parte
1821 3277 1843 3326 a
1864 3259 2021 3344 predicto
2044 3259 2145 3326 fluvio
2167 3259 2211 3326 do
2235 3261 2355 3328 setara

493 3410 593 3478 indat
616 3414 752 3495 partem
776 3411 920 3478 orientis
942 3411 1051 3479 nichil
1073 3411 1251 3481 remansit:
1278 3411 1516 3479 tantummodo
1539 3413 1577 3479 in
1598 3413 1678 3496 ipsa
1692 3411 1847 3480 'ecclesia
1869 3413 1981 3480 sancti
2004 3415 2096 3498 petri
2119 3431 2185 3498 que
2207 3414 2250 3479 ab
2273 3413 2354 3498 ipsa

492 3566 594 3648 parte
617 3565 681 3641 est,
700 3563 856 3630 habeatis
879 3563 993 3648 ipsam
1016 3563 1168 3643 honrem,
1194 3566 1331 3669 qualem
1354 3565 1479 3632 ibidem
1504 3565 1634 3632 hahent
1657 3581 1778 3632 manso
1802 3569 1838 3632 et
1859 3583 1959 3632 ursus
1975 3567 2136 3667 germani
2159 3567 2266 3633 vestri
2294 3585 2350 3634 se-

494 3715 646 3796 cundum
670 3714 875 3800 scriptiones
897 3733 985 3800 quas
1007 3713 1049 3782 de
1071 3713 1230 3799 predicta
1253 3715 1397 3783 ecclesia
1419 3715 1598 3784 nobiscnm
1621 3717 1731 3784 lactas
1754 3715 1901 3798 habetis,
1921 3717 1958 3783 in
1974 3734 2112 3784 omnem
2125 3717 2351 3794 wdeliveratio-

492 3885 572 3934 nem
589 3869 623 3932 et
646 3866 683 3932 in
707 3884 843 3934 omnem
867 3864 1120 3946 decesitionem,
1149 3870 1194 3938 Ut
1215 3886 1238 3934 a
1258 3886 1352 3935 nunc
1375 3869 1433 3938 die
1455 3869 1607 3954 presenti
1630 3873 1664 3937 et
1693 3873 1730 3937 in
1753 3871 1931 3955 perpetuis
1953 3869 2164 3956 temporibus
2187 3871 2353 3954 plenaria

490 4018 730 4106 suprascripta
753 4019 867 4097 vinea,
887 4038 989 4105 qnam
1012 4021 1113 4089 nobis
1135 4038 1239 4106 super
1262 4022 1300 4088 in
1322 4021 1622 4089 commutationem
1645 3996 1926 4102 tradidimusde
1940 4041 2008 4109 qua
2029 4023 2129 4092 nobis
2150 4023 2275 4092 dedisti
2291 4043 2350 4092 sn-

468 4261 471 4268 ,
492 4189 555 4256 per
578 4173 755 4238 camninm
777 4170 906 4240 solidos
930 4172 1060 4271 decem,
1080 4173 1257 4242 investra
1279 4175 1314 4241 et
1335 4173 1378 4242 de
1401 4175 1526 4243 vestris
1549 4150 1735 4244 heredibus
1758 4179 1805 4245 sit
1828 4179 1996 4260 potestate
2011 4179 2175 4257 habendi,
2194 4177 2346 4256 fruendi,

490 4320 700 4406 possidendi,
722 4321 903 4401 vindendi,
929 4323 1081 4391 donandi
1104 4342 1166 4392 seu
1188 4325 1437 4406 commutandi,
1463 4327 1606 4418 liveram
1629 4330 1785 4397 habeatis
1811 4331 1992 4416 potestate3
2017 4331 2139 4396 etiam
2162 4327 2351 4413 aliquando

489 4475 616 4544 exinde
643 4493 753 4560 neque
776 4495 797 4543 a
819 4475 929 4554 nobis,
955 4494 1065 4562 neque
1087 4478 1271 4563 apostoris
1294 4479 1544 4548 successoribus
1568 4483 1697 4549 nostris
1719 4482 2128 4567 nullamrequesitionem
2143 4479 2270 4548 exinde
2284 4483 2352 4549 ha·

422 4709 424 4714 ι
493 4627 600 4693 beatis
624 4641 694 4694 non
717 4644 777 4694 vos
799 4645 870 4694 non
894 4629 1000 4697 vestri
1025 4630 1170 4700 heredes
1192 4650 1257 4718 per
1280 4634 1414 4700 nullum
1436 4633 1574 4701 modom
1598 4635 1878 4720 inperpetuum:
1905 4638 2046 4721 insuper
2068 4651 2130 4702 nos
2152 4637 2187 4700 et
2211 4635 2346 4718 posteri

488 4777 599 4850 nostri
623 4794 839 4845 successores
865 4779 963 4846 vobis
985 4781 1178 4874 vestrisque
1205 4781 1388 4850 heredibus
1416 4783 1508 4850 omni
1536 4788 1693 4870 tempore
1719 4787 1764 4853 ab
1798 4787 1956 4853 omnihus
1990 4785 2188 4854 hominibus
2223 4805 2347 4874 supra-

485 4928 652 5014 scriptam
676 4927 811 4996 vineam
834 4947 935 5013 quam
958 4930 1054 4998 vohis
1072 4931 1109 4998 in
1124 4933 1291 5000 vicariam
1315 4933 1486 5016 dedimus,
1512 4939 1686 5006 antestare
1709 4939 1743 5005 ot
1765 4935 1944 5006 defensare
1965 4939 2220 5023 promittimus:
2244 4939 2343 5024 ipsas

486 5079 584 5150 decos
607 5081 808 5161 chartulas,
833 5099 919 5168 quas
941 5083 1070 5152 exinde
1093 5086 1296 5168 habuimus,
1331 5089 1427 5157 vobis
1451 5089 1669 5158 tradidimus.
1694 5089 1789 5167 Quod
1812 5091 1841 5159 si
1869 5091 2013 5160 minime
2035 5091 2133 5160 vobis
2159 5091 2345 5160 fecerimus

485 5233 528 5302 de
542 5236 704 5306 omnibus
727 5254 794 5322 que
815 5237 975 5324 superius
997 5236 1091 5307 dicta
1109 5244 1201 5321 sunt,
1220 5259 1426 5328 componere
1441 5245 1675 5330 promittimus
1688 5262 1753 5314 nos
1768 5247 1802 5314 et
1817 5247 1927 5314 nostri
1942 5217 2071 5332 posteri
2088 5225 2185 5316 vobis
2199 5248 2344 5316 vestris·
2397 5316 2409 5328 ,

485 5401 552 5470 que
568 5385 751 5454 heredibus
766 5387 893 5457 solidos
908 5391 1057 5468 centum,
1075 5393 1120 5471 et,
1137 5392 1227 5461 sicut
1241 5393 1327 5479 ipsis
1342 5395 1510 5464 chartulis
1526 5414 1613 5482 quas
1629 5396 1724 5466 vobis
1744 5395 1912 5479 dedimus,
1930 5398 2111 5483 potueritis
2133 5397 2345 5484 conquirere

483 5553 588 5621 super
604 5553 708 5620 quam
721 5553 785 5603 nos
797 5539 893 5607 vobis
908 5517 1165 5621 reclaravimus,
1186 5540 1221 5609 in
1236 5545 1352 5612 vestra
1368 5547 1505 5613 maneat
1520 5547 1702 5630 potestate,
1720 5548 1755 5616 et
1769 5549 1927 5616 chartula
1942 5547 2007 5619 ista
2021 5548 2122 5617 firma
2137 5551 2347 5634 permaneat

443 5673 447 5681 ’
486 5685 523 5754 in
547 5657 782 5772 perpetuum.-

547 5811 664 5926 †ego
687 5838 857 5911 iohannes
879 5841 981 5910 iudex
1005 5845 1102 5913 testis
1122 5865 1198 5916 sum
