5252 7102
550 519 553 526 '
608 541 669 603 aas
1281 519 1446 593 uouull
1489 519 1723 593 unvENSlS

562 769 637 856 sepi
653 769 682 858 1)
706 769 792 838 etin
809 767 1029 844 aurilianum,
1049 759 1074 852 ²)
1089 767 1123 834 et
1138 764 1313 842 lauritum,
1332 759 1358 851 ⁸)
1375 765 1410 831 et
1425 781 1536 842 cerra,
1555 763 1581 850 ⁴)
1598 766 1633 830 et
1648 764 1854 849 ubicumque
1877 763 1920 830 de
1944 765 2020 849 ipsa
2036 766 2139 832 rebus
2162 763 2306 850 predicti
2327 768 2404 850 petri

564 927 582 991 l
582 923 674 992 uerit
690 923 851 990 inventus
866 921 910 989 de
925 922 1092 1006 quantum
1109 938 1172 987 nos
1195 920 1238 986 ab
1254 919 1330 1003 ipsc
1346 919 1466 1004 petrus
1481 919 1640 1003 paratum
1654 919 1806 997 abemus,
1826 922 1944 1003 scepto
1960 918 2099 987 casada
2115 918 2208 986 intus
2225 921 2287 986 bec
2302 919 2404 986 cirita·

563 1081 647 1156 tem,
662 1079 771 1146 totum
787 1074 953 1153 funditus,
969 1073 1115 1160 qualiter
1132 1055 1211 1140 illut
1226 1073 1385 1157 paratum
1402 1071 1573 1148 abulmus,
1587 1089 1645 1138 eos
1657 1072 1693 1138 in
1706 1069 1848 1138 eandem
1861 1073 1983 1138 sancta
1997 1071 2140 1140 ecclesia
2153 1071 2345 1160 optulimus3
2358 1091 2408 1140 seu

561 1232 599 1300 et
614 1227 818 1296 offeruimus
835 1205 871 1293 in
890 1226 1010 1293 eadem
1029 1227 1183 1293 sanctam
1201 1223 1377 1293 ecclesiam
1394 1242 1466 1290 una
1482 1225 1576 1289 curte
1599 1222 1640 1290 de
1655 1227 1752 1290 terra
1768 1241 1846 1290 cum
1863 1223 1966 1290 vinea
1988 1223 2078 1309 quod
2101 1226 2260 1308 paratam
2287 1226 2409 1291 abemus

563 1382 608 1449 da
631 1380 859 1467 truppoaldus
883 1380 954 1447 filio
977 1379 1094 1445 domni
1122 1377 1210 1463 petri
1236 1375 1387 1460 episcopi
1416 1375 1475 1459 qui
1501 1377 1554 1442 est
1581 1375 1617 1442 in
1634 1374 1769 1441 locubia
1784 1369 1822 1462 ⁵),
1842 1393 1917 1440 cum
1945 1375 2144 1442 cannietum
2167 1378 2201 1443 et
2228 1376 2405 1454 salicetum,

566 1535 718 1620 qualiter
734 1535 813 1601 illos
828 1535 987 1618 paratum
1005 1534 1159 1599 abemus:
1175 1527 1336 1597 similiter
1353 1532 1388 1595 et
1404 1530 1500 1594 curte
1517 1529 1635 1594 nostra
1651 1526 1822 1594 dalocum
1839 1528 2038 1594 muntorum
2055 1526 2145 1611 quod
2158 1533 2318 1612 paratam
2341 1530 2409 1595 abe-

567 1708 643 1756 mus
660 1689 706 1755 da
721 1689 897 1773 jaquintus
913 1685 1064 1754 sculdais
1080 1685 1152 1751 filio
1168 1683 1270 1768 petri,
1287 1681 1347 1767 qui
1364 1684 1417 1749 θεῖ
1432 1683 1529 1748 terra
1545 1700 1621 1747 curn
1640 1681 1792 1748 arbustis
1807 1683 1841 1746 et
1856 1680 2067 1749 abellanieta
2082 1686 2115 1747 et
2136 1681 2216 1748 aliis
2230 1682 2407 1760 arboribus,

565 1860 669 1925 quam
689 1845 723 1908 et
740 1840 808 1908 due
824 1841 893 1907 alie
910 1840 1008 1924 pecie
1024 1838 1066 1904 de
1080 1838 1184 1905 terris
1200 1854 1277 1902 oum
1296 1837 1435 1904 arbusto
1452 1837 1488 1902 et
1502 1835 1697 1902 castanieta
1713 1838 1747 1901 et
1764 1833 1972 1901 abellanieta
1987 1833 2029 1901 de
2045 1841 2211 1920 quantum
2229 1839 2410 1920 quantoque

564 1996 611 2061 ab
627 1995 705 2078 ipso
721 1994 876 2078 iaquinto
892 1997 1053 2078 paratum
1072 1994 1214 2059 abemus
1230 1991 1266 2056 in
1284 1990 1402 2058 eodem
1427 1991 1502 2056 loco
1519 1993 1729 2066 munierum,
1748 1991 1856 2056 totum
1874 1989 2039 2068 funditus,
2060 1989 2147 2058 sicut
2162 1956 2327 2066 diximus,
2344 1990 2411 2056 illut

564 2147 602 2213 in
620 2146 778 2231 predicta
793 2145 939 2213 ecclesia
955 2145 1166 2213 offeruimus.
1186 2143 1352 2211 Similiter
1368 2145 1401 2211 et
1417 2143 1617 2210 offeruimus
1642 2141 1768 2209 ibidem
1782 2143 1864 2235 'alia
1888 2145 1985 2209 curte
2008 2144 2129 2209 nostra
2152 2141 2243 2228 quod
2268 2145 2411 2226 paratam

567 2299 709 2364 abemus
725 2297 759 2363 in
779 2299 892 2364 locum
907 2296 1092 2364 mariliano
1104 2295 1144 2383 ὓ),
1163 2313 1267 2380 quam
1282 2297 1317 2363 et
1332 2293 1403 2360 alia
1419 2297 1517 2360 curte
1540 2295 1661 2360 nostra
1684 2293 1774 2378 quod
1799 2297 1958 2378 paratam
1982 2297 2125 2362 abemus
2148 2295 2194 2361 da
2217 2295 2357 2362 heredes
2376 2295 2412 2362 de

565 2450 766 2518 hominibus
782 2449 839 2534 qui
856 2437 1002 2515 bocabat
1017 2448 1264 2526 cacainsancti,
1284 2447 1342 2530 qui
1359 2450 1412 2512 est
1429 2446 1595 2513 inlocum
1620 2465 1708 2530 apus
1731 2449 1871 2532 monte3
1897 2465 1958 2514 seu
1981 2451 2016 2514 et
2038 2447 2105 2515 alia
2128 2449 2224 2516 curte
2245 2449 2362 2514 nostra
2382 2449 2412 2514 in

566 2603 686 2670 eodem
714 2604 789 2669 loco
813 2619 900 2686 apus
923 2604 1039 2666 monte
1063 2598 1151 2684 quorl
1175 2600 1334 2682 paratam
1360 2598 1502 2664 abemus
1525 2596 1572 2664 da
1595 2598 1807 2667 costantinus
1830 2598 1902 2664 filio
1925 2599 2061 2677 totilati,
2081 2602 2134 2667 vel
2158 2600 2362 2686 ubicumque
2381 2601 2412 2666 in

571 2757 690 2824 eodem
709 2758 784 2823 loco
800 2754 843 2821 de
860 2755 937 2838 ipsa
961 2753 1065 2820 rebus
1088 2750 1176 2836 quod
1204 2753 1247 2818 ab
1271 2752 1347 2836 ipso
1371 2752 1593 2819 constantino
1617 2755 1776 2836 paratam
1801 2754 1954 2831 abemus
1981 2754 2142 2821 iubentus
2165 2754 2284 2840 luerit3
2309 2772 2364 2822 seu
2384 2764 2413 2820 et

535 2923 538 2928 ·
568 2911 737 2992 quantuni
756 2911 915 2992 paralum
933 2907 1074 2972 abemus
1090 2905 1136 2972 da
1153 2904 1296 2973 ccclesia
1311 2905 1514 2972 vocabolum
1530 2906 1641 2998 sancti
1665 2906 1790 2974 stefani
1807 2909 1841 2975 et
1857 2895 2056 2998 deecclesia
2078 2909 2283 2974 vocabalum
2307 2911 2412 2974 sancio

567 3062 691 3136 marie,
706 3081 772 3146 que
787 3060 948 3129 edificata
964 3061 1017 3126 est
1033 3060 1070 3126 in
1085 3057 1203 3126 eodem
1221 3059 1297 3124 loco
1312 3076 1400 3143 apus
1412 3061 1528 3125 monte
1540 3058 1736 3143 propinquo
1749 3059 1824 3143 ipso
1839 3061 1989 3138 castello,
2004 3078 2080 3126 cum
2093 3062 2195 3128 rebus
2207 3065 2241 3129 et
2253 3065 2414 3146 pertinen-

567 3214 623 3283 tiis
639 3215 711 3282 suis
727 3232 793 3300 que
808 3232 901 3280 nunc
918 3212 1044 3282 exinde
1060 3214 1223 3298 paratum
1242 3214 1397 3302 abemus
1415 3213 1470 3279 uel
1488 3210 1576 3297 quod
1601 3213 1639 3278 in
1664 3215 1765 3280 antea
1781 3229 1905 3298 parare
1928 3215 2156 3297 potuerimus,
2174 3213 2328 3282 funditus
2348 3215 2414 3282 illut

568 3369 603 3434 in
619 3367 756 3453 prelata
779 3367 926 3435 ecclesia
949 3367 1069 3434 sancte
1092 3365 1214 3443 marie,
1234 3363 1325 3450 quod
1348 3381 1412 3432 nos
1436 3367 1706 3442 construximus
1722 3367 1932 3452 optulimus3
1951 3384 2010 3434 seu
2028 3369 2062 3432 ot
2078 3367 2277 3435 offeruimus
2300 3366 2413 3434 ibidem

567 3539 672 3588 urium
689 3522 857 3588 molinum
874 3521 934 3606 qui
951 3519 1149 3588 edificatum
1167 3521 1219 3587 est
1233 3520 1270 3585 in
1287 3518 1391 3586 flubio
1407 3519 1513 3588 lirino
1529 3521 1727 3605 propinquo
1743 3521 1818 3587 fuso
1834 3520 1921 3605 quod
1945 3477 2071 3605 paratu
2093 3523 2234 3588 abemus
2256 3521 2303 3588 da
2325 3523 2409 3589 here

565 3671 627 3741 des
642 3672 813 3752 landoari,
832 3675 980 3758 qualiter
997 3673 1196 3738 conciatum
1214 3675 1249 3738 et
1265 3670 1461 3738 edificatum
1478 3673 1541 3750 est,
1561 3691 1640 3738 cum
1659 3673 1844 3740 serraturia
1862 3689 1927 3739 sua
1950 3675 1984 3738 et
2007 3691 2083 3737 cnm
2102 3673 2177 3739 vice
2199 3673 2243 3740 de
2268 3675 2325 3740 bia
2345 3691 2411 3758 sua3

568 3844 630 3894 seu
646 3829 679 3896 et
696 3827 835 3896 tertiam
852 3829 953 3910 parte
969 3825 1011 3894 de
1028 3843 1133 3891 unum
1152 3824 1318 3892 molinum
1339 3823 1427 3909 quod
1446 3827 1608 3908 paratum
1626 3826 1711 3891 abeo
1733 3824 1778 3892 da
1802 3826 1982 3909 garofolus
2005 3825 2185 3910 presbiter,
2205 3827 2265 3911 qui
2289 3826 2415 3895 edifica·

566 3983 638 4047 tum
656 3983 710 4047 est
727 3981 763 4046 in
780 3978 882 4046 liubio
899 3953 1183 4064 sarnosqualiler
1208 3978 1401 4046 conciatum
1421 3980 1484 4056 est,
1504 3995 1583 4044 cum
1608 3972 1799 4046 serraturia¹
1816 3981 1850 4045 et
1872 3935 2049 4046 cum'vice
2072 3979 2115 4048 de
2139 3981 2196 4046 bia
2219 3999 2284 4048 sua
2305 3981 2414 4047 inclita

570 4131 647 4215 ipsa
662 4135 800 4201 tertiam
816 4135 965 4219 partem;
983 4133 1064 4200 etsi
1081 4132 1232 4216 amplius
1247 4129 1374 4198 exindo
1391 4149 1518 4215 parare
1533 4130 1758 4215 potuerimus
1769 4130 1847 4199 illut
1864 4133 1898 4198 in
1915 4132 2033 4200 eadem
2050 4135 2197 4202 ecclesia
2212 4135 2412 4217 offeruimus

571 4303 633 4354 seu
649 4288 683 4353 ei
700 4285 902 4353 offeruimus
917 4284 1043 4352 ibidem
1062 4303 1169 4350 unum
1188 4283 1329 4350 calicem
1354 4283 1397 4350 de
1420 4285 1607 4368 argentum
1632 4287 1666 4350 et
1689 4283 1756 4351 due
1780 4289 1906 4370 patene
1930 4285 2090 4353 similiter
2113 4285 2156 4356 de
2178 4291 2371 4372 argentum.
2387 4289 2416 4351 ct

567 4459 673 4508 unum
692 4440 883 4508 turibulum
900 4439 1061 4506 similiter
1079 4438 1121 4507 de
1138 4439 1334 4522 argentum,
1353 4455 1413 4506 sou
1431 4441 1465 4504 et
1487 4438 1658 4523 quadluor
1674 4440 1852 4507 circitoria
1868 4439 1979 4507 serica
1992 4445 2026 4510 et
2049 4440 2218 4526 quadtuor
2234 4441 2417 4527 copertoria

568 4591 731 4660 similiter
749 4591 873 4670 serica,
892 4609 994 4676 quam
1011 4593 1045 4658 et
1063 4591 1265 4658 offeruimus
1282 4588 1410 4657 ibidem
1426 4589 1562 4658 codices
1577 4610 1676 4676 quem
1694 4592 1839 4659 interius
1861 4591 2086 4660 declaramus:
2106 4593 2239 4660 duobus
2262 4595 2345 4661 liber
2366 4611 2415 4660 co

569 4742 681 4819 mites,
701 4759 809 4809 unum
826 4741 1039 4809 indisanario
1056 4741 1099 4809 de
1116 4741 1172 4846 die
1188 4746 1222 4812 et
1239 4761 1342 4810 unum
1368 4742 1410 4812 de
1432 4747 1542 4822 noete,
1561 4748 1595 4810 et
1618 4745 1722 4811 aliurn
1747 4744 2019 4825 ambrosianum,
2038 4765 2109 4813 una
2131 4747 2257 4816 omelia
2279 4745 2414 4833 quadra·

567 4895 704 4979 gintam
720 4896 755 4962 et
771 4893 841 4962 alia
856 4890 989 4973 feriale,
1008 4895 1043 4960 et
1058 4913 1165 4960 unum
1184 4896 1420 4974 collectarium
1437 4897 1496 4981 qui
1520 4898 1598 4966 abet
1619 4897 1662 4964 de
1679 4897 1894 4982 apocalipsin
1918 4901 1952 4964 et
1974 4896 2017 4966 de
2041 4900 2189 4966 moralia
2213 4900 2282 4986 lap,
2300 4897 2413 4985 optati-

700 5071 993 5087 ---.——-·--——

622 5181 645 5253 ¹)
661 5183 734 5254 Sept,
751 5180 832 5238 vicus
847 5196 935 5253 supra
948 5179 1113 5238 Salernum.

624 5303 635 5338 ²
661 5305 848 5374 lucilianum,
866 5320 960 5377 pagus
973 5303 1003 5358 in
1019 5302 1208 5360 Comitatus.
1226 5303 1367 5362 Severini.

605 5309 647 5380 i

623 5430 646 5502 ³)
663 5431 844 5502 locationis
837 5447 868 5487 in
882 5431 1019 5488 lucania.

624 5555 636 5592 ⁸
666 5556 761 5627 Corra,
778 5557 900 5613 tortasse
915 5555 993 5613 idem
1008 5572 1041 5614 ac
1056 5554 1221 5614 (larentina.

638 5563 648 5625 l

620 5679 643 5752 ⁵)
659 5681 786 5748 lambio,
803 5679 886 5736 locus
900 5689 982 5737 extra
996 5680 1159 5738 Salernum.

624 5805 649 5878 θ)
663 5805 812 5862 Mortiiono
827 5803 925 5874 (hodie
942 5805 1134 5879 llarigliano),
1151 5807 1227 5880 apud
1242 5805 1367 5865 Nolam'
1361 5825 1390 5865 111
1406 5807 1575 5884 Campania.
