5286 7098
981 536 1349 612 ululet-trilices

293 759 321 869 †
343 803 408 869 ego
432 782 615 850 richardus
638 782 796 849 notarius
820 799 875 846 me
898 780 1088 864 subscripsi

295 911 410 1024 †ego
435 935 633 1004 romoaldus
657 953 711 1003 me
734 933 923 1019 subscripsi

292 1064 322 1173 †
343 1109 409 1195 ego
421 1088 644 1157 ¹madalfreda

290 1219 319 1330 †
342 1260 409 1330 ego
425 1263 527 1313 ursus
549 1243 663 1311 scriva
685 1243 778 1314 filius
800 1242 1009 1311 constantini
1032 1245 1122 1310 banc
1150 1245 1346 1312 chartulam
1370 1245 1520 1312 similem
1544 1247 1740 1330 exemplavi
1769 1248 1850 1315 ante
1877 1249 2088 1332 presentiam

228 1399 553 1482 subterscriptorum
572 1399 713 1465 testium
729 1396 771 1466 de
787 1399 947 1466 chartula
961 1397 1213 1482 langovardica
1229 1397 1359 1482 scripta
1376 1415 1491 1466 mense
1508 1398 1684 1466 februario
1706 1397 1896 1466 indictione
1913 1400 2040 1484 prima.
2094 1374 2099 1384 ¹

291 1523 319 1632 †
342 1567 409 1636 ego
425 1550 562 1634 sergius
577 1549 620 1618 de
635 1548 761 1616 domno
777 1549 859 1634 lupo
875 1549 918 1616 de
934 1549 1052 1632 sergio
1070 1549 1194 1617 comite
1211 1549 1248 1616 in
1264 1549 1329 1617 ista
1344 1547 1636 1632 exemplationem
1653 1549 1750 1618 testis
1765 1568 1853 1630 sum,
1873 1551 1955 1635 quia
1978 1552 2088 1636 ipsam

227 1705 422 1769 chartulam
440 1699 692 1786 langobardica
707 1699 775 1768 vidi
792 1703 828 1768 et
843 1701 966 1784 relegi.

274 1828 317 1939 †
341 1873 407 1940 ego
424 1873 565 1922 maurus
588 1854 631 1922 dc
647 1853 773 1921 domno
797 1856 879 1940 lupo
901 1854 944 1922 de
967 1855 1083 1938 sergio
1106 1855 1230 1924 comite
1253 1854 1289 1920 in
1313 1855 1380 1920 ista
1403 1852 1657 1938 exemplatione
1680 1853 1775 1922 testis
1798 1854 1988 1939 sompnia
2012 1857 2089 1938 ipsa

227 2011 390 2080 chartula
406 2007 655 2093 langobardica
670 2007 741 2076 bidi
758 2017 792 2077 et
807 2011 927 2094 relegi.

215 2221 220 2228 .
288 2133 318 2246 †
341 2181 407 2246 ego
424 2163 477 2228 leo
493 2161 586 2228 filius
601 2162 710 2245 sergii
726 2161 769 2228 de
786 2179 953 2230 mansone
969 2163 1092 2230 comm
1107 2162 1143 2228 in
1159 2162 1224 2230 ista
1240 2163 1495 2247 exemplatione
1509 2163 1607 2231 testis
1624 2181 1711 2242 suni,
1731 2163 1814 2248 quia
1828 2164 1904 2248 ipsa
1927 2167 2087 2232 chartula

226 2311 473 2398 langobardica
488 2311 558 2378 vidi
574 2315 609 2378 et
624 2314 745 2398 relegi.

282 2440 312 2549 †
337 2483 403 2550 ego
421 2464 661 2532 constantinus
677 2464 769 2532 filius
786 2467 962 2533 mansonis
979 2465 1022 2534 de
1037 2466 1256 2535 constantino
1272 2466 1315 2533 de
1330 2469 1411 2550 lupo
1427 2466 1551 2532 comite
1568 2466 1605 2531 in
1621 2466 1686 2532 ista
1710 2466 1966 2550 exemplatione
1989 2469 2086 2534 testis

226 2637 315 2692 suni,
334 2617 416 2700 quia
433 2617 510 2699 ipsa
525 2617 683 2682 chartula
699 2615 951 2703 langobardica
967 2616 1035 2684 vidi
1054 2619 1089 2684 et
1105 2619 1227 2702 relegi.

998 3123 1331 3203 oonxvru.
1448 3091 1455 3100 ’

1010 3368 1065 3444 A.
1104 3369 1155 3446 D.
1194 3365 1297 3446 972.

251 3677 253 3680 ’
284 3633 320 3764 †
346 3685 384 3745 ln
401 3679 540 3746 nomine
555 3677 688 3743 domini
705 3676 974 3762 quadragesimo
991 3693 1082 3742 aurio
1100 3676 1318 3760 principatus
1333 3675 1447 3742 domni
1470 3639 1580 3743 nostri
1604 3677 1718 3761 gisolfi
1742 3677 1886 3763 gloriosi
1902 3680 2084 3764 principis,

223 3827 370 3918 septimo
386 3831 443 3896 dic
459 3830 613 3896 intrante
639 3847 756 3898 mense
782 3831 922 3898 octuber
951 3831 1067 3914 prima
1094 3829 1294 3896 indictione.
1313 3849 1390 3895 curn
1417 3831 1530 3898 autem
1546 3828 1602 3898 die
1625 3828 1772 3913 quadam
1796 3833 1876 3899 exet
1901 3848 1967 3914 ego
1990 3833 2087 3916 trup-

223 3983 368 4068 poaldus
384 3981 535 4052 sculdais
551 3981 587 4048 in
605 3985 716 4049 locum
731 3983 814 4048 hubi
831 3983 1013 4054 correiano
1029 3985 1171 4048 bocatur
1187 3982 1404 4050 salernitane
1425 3983 1562 4062 tinibus,
1580 3985 1661 4049 tunc
1686 3983 1801 4068 ibique
1824 3986 1906 4052 ante
1928 4001 1983 4050 mc
2006 4001 2087 4050 con-

222 4136 331 4202 iuncti
356 4141 437 4204 sunt
452 4139 650 4205 causatores
667 4097 868 4220 ermengari
895 4135 988 4203 filius
1004 4137 1217 4220 erchinperti
1243 4139 1277 4202 et
1304 4135 1453 4203 bisantio
1468 4135 1561 4202 filius
1576 4134 1739 4201 iohannis
1765 4137 1800 4204 ct
1821 4133 1968 4200 andreas
1984 4091 2095 4201 οΙΘΡῙᾸ

225 4305 284 4353 cus
306 4287 401 4352 filius
428 4288 540 4354 mauri
570 4289 713 4371 propter
740 4289 843 4354 rebus
868 4285 910 4354 de
926 4286 1044 4354 eodem
1068 4289 1142 4353 loco
1165 4287 1346 4354 correiano
1372 4303 1393 4352 a
1416 4303 1520 4369 super
1543 4301 1623 4351 casa
1646 4283 1754 4368 ipsius
1779 4281 1979 4367 ermengari
2001 4283 2085 4348 hubi

223 4440 323 4508 modo
349 4441 519 4510 residente
546 4443 608 4520 est,
628 4440 743 4508 hunde
769 4441 837 4508 iam
866 4445 945 4510 ante
961 4459 1000 4507 os
1026 4440 1100 4508 dies
1129 4441 1203 4526 ipse
1228 4439 1428 4524 ermengari
1452 4457 1528 4506 cum
1554 4438 1618 4526 ipsi
1635 4420 1784 4506 bisantio
1800 4435 1998 4504 etandreas
2015 4437 2084 4504 cle-

223 4597 320 4664 ricus
334 4595 473 4662 causavi
498 4597 532 4662 et
559 4595 650 4662 inter
677 4614 713 4664 se
729 4594 886 4679 guadiati
905 4557 1045 4662 ruerunt
1070 4614 1132 4680 per
1148 4597 1265 4679 partes
1280 4593 1479 4680 plicaudum
1502 4611 1538 4660 se
1562 4610 1639 4660 cnm
1663 4593 1735 4660 suis
1759 4590 1951 4659 rationibus
1973 4592 2007 4658 ct
2035 4609 2088 4658 se-

227 4747 379 4815 cuudum
404 4750 518 4832 legem
536 4745 628 4813 inter
650 4765 687 4813 se
710 4746 791 4814 inde
814 4747 918 4814 finem
935 4747 1059 4826 facere,
1079 4747 1180 4814 modo
1195 4746 1333 4832 quidem
1349 4747 1431 4814 ante
1446 4765 1501 4814 me
1516 4744 1691 4812 coniuncti
1709 4747 1790 4812 sunt
1813 4743 1893 4812 iude
1915 4744 2019 4812 linem
2037 4745 2089 4811 sa-

225 4899 386 4968 ciendum
415 4903 450 4965 et
476 4898 591 4966 statim
616 4916 679 4982 per
706 4901 821 4982 partos
845 4898 1045 4966 ostederunt
1069 4898 1150 4966 inde
1172 4898 1375 4978 monimina,
1394 4899 1485 4966 inter
1508 4890 1594 4984 qdos
1617 4897 1816 4966 ostederunt
1839 4894 2086 4979 scriptionibus

229 5053 479 5130 continentem,
498 5052 648 5136 qualiter
665 5070 727 5136 per
743 5051 941 5137 rodipertus
956 5052 1049 5120 filius
1066 5052 1203 5137 lioperti
1220 5053 1276 5138 qui
1294 5053 1359 5122 fuit
1374 5053 1449 5120 thio
1473 5052 1626 5137 ipsorum
1649 5050 1789 5120 bisantii
1806 5053 1841 5117 et
1856 5046 2002 5133 predicti
2026 5064 2088 5113 an·
2108 5073 2109 5079 ¹

228 5205 309 5274 dree
326 5205 444 5272 clerici
460 5206 599 5272 ostensa
614 5203 735 5272 fuerad
761 5221 829 5272 una
853 5205 1023 5282 chartula,
1039 5203 1186 5290 qualiter
1209 5199 1421 5291 comprando
1438 5223 1500 5290 per
1515 5204 1647 5272 vicaria
1661 5201 1810 5273 dederad
1834 5199 2003 5286 rodiperti
2026 5200 2085 5284 qui

226 5355 291 5420 luit
307 5355 387 5420 abio
406 5355 516 5438 ipsius
531 5353 699 5439 rodiperti
716 5357 813 5422 terra
829 5373 904 5422 cum
923 5357 1065 5423 arbusto
1080 5357 1117 5423 in
1134 5354 1290 5440 predicto
1305 5358 1418 5424 locum
1435 5355 1616 5423 correiano
1632 5372 1695 5439 per
1711 5355 1801 5421 finis:
1821 5353 1864 5420 de
1884 5351 1951 5421 due
1973 5353 2086 5438 partis

230 5507 298 5576 fine
313 5507 497 5591 ramperti,
516 5508 573 5593 qui
596 5508 662 5576 suit
689 5507 766 5576 abio
782 5509 893 5576 eidem
918 5510 1132 5595 ermengart
1151 5509 1195 5577 de
1217 5529 1286 5577 una
1307 5513 1407 5593 parte
1425 5509 1494 5578 fine
1517 5507 1630 5578 medio
1653 5508 1767 5586 ribus,
1793 5507 1865 5575 alia
1891 5508 1990 5591 parte
2016 5506 2085 5571 fine

230 5657 342 5726 eidem
360 5657 542 5744 rodiperti:
562 5659 657 5726 infra
671 5658 747 5743 ipse
761 5659 842 5728 finis
858 5661 1108 5746 sceptuaberad
1125 5661 1194 5739 bia,
1212 5660 1271 5746 qui
1287 5659 1329 5727 ad
1346 5677 1428 5727 casa
1443 5659 1552 5743 ipsius
1569 5657 1738 5744 rodiperti
1753 5657 1901 5736 deducit,
1919 5675 2001 5725 nam
2026 5615 2086 5724 illo

228 5811 341 5877 baliut
356 5815 464 5878 totum
487 5831 548 5897 per
573 5813 705 5882 vicaria
728 5812 760 5880 ei
783 5813 946 5883 dederad.
965 5833 1042 5882 cum
1065 5835 1132 5900 quo
1156 5814 1400 5884 scribtionibus
1424 5812 1497 5898 ipse
1520 5810 1676 5880 audimus
1701 5811 1918 5895 religentem,
1933 5808 2085 5874 diximus
