5252 7102
1018 576 1387 652 lllPLOlldTlCUS
2016 594 2079 656 303

265 819 356 886 leoni
381 817 494 914 abbati
511 818 729 899 venumdedi,
747 818 914 887 securiter
938 822 972 888 et
994 819 1140 887 firmiter
1164 820 1287 888 amodo
1309 822 1344 889 et
1365 839 1503 906 semper
1518 825 1556 888 tn
1572 821 1707 906 tuisque
1724 823 1977 892 successoribus
1994 825 2125 908 etpars

262 970 372 1037 vestri
397 971 603 1037 monasterii
627 971 706 1038 illos
729 968 939 1050 habendum,
965 969 1228 1052 dominandum,
1255 972 1524 1056 possidendum,
1551 975 1668 1040 omnia
1691 972 1818 1042 exinde
1840 975 2034 1042 faciendum
2059 995 2125 1060 que

267 1119 363 1186 vobis
385 1121 568 1205 placuerit.
595 1121 696 1191 Unde
715 1141 778 1208 pro
803 1087 1078 1190 confirmandam
1103 1127 1138 1192 et
1160 1122 1440 1192 stabiliscendam
1456 1127 1554 1191 ¹hanc
1577 1129 1698 1192 nostra
1733 1124 1944 1194 vindictione
1977 1145 2069 1193 nnnc
2102 1145 2124 1194 e

262 1274 417 1358 presenti
441 1275 556 1359 recepi
584 1292 606 1341 a
629 1276 664 1342 te
687 1275 885 1342 nominatus
909 1277 963 1342 leo
991 1276 1096 1342 abbas
1118 1273 1195 1342 auri
1218 1276 1345 1344 solidos
1367 1294 1550 1344 numerum
1574 1276 1721 1361 triginta
1745 1295 1813 1344 ana
1846 1277 2018 1362 qnadtuor
2044 1250 2120 1346 anri

261 1425 329 1492 tari
354 1427 435 1492 coni
460 1444 523 1510 per
546 1443 752 1513 unoquoque
775 1427 919 1496 solidum
945 1429 983 1496 i'n
1008 1429 1121 1498 omnis
1144 1428 1406 1506 deliberatione,
1426 1430 1516 1496 sicut
1539 1429 1631 1496 inter
1654 1447 1716 1496 nos
1750 1429 1929 1496 combenit.
1956 1430 2121 1522 finitoque

259 1577 412 1660 pretinm
431 1577 541 1661 ipsum
558 1579 642 1662 aput
657 1594 721 1645 nos
744 1596 786 1645 ea
801 1579 937 1664 quidem
966 1579 1113 1654 ratione,
1131 1598 1198 1666 ego
1224 1581 1384 1665 superius
1411 1581 1608 1648 nominatus
1634 1597 1753 1647 manso
1780 1580 1911 1666 guadia
1938 1581 2000 1646 tibi
2027 1583 2119 1648 leont

257 1727 374 1796 abbati
391 1727 483 1806 dedi,
502 1731 537 1796 et
553 1729 775 1799 mediatorem
792 1733 855 1798 tibi
872 1733 972 1817 posui
988 1751 1069 1801 ursu
1086 1733 1285 1801 atrianense
1301 1733 1393 1801 filins
1409 1733 1581 1818 quondam
1606 1734 1701 1818 sergi
1718 1733 1776 1818 qui
1795 1732 1947 1801 uocabed
1964 1735 2119 1802 voccabi-

260 1883 342 1948 tello
357 1904 366 1970 3
384 1885 418 1949 et
434 1901 497 1968 per
514 1883 589 1968 ipsa
604 1883 734 1970 guadia
750 1887 867 1970 obligo
882 1905 937 1952 me
954 1905 1113 1972 meosque
1128 1888 1219 1956 filios
1243 1889 1277 1955 et
1300 1886 1445 1956 heredes
1460 1886 1623 1954 iamdicta
1649 1889 1768 1954 nostra
1790 1886 2001 1954 vindictione
2028 1887 2118 1953 anti-

259 2039 390 2104 stamus
408 2041 442 2104 et
456 2036 672 2106 defensemus
688 2039 750 2106 tibi
765 2039 883 2124 tuique
899 2042 1153 2108 successoribus
1169 2043 1203 2108 et
1218 2060 1301 2126 pers
1318 2041 1425 2108 vestri
1443 2037 1642 2108 monasterii
1658 2057 1678 2106 a
1693 2058 1777 2124 pars
1793 2041 1895 2107 uxori
1921 2058 1993 2106 mee
2016 2043 2050 2107 et
2072 2040 2117 2106 da

258 2191 374 2256 omnis
391 2189 547 2258 homines
563 2191 725 2277 omnique
742 2193 909 2278 partibus.
929 2195 957 2260 si
983 2196 1109 2273 antem,
1128 2199 1193 2262 etc:
1222 2191 1381 2278 Sequitur
1406 2197 1566 2262 consueta
1588 2193 1752 2276 saeida.
1775 2191 2008 2274 Compensatio
2035 2193 2116 2277 defi-

257 2339 336 2406 nito
348 2339 416 2421 suit
429 2356 496 2422 per
511 2341 759 2427 quinquaqinta
776 2323 897 2412 aereos
913 2346 1037 2413 solidos
1051 2347 1342 2415 constentinionos
1352 2363 1419 2427 pro
1430 2347 1548 2428 pectis
1573 2361 1640 2409 non
1662 2345 1818 2423 servatio,
1837 2347 2012 2413 resermoto
2039 2346 2116 2410 lere

255 2491 440 2560 causandi.
460 2495 593 2559 tanturn
611 2493 646 2558 in
664 2495 741 2578 ipsa
756 2497 901 2562 ecclesia
916 2496 1031 2563 sancti
1042 2495 1139 2580 petri
1157 2495 1267 2564 licead
1291 2514 1345 2562 me
1372 2495 1479 2564 bicem
1508 2496 1635 2561 habere
1660 2496 1762 2579 quale
1788 2496 1823 2559 ct
1849 2512 1953 2560 unum
1980 2492 2023 2560 de
2047 2495 2114 2576 ipsi

264 2644 367 2710 fratri
384 2622 464 2712 mei.
484 2651 519 2712 et
533 2647 655 2713 taliter
671 2649 824 2734 scribere
839 2649 1043 2732 rogabimus
1059 2653 1093 2718 te
1109 2649 1306 2717 romoaldus
1322 2648 1490 2716 notarius.
1510 2649 1646 2714 hactum
1663 2639 1810 2716 salerno,

315 2771 345 2884 †
360 2817 426 2883 ego
442 2802 569 2867 unoala

262 3022 265 3026 ,
316 2925 345 3034 †
363 2973 429 3037 ego
445 2956 565 3038 petrns
580 2971 635 3020 me
651 2954 837 3038 subscripsi

314 3075 344 3188 †
361 3124 426 3191 ego
443 3105 660 3192 lodelgrimo.

973 3614 1397 3694 CCCCXXVIII.

1046 3861 1100 3936 A.
1138 3859 1188 3937 D.
1226 3857 1330 3938 990.

315 4118 350 4254 †
373 4175 410 4237 ln
426 4172 567 4238 nomine
580 4170 711 4240 domini
729 4173 876 4258 septimo
892 4191 984 4240 anno
1001 4171 1216 4256 principatus
1231 4171 1347 4239 domni
1365 4170 1472 4239 nostri
1498 4169 1654 4249 iohanni,
1669 4173 1703 4237 et
1715 4169 1864 4238 secundo
1882 4187 1973 4236 anno
1996 4168 2114 4235 domni

249 4322 447 4408 guaimarii
463 4325 537 4393 eius
560 4325 632 4392 filio
648 4328 791 4412 gloriosi
807 4327 1037 4414 principibus
1055 4345 1173 4395 mense
1196 4329 1340 4412 agustus
1365 4327 1469 4396 tertia
1493 4324 1694 4392 indictione.
1713 4323 1997 4392 memoratorium
2020 4323 2115 4390 factu

253 4493 275 4541 a
293 4494 349 4542 me
365 4477 547 4544 cinnamus
562 4478 733 4563 presbiter
749 4480 960 4549 benerabilis
976 4480 1079 4548 abbas
1094 4481 1210 4548 rector
1228 4479 1371 4548 ecclesie
1386 4477 1497 4544 sancti
1521 4477 1680 4554 maximi,
1699 4493 1739 4543 eo
1763 4473 1852 4560 quod
1878 4476 1959 4542 ante
1982 4472 2116 4542 idoneis

258 4627 473 4707 hominibus,
493 4628 548 4712 qni
566 4629 805 4697 subterscribti
822 4635 915 4712 sunt,
934 4650 1002 4699 una
1017 4649 1149 4700 mecum
1166 4629 1326 4697 adessent
1342 4628 1542 4696 landoarius
1557 4645 1671 4693 comcs
1687 4625 1928 4693 advocatorem
1945 4644 2058 4693 meum
2074 4625 2117 4694 de

253 4779 419 4850 dominiis
435 4801 541 4848 unum
557 4781 600 4850 de
617 4783 692 4872 ipsa
708 4786 867 4865 ecclesia,
887 4784 1042 4854 dedimus
1057 4788 1092 4853 et
1110 4785 1318 4853 tradidimus
1335 4783 1378 4851 ad
1397 4781 1619 4851 lavorandnm
1636 4785 1671 4848 et
1687 4780 1937 4867 pastenandum
1962 4798 2031 4847 una
2046 4782 2116 4848 clu-

253 4932 352 4998 suria
368 4933 409 5001 de
423 4935 520 5002 terra
536 4937 573 5001 et
587 4935 813 5020 irugiandum
830 4935 1002 5006 benedieti
1018 4935 1111 5004 lilius
1128 4933 1273 5002 iohanni
1287 4935 1330 5003 de
1346 4937 1459 5002 locum
1476 4935 1587 5002 airole
1602 4935 1637 5001 et
1652 4933 1782 5001 vonizzi
1806 4932 1895 5000 liber
1918 4935 2020 4999 homo
2038 4931 2116 5029 'avi-

256 5087 350 5153 tator
373 5089 416 5158 de
431 5089 584 5168 nuceria,
610 5091 668 5175 qui
691 5091 744 5157 est
767 5090 845 5174 ipsa
867 5091 1019 5158 clusoria
1044 5109 1120 5156 cnm
1144 5089 1333 5174 aliquantis
1356 5089 1539 5157 arvoribus
1555 5089 1652 5156 vitati
1677 5090 1711 5156 et
1734 5086 1912 5172 aliquante
1933 5086 2051 5169 plante
2072 5083 2115 5151 de

257 5213 414 5309 ebellane
437 5244 472 5309 et
495 5259 640 5310 vacuum
663 5261 735 5312 unu
758 5243 920 5322 teniente‚
938 5262 1038 5329 quem
1063 5262 1145 5328 pars
1167 5241 1332 5311 iamdicte
1354 5242 1499 5311 ecclesie
1522 5242 1634 5310 sancti
1658 5238 1802 5308 maximi
1826 5239 1932 5305 habet
1947 5239 1984 5304 in
2001 5239 2114 5305 locum

256 5393 377 5478 agella
398 5393 565 5461 nucerine
587 5393 726 5474 finibus,
744 5412 810 5480 que
834 5397 886 5462 est
908 5395 1103 5480 propinquo
1126 5398 1276 5463 cantone
1299 5395 1342 5462 de
1365 5394 1506 5462 civitate
1528 5395 1644 5462 antica
1666 5411 1732 5478 que
1753 5392 1818 5458 fuit
1840 5391 2019 5470 nucerina,
2045 5411 2111 5478 que
2195 5487 2197 5492 Ι

256 5545 359 5613 habet
380 5544 461 5611 finis
483 5544 561 5629 ipsa
584 5545 737 5613 clusoria
759 5547 794 5614 et
816 5547 1026 5614 mensariis:
1053 5565 1075 5614 a
1098 5563 1179 5632 pars
1203 5545 1349 5614 meridie
1372 5545 1441 5612 fine
1464 5545 1521 5612 via
1544 5543 1695 5628 publica,
1721 5544 1803 5609 sunt
1826 5541 1906 5610 inde
1930 5561 1993 5628 per
2018 5560 2117 5610 men-
2201 5569 2206 5578 ·

255 5696 352 5766 suria
374 5697 469 5782 passi
493 5699 630 5767 centum
653 5698 802 5786 triginta
824 5718 887 5768 sex
903 5703 915 5765 :¹
937 5718 959 5769 a
981 5718 1064 5786 pars
1086 5699 1275 5768 occidentis
1298 5700 1366 5766 tine
1389 5699 1447 5765 via
1469 5695 1597 5774 antica,
1626 5697 1706 5763 sunt
1728 5694 1809 5762 inde
1832 5695 1928 5780 passi
1951 5693 2112 5764 sidecim:

254 5867 277 5915 a
301 5869 386 5936 pars
409 5851 676 5934 septemtrionis,
704 5854 871 5939 quomodo
895 5855 1112 5939 aliquantum
1133 5853 1216 5939 poiu
1239 5851 1419 5930 discernit,
1438 5850 1507 5918 fine
1529 5848 1571 5918 de
1595 5847 1740 5918 heredes
1763 5847 1969 5933 gaidenardi
1993 5846 2036 5916 de
2057 5863 2115 5915 eo·
