5378 7098
1223 549 1354 622 lNllllX
1380 540 1741 635 CHllONOLO'GlCUS

2148 1106 2178 1158 A
2156 1054 2178 1091 1·
2155 1003 2177 1037 c
2156 949 2178 987 a

2241 886 2273 1218 Numerus

2340 1041 2382 1170 Pag
2348 928 2371 1012 na

1271 899 1421 961 'Nomen

1337 1027 1373 1084 et
1596 1019 1805 1082 Membranae
1827 1013 2044 1080 Summarium

1113 1176 1143 1204 μ.
1219 1147 1306 1208 Anni
1320 1145 1493 1234 Principis·

622 919 654 1241 Numerus

780 1120 810 1170 A
803 1095 809 1106 -
779 1003 810 1050 D
804 979 810 991 -

541 1304 2403 1350 μ

1062 1341 1067 1518 ἱ
1529 1413 1659 1491 quintus
1676 1413 1732 1472 lilii
1750 1413 1910 1492 quondam
1934 1411 2096 1471 Domnan·

1530 1495 1560 1554 di
1593 1496 1625 1554 in
1662 1495 1858 1555 beneficium
1889 1491 2095 1565 concedunt,

1531 1577 1697 1638 nonnullis
1714 1577 1817 1655 pactis
1841 1574 2022 1644 servandis,
2039 1575 2098 1634 Ec·

1530 1659 1664 1718 clesiarn
1690 1658 1722 1720 S.
1740 1658 1871 1720 loannis
1894 1658 1925 1718 in
1951 1656 2020 1716 loco
2040 1655 2098 1716 Vc-

1530 1743 1592 1801 tcri
1615 1759 1686 1800 cum
1716 1741 1821 1816 domo,
1840 1741 1934 1800 vinea
1957 1747 1991 1798 el
2013 1737 2098 1810 aliia,

1530 1823 1634 1884 Sabae
1658 1823 1849 1902 presbytero
1873 1833 1904 1882 et
1927 1820 2045 1881 Abbati
2068 1827 2100 1881 et

763 1985 766 1992 ¹
1532 1905 1668 1965 Cosmae
1698 1906 1889 1984 presbytero
1916 1923 1956 1964 ecc
1982 1920 2099 1981 qaaere
2205 1965 2207 1970 ,

1531 2005 1737 2065 qroecorum,
1766 1989 1821 2066 qui
1851 1987 1958 2047 eidem
1989 1985 2102 2045 Eccle-

1532 2070 1599 2129 siae
1626 2070 1825 2130 donaverant
1847 2069 2022 2148 plerosque
2049 2085 2100 2126 co-

1533 2151 1635 2228 (licea,
1653 2170 1744 2212 sacra
1759 2152 1955 2212 vestimenta
1973 2156 2005 2209 el
2022 2148 2101 2210 alias

1534 2233 1793 2313 suppellectiles.

548 2414 751 2478 ccclxxxln
776 2415 838 2479 986
876 2402 1054 2466 Februario
1105 2399 1177 2464 XlV
1239 2403 1271 2462 3.
1296 2399 1429 2462 Ioauurs
1460 2403 1492 2457 et
1574 2397 1852 2467 liemoraaoriom,
1870 2414 1932 2474 quo
1946 2395 2103 2458 Martinus

1261 2478 1490 2544 Guroourslilii
1534 2479 1706 2559 presbyter
1732 2486 1765 2540 el
1792 2477 1893 2538 abbas
1916 2481 1948 2538 S.
1972 2476 2102 2538 Maximi

1535 2581 1643 2622 coram
1668 2562 1761 2622 Petro
1790 2560 1900 2621 iudice
1924 2561 2097 2629 consentit,

1438 2705 1440 2710 .
1535 2651 1570 2705 ul
1594 2644 1695 2704 Maria
1725 2641 1843 2704 mulier
1870 2642 1974 2703 libera
2004 2641 2104 2702 nubat

1534 2728 1686 2787 Andreae
1705 2725 1827 2786 famulo
1844 2725 2030 2802 praedictae
2047 2724 2107 2784 Ec-

1535 2809 1654 2868 clesiae
1680 2805 1745 2867 filio
1772 2806 1920 2883 Iordani3
1950 2813 1983 2867 et
2010 2805 2107 2866 liceat

1535 2891 1602 2951 illis
1623 2896 1655 2949 et
1679 2889 1766 2960 liliis,
1783 2889 1811 2950 si
1827 2887 2014 2964 habuerint,
2027 2889 2107 2948 reai-

1534 2973 1610 3032 olere
1638 2973 1673 3031 in
1704 2971 1799 3032 rebare
1831 2971 1996 3032 Ecclesiae
2025 2971 2107 3031 sicut

1535 3055 1629 3116 liberi
1646 3056 1807 3123 luminae
1825 3058 1983 3114 calomen
1999 3053 2107 3112 condi-

1536 3137 1636 3210 tione,
1661 3143 1696 3197 ut
1719 3137 1758 3197 de
1787 3137 1875 3196 omni
1903 3141 2042 3214 quaestu
2068 3153 2107 3216 ex

1537 3220 1604 3278 suis
1620 3219 1769 3298 operibus
1781 3217 2011 3296 personalibus
2028 3215 2108 3278 duas

1537 3306 1647 3379 parles
1668 3300 1849 3380 praebeant
1870 3299 2051 3369 Ecclesiae,
2077 3306 2109 3360 el

1538 3382 1673 3444 alteram
1692 3383 1755 3443 sihi
1772 3383 1903 3444 iaciant.

555 3559 756 3625 ccccxxxw
780 3559 841 3626 986
919 3544 1023 3624 Aprili
1111 3544 1183 3606 xlv
1244 3543 1275 3604 3.
1301 3543 1497 3608 Ioannis-et
1580 3547 1755 3607 Concessio
1784 3553 1892 3606 terroe
1930 3553 1962 3604 et
1992 3544 2107 3605 domus

1266 3627 1425 3689 Gurnours
1439 3627 1496 3688 filii
1539 3629 1624 3708 apud
1640 3628 1821 3690 Ecclesiam
1844 3628 1878 3688 S.
1896 3626 2036 3688 llalhaei
2053 3625 2108 3686 Sa·

1539 3711 1624 3772 lerni
1638 3730 1655 3771 a
1669 3709 1854 3772 Guaimario
1867 3708 1932 3768 lilio
1946 3709 2109 3787 quondam

1540 3792 1698 3854 Guailerii
1725 3793 1853 3853 comilis
1880 3791 1966 3851 lacta
1992 3791 2031 3850 ad
2054 3791 2109 3852 de-

1541 3893 1613 3935 cem
1630 3883 1663 3935 et
1679 3877 1749 3935 octo
1765 3893 1866 3934 annos
1889 3873 1985 3933 Petro
2009 3874 2108 3952 magi·
2190 3948 2196 3956 .

1540 3963 1625 4027 slro;
1643 3957 1688 4018 ila
1703 3975 1791 4026 vero,
1809 3962 1843 4016 ul
1860 3961 1931 4034 post
1950 3955 2032 4015 duos
2054 3973 2107 4014 an·

1541 4057 1599 4099 nos
1625 4041 1753 4099 domurn
1788 4044 1951 4099 restauret
1983 4043 2016 4098 et
2043 4037 2109 4096 sin-

1539 4121 1624 4198 gulis
1654 4121 1747 4181 annis
1774 4119 1923 4181 kalendis
1950 4120 2109 4197 cuiusque

1541 4205 1664 4264 mensis
1676 4203 1780 4264 solvat
1793 4211 1924 4263 tarenos
1938 4202 2008 4262 auri
2018 4202 2108 4274 duos,

1541 4284 1670 4364 aliaque
1686 4285 1874 4365 adimpleat.

568 4417 756 4479 CCCLXXXV
782 4434 845 4498 986
934 4403 1016 4466 Maio
1114 4406 1188 4468 XIV
1247 4405 1277 4465 3.
1303 4403 1437 4468 Ioannis
1467 4413 1500 4466 el
1581 4407 1734 4468 Venditio
1776 4407 1933 4468 bonorum
1971 4405 2002 4465 in
2039 4405 2109 4465 loco

1269 4487 1499 4550 Gurnourssrlii
1543 4488 1750 4567 Gampiliooo
1774 4489 1807 4548 in
1831 4489 2040 4567 pertinentiis
2057 4489 2111 4549 Sa·

1540 4572 1624 4632 lerni
1637 4591 1654 4632 a
1668 4571 1787 4631 loanne
1803 4571 1868 4632 lilio
1887 4570 2047 4650 quondam
2064 4571 2110 4630 lo·

1543 4655 1637 4715 annis
1663 4653 1822 4714 Gaidonia
1846 4653 1931 4714 lacta
1955 4653 2037 4713 Pero
2061 4671 2113 4714 co·

1541 4744 1639 4814 gnato
1653 4755 1709 4796 suo
1724 4735 1791 4795 lilio
1804 4735 1965 4813 quondam
1980 4734 2112 4796 Ioannis

1541 4820 1595 4897 qui
1615 4817 1734 4879 dicitur
1754 4818 1961 4889 Vamvocorl,
1981 4835 2038 4896 pro
2057 4835 2112 4877 au-

1542 4901 1607 4961 reis
1629 4899 1742 4962 solidis
1767 4907 1954 4961 tarenorum
1976 4898 2114 4978 quadra-

1217 4935 1221 5068 Ι
1541 4983 1631 5056 ginta
1653 5001 1719 5043 arao
1743 4991 1884 5060 quatuor
1906 4983 1982 5043 auri
2004 4985 2114 5044 tareni

1542 5065 1617 5125 boni
1627 5084 1690 5144 pro
1706 5083 1896 5144 ursoquoque
1912 5065 2027 5125 solido.

558 5176 848 5246 ccccxxxv1986
940 5181 1023 5245 lulio
1117 5183 1191 5246 xlv
1259 5183 1311 5245 29.
1355 5183 1495 5246 Ducatus
1584 5187 1721 5248 Donatio
1737 5187 1881 5248 omnium
1905 5180 2061 5248 bonorum
2079 5187 2113 5247 in

1143 5265 1146 5271 ’
1300 5265 1494 5343 nmalphiae
1545 5269 2113 5348 locol'etcriultrocilroquellumen

1293 5349 1496 5412 Mausours
1545 5351 1687 5413 Boneloc
1721 5357 1754 5412 et
1787 5351 1873 5412 iuxta
1905 5352 1981 5412 litus
2015 5353 2114 5412 maris

1296 5437 1329 5491 et
1364 5428 1415 5490 ll.
1448 5432 1495 5492 lo·
1544 5434 1629 5493 lacta
1666 5434 1780 5494 Niceto
1816 5434 1979 5513 imperiali
2008 5439 2114 5512 prolo-

1301 5529 1398 5574 ANNIS
1438 5513 1496 5574 filii
1544 5515 1874 5595 spatharioallegale
1891 5515 2022 5576 ducissa
2037 5533 2114 5576 uxo·

1301 5596 1385 5656 eius.
1544 5615 1579 5658 re
1593 5598 1769 5676 supradicti
1780 5597 1911 5658 loannis
1924 5597 2114 5669 ducis,con·

1546 5680 1765 5740 sentientibus
1785 5683 1852 5740 viro
1875 5680 1946 5739 eius
1969 5686 2003 5742 et
2024 5679 2115 5760 geni·

1546 5767 1616 5821 tore
1634 5763 1764 5822 nornine
1781 5760 1965 5824 Arechisio.
2162 5759 2204 5822 lv
2258 5754 2300 5820 10
2345 5747 2407 5810 238
