5252 7102
969 583 1340 661 orruoulrrcus
1971 606 2033 668 aas

219 837 380 904 auctores
396 835 429 903 et
445 831 656 910 defensores,
675 833 758 898 tunc
774 829 849 899 bice
862 829 985 897 nostra
1000 830 1204 916 potestatem
1222 829 1331 899 abead
1349 849 1432 917 pars
1447 832 1558 920 ipsius
1573 831 1716 903 ecclesie
1727 852 1806 902 cum
1820 835 1896 920 ipsa
1910 833 2083 905 monimen

211 985 369 1080 'indeque
383 985 597 1071 pertinentes
611 985 739 1054 etcum
755 985 858 1070 quale
874 982 1128 1053 alienationem
1145 982 1273 1052 exinde
1288 985 1392 1056 abere
1406 987 1578 1072 potuerit,
1597 1004 1661 1073 per
1675 1005 1712 1056 se
1727 987 1809 1055 inde
1827 989 1908 1057 exet
1924 989 2083 1057 auctores

219 1143 256 1210 et
271 1139 481 1219 defensores,
496 1137 665 1225 quomodo
681 1139 741 1206 aut
756 1137 904 1224 qualiter
921 1137 1082 1225 boluerit3
1098 1156 1192 1218 nam,
1206 1137 1346 1224 quando
1362 1156 1425 1208 nos
1441 1157 1524 1225 pars
1539 1138 1648 1225 ipsius
1663 1139 1803 1210 ecclesie
1819 1140 1986 1226 quesierit
2001 1138 2082 1207 inde

219 1295 326 1362 abere
339 1294 510 1373 auctores,
526 1293 707 1361 remittant
723 1289 766 1359 ad
784 1291 904 1357 nostra
919 1291 1122 1376 potestatem
1138 1291 1217 1377 ipsa
1227 1291 1414 1360 sortionem
1431 1309 1541 1360 meam
1554 1291 1597 1360 de
1609 1266 1782 1362 monimen
1798 1311 1865 1380 que
1880 1293 2025 1372 abuerit,
2044 1297 2080 1360 et

220 1465 285 1516 nos
303 1449 382 1533 ipsa
399 1447 503 1516 rebus
520 1445 557 1512 in
573 1445 651 1530 ipsa
666 1441 812 1514 ecclesia
827 1441 1045 1512 defensemus
1060 1445 1095 1510 et
1110 1445 1226 1512 omnia
1240 1443 1366 1512 ibidem
1381 1443 1644 1530 adimpleamus,
1659 1445 1747 1513 sicut
1757 1465 1865 1532 supra
1875 1446 2003 1514 dictum
2016 1450 2081 1535 est;

222 1601 259 1668 et
273 1601 354 1686 post
367 1599 471 1666 finem
491 1599 617 1665 factam
633 1596 710 1683 ipsa
725 1594 901 1663 monimen
917 1593 961 1662 ad
978 1611 1060 1680 pars
1075 1594 1185 1680 ipsius
1200 1596 1344 1664 ecclesie
1361 1595 1579 1669 remittamus
1595 1595 1639 1663 ad
1655 1595 1825 1664 abendum
1849 1597 1944 1664 illam
1961 1599 2081 1666 homni

223 1757 380 1840 tempore
395 1753 433 1820 in
448 1745 800 1838 supradicto'ordine3
818 1753 935 1818 tamen
965 1747 1088 1817 amodo
1103 1749 1147 1818 de
1162 1749 1364 1835 supradicta
1390 1749 1576 1820 sortionem
1600 1769 1711 1819 meam
1726 1750 1769 1819 de
1785 1751 1972 1830 monimen,
1991 1751 2081 1837 quod

223 1907 288 1975 tibi
305 1903 507 1992 supradicto
523 1904 642 1972 abbati
657 1921 723 1990 pro
738 1921 822 1989 pars
834 1903 877 1971 de
892 1903 970 1989 ipsa
984 1902 1129 1972 ecclesia
1143 1903 1362 1982 benumdedi,
1378 1902 1502 1971 amodo
1513 1905 1720 1989 potestatem
1736 1903 1870 1971 abeatis
1882 1921 1942 1971 ros
1954 1905 2085 1972 vostro·

221 2076 369 2144 rumque
384 2073 600 2126 successores
616 2057 652 2125 et
665 2075 750 2142 pars
765 2055 921 2142 predicte
936 2055 1080 2123 ecclesie
1095 2055 1138 2123 de
1154 2055 1329 2124 monimen
1352 2055 1564 2140 pertinentes
1589 2054 1633 2124 de
1659 2055 1861 2142 supradicta
1885 2058 1990 2124 rebus
2005 2075 2084 2124 cau·

220 2227 302 2278 sare
317 2211 352 2280 et
367 2210 574 2294 recolligere
588 2211 623 2276 et
638 2207 751 2275 omnis
766 2208 880 2292 legem
897 2209 933 2274 et
948 2204 1116 2274 iustitiam
1129 2204 1257 2273 exinde
1268 2205 1435 2290 recipere,
1450 2206 1601 2290 qualiter
1613 2207 1730 2286 vultis,
1745 2206 1820 2274 vice
1838 2207 1959 2274 nostra
1973 2206 2017 2274 ad
2033 2209 2083 2274 te·

220 2363 374 2432 nendum
401 2363 436 2430 et
459 2361 630 2430 abendum
646 2361 745 2430 illam
761 2360 799 2427 in
816 2348 980 2427 iamdicta
996 2357 1131 2426 ratione
1146 2360 1275 2443 absque
1292 2357 1387 2425 omni
1403 2357 1629 2443 requisitione
1645 2360 1679 2427 et
1694 2357 1940 2426 contrarietate
1961 2361 2082 2426 nostra

221 2519 257 2586 et
272 2516 316 2584 de
330 2518 468 2585 nostros
483 2512 603 2584 eredes
618 2531 682 2598 per
697 2510 896 2598 supradicta
911 2510 1042 2596 guadia
1057 2513 1092 2579 et
1107 2509 1264 2596 obligata
1278 2527 1383 2596 pena.
1402 2512 1446 2578 Et
1461 2511 1576 2578 taliter
1593 2509 1744 2579 scribere
1759 2509 1961 2594 rogabimus
1977 2513 2011 2583 te
2026 2531 2083 2596 pe

218 2671 297 2738 trus
311 2669 477 2762 notarius.
495 2669 608 2734 actum
625 2667 771 2734 salerno.

240 2879 245 2888 .
279 2797 309 2910 †
323 2841 391 2909 ego
406 2825 525 2909 petrus
558 2771 564 2780 Ι

249 3029 252 3034 ·
279 2952 390 3067 †ego
405 2975 561 3062 desigius

280 3103 311 3218 †
326 3147 394 3217 ego
409 3128 605 3198 teudericus
621 3143 676 3194 me
689 3123 877 3209 subscripsi

280 3257 391 3373 †ego
408 3283 557 3353 arechisi

279 3410 309 3524 †
324 3455 391 3523 ego
407 3435 466 3522 qui
482 3452 589 3520 supra
605 3432 768 3501 wilielmo
784 3432 964 3517 presbiter.

965 3934 1345 4018 ‘CCCGXLVL

1024 4183 1078 4255 A.
1116 4179 1167 4256 D.
1205 4173 1308 4254 992.

281 4449 317 4586 †
333 4503 371 4568 lu
395 4495 534 4564 nomine
557 4492 690 4563 domini
705 4509 798 4560 nono
812 4509 904 4560 anno
922 4490 1142 4576 principatus
1157 4485 1275 4554 domni
1291 4484 1402 4553 nostri
1418 4483 1563 4552 iohanni
1579 4486 1614 4552 et
1629 4483 1735 4552 tertio
1756 4499 1847 4550 anno
1870 4481 2088 4568 principatus
2230 4573 2235 4583 ἦ

222 4652 346 4719 domni
362 4648 540 4736 guaimari
551 4649 626 4716 eius
641 4647 714 4715 filio
728 4644 874 4731 gloriosi
894 4639 1120 4728 principibus,
1139 4657 1260 4707 mense
1275 4637 1483 4718 februarius,
1503 4637 1626 4723 quinta
1641 4635 1842 4732 indictione.
1869 4637 2010 4704 Declaro
2023 4652 2090 4719 ego

224 4806 365 4872 amatus
376 4799 508 4880 domini
523 4797 764 4870 misericordia
778 4795 1060 4880 archiepiscopus
1076 4777 1196 4861 sancte
1211 4790 1303 4860 sodis
1319 4791 1655 4876 archiepiscopatum
1670 4789 1908 4868 salerninano‚
1927 4790 2088 4874 quoniam

223 4975 312 5043 pars
335 4954 483 5041 predicti
506 4953 617 5020 nostri
641 4949 932 5036 harchiepiscopii
949 4951 1030 5017 abet
1045 4950 1141 5018 terra
1154 4946 1279 5015 baciba
1292 4945 1327 5012 et
1342 4943 1432 5012 silba
1446 4943 1484 5011 in
1499 4943 1608 5041 beteri
1623 4961 1645 5010 a
1660 4943 1754 5010 sores
1770 4941 1947 5008 cibitatem
1963 4939 2090 5009 exinde

226 5110 299 5180 ista
324 5162 331 5178 .
368 5163 376 5178 .
405 5162 412 5176 .
440 5111 541 5194 parte
563 5107 668 5175 dubio
690 5125 734 5174 ex
758 5107 833 5192 ipso
855 5106 1021 5182 beterem,
1048 5104 1084 5171 et
1105 5100 1149 5169 da
1173 5117 1256 5186 pars
1279 5097 1537 5183 septemtrionis
1559 5099 1594 5165 et
1615 5096 1659 5164 da
1681 5094 1828 5168 meridie
1850 5095 2015 5162 coniunta
2037 5095 2090 5162 est

228 5263 275 5332 ad
298 5264 402 5332 rebus
424 5262 571 5330 iohanni
595 5258 796 5329 atrianense
818 5256 885 5326 filii
907 5257 1013 5344 guoti,
1040 5258 1075 5324 et
1100 5274 1122 5322 a
1144 5271 1229 5339 pars
1252 5249 1396 5320 orientis
1419 5251 1585 5322 coniunta
1617 5252 1670 5318 est
1703 5249 1780 5335 ipsa
1813 5223 1916 5315 rebus
1949 5245 1994 5312 ad
2031 5245 2090 5314 bia

227 5418 385 5504 publica,
411 5433 478 5503 que
500 5414 599 5484 uadit
622 5414 664 5482 ad
689 5413 844 5492 nuceria,
871 5414 906 5481 et
928 5415 981 5480 est
1002 5429 1066 5497 per
1089 5407 1268 5478 mensuria
1291 5407 1359 5476 ista
1381 5409 1483 5493 parte
1497 5407 1532 5474 et
1547 5406 1609 5473 illa
1623 5419 1718 5489 pam,
1744 5401 1790 5469 da
1813 5401 1903 5468 sicut
1923 5398 2092 5468 discernit

229 5575 371 5642 rebolta
391 5571 435 5640 de
457 5572 533 5658 ipso
556 5570 672 5649 dubio,
698 5571 801 5636 etex
824 5567 887 5634 illa
910 5567 1023 5651 parte,
1048 5563 1139 5632 sicut
1161 5562 1329 5632 discernit
1350 5561 1490 5628 ballone
1513 5562 1548 5626 et
1570 5554 1754 5642 petra‚·in
1777 5555 1892 5624 subter
1915 5571 2024 5638 usque
2047 5551 2091 5620 ad

230 5727 303 5795 dne
326 5723 438 5810 ipsius
460 5722 607 5792 iohanni
631 5739 752 5809 passos
768 5720 1026 5807 quinquaginta
1042 5721 1119 5785 octo
1142 5716 1186 5785 ad
1212 5717 1303 5785 iusto
1318 5731 1474 5800 passum3
1490 5712 1524 5779 et
1538 5708 1585 5777 da
1601 5709 1676 5795 ipsa
1691 5707 1751 5775 bia
1766 5707 1907 5792 publica
1922 5706 2095 5789 estusque

230 5885 267 5951 in
293 5899 377 5968 pars
400 5878 610 5956 occidentis,
636 5880 805 5964 quantum
821 5874 1043 5962 potuerimus
1068 5875 1141 5952 ire,
1168 5872 1259 5941 sicut
1280 5867 1435 5938 continet
1457 5863 1624 5950 scriptio,
1650 5863 1801 5958 qualiter
1824 5861 1899 5946 ipsa
1932 5859 2035 5940 rebus
2058 5855 2096 5923 in
