5210 7098
841 593 1274 668 urrllouutltlrull
1305 599 1395 669 LlB.

583 835 635 920 E.
663 837 723 922 M.
1538 844 1586 931 C.
1614 846 1662 934 C.

174 983 177 988 ’
194 989 425 1076 premitur...
441 991 474 1058 et
490 990 526 1056 in
543 1007 694 1076 superna
706 991 996 1075 contemplatione
1009 993 1113 1061 collo·
1145 993 1266 1081 vica¹).
1277 1012 1393 1062 rerum
1403 994 1557 1063 omnium
1570 1015 1737 1068 concurre
1751 998 1871 1070 dicunt
1883 1005 1988 1087 primi
2004 1013 2059 1078 .Ν.

192 1115 370 1198 caretas.
433 1142 435 1148 ·
1080 1199 1087 1210 ,
1145 1137 1344 1222 philosophi
1382 1138 1489 1206 nullis
1520 1138 1725 1210 docentibus
1759 1147 1919 1215 naturam
1944 1169 2060 1219 rerum

1130 1253 1287 1439 j{scrutati
1302 1277 1384 1342 sunt
1398 1294 1461 1360 per
1474 1274 1704 1348 michanichia
1720 1285 2060 1376 machinando²)sci-

1142 1557 1333 1642 speciebus.
1365 1560 1530 1630 Adiasan.
1561 1563 1696 1632 diasan.
1725 1567 1877 1636 odiasan.
1905 1573 2060 1641 Adiasan

1140 1702 1268 1770 dicitur
1280 1703 1367 1773 idest
1383 1705 1567 1776 invisivilis
1583 1710 1721 1794 quando
1738 1711 1774 1778 in
1789 1712 1853 1780 deo
1871 1717 1934 1782 sol.
1949 1734 1988 1798 p.
2008 1716 2060 1782 in-

1141 1841 1264 1908 formis
1288 1843 1454 1912 materias
1470 1848 1707 1916 creaturarum
1724 1851 1801 1917 erat
1815 1849 1857 1919 de
1880 1853 1963 1938 quia
1978 1853 2062 1923 deus

1041 1993 1049 2006 ·
1140 1981 1199 2065 qui
1213 1982 1301 2049 vivit
1316 1983 1355 2050 in
1372 1987 1540 2054 eternum.
1561 1990 1691 2056 creavit
1706 1993 1824 2059 omnia
1839 1991 1940 2062 simul
1957 2015 2059 2082 quam

1128 2038 1202 2185 larii
1226 2136 1342 2187 massa
1358 2124 1483 2188 vocant
1498 2124 1530 2189 et
1547 2122 1639 2191 creci
1656 2127 1848 2196 vvatocsco.
1868 2133 1913 2198 De
1925 2148 1966 2196 ac
1982 2134 2064 2216 plri-

1142 2255 1278 2339 losophi
1302 2257 1392 2324 male
1426 2257 1612 2327 sentientes
1641 2262 1766 2327 atomis
1794 2281 1869 2330 eam
1903 2268 2062 2332 constare

1140 2392 1304 2458 dixerunt
1318 2397 1352 2459 et
1367 2396 1491 2461 horum
1508 2400 1815 2483 congregationem
1828 2403 1995 2470 mundum
2011 2406 2063 2471 sa-

1128 2468 1295 2616 ⁴ctum.³).
1316 2536 1403 2600 Nam
1429 2533 1516 2602 sicut
1543 2554 1652 2619 genus
1683 2539 1859 2607 hominum
1882 2542 1925 2609 ad
1948 2545 2061 2612 varios

1141 2673 1238 2736 actus
1260 2673 1422 2742 nascendi
1447 2677 1652 2746 necessitate
1675 2685 1960 2763 promoverentur
1976 2737 2059 2752 ......

483 2792 612 2865 LIBER
638 2792 822 2877 QUINTUS
1129 2815 1176 2881 iot
1191 2813 1229 2878 in
1244 2832 1396 2900 superna
1411 2818 1702 2902 contemplatione
1717 2820 1862 2890 adtollat
1878 2819 1915 2911 ⁴).

391 2944 435 3006 lle
457 2941 598 3022 Legibus
621 2949 655 3006 et
675 2941 902 3022 Temporibus.
1129 2896 1132 3071 Ι
1389 2937 1392 2943 ’

587 3105 672 3188 Gap.
694 3109 723 3174 Ι.
1131 3155 1133 3195 ,

441 3227 484 3318 lle
506 3255 705 3318 Auctoribus
726 3253 857 3334 Lepum.
1131 3318 1132 3327 χ

240 3375 375 3455 Moyses
392 3369 490 3455 genti
508 3365 698 3436 Hebraicae
715 3369 849 3453 primus
867 3421 978 3436 .....
994 3369 1132 3438 decemt
1187 3377 1320 3459 Moyses
1344 3375 1440 3459 genti
1467 3377 1627 3446 hebreice
1655 3379 1789 3464 primus
1807 3431 1814 3445 .
1834 3433 1840 3446 .
1860 3432 1893 3447 ..
1919 3399 1943 3446 x
1966 3383 2060 3450 viros

195 3521 282 3592 viris
308 3523 444 3607 legibus
470 3519 662 3588 scribendis
692 3521 841 3598 creavit,
867 3519 925 3604 qui
951 3523 1047 3604 leges
1069 3517 1275 3629 exlllegibus
1291 3518 1483 3586 scribendis
1499 3518 1653 3587 decrevit
1669 3513 1706 3608 ⁵).
1725 3523 1851 3590 Diasan
1875 3523 1965 3592 idest
1980 3524 2061 3592 visi-

196 3661 295 3730 libris
312 3659 467 3728 Solonis.
487 3709 493 3723 .
512 3711 518 3723 .
537 3710 544 3723 .
561 3661 807 3742 exposuerunt.
826 3661 856 3724 l.
1141 3655 1202 3722 vili
1218 3655 1345 3721 dicitur
1361 3675 1436 3722 cnm
1455 3656 1490 3723 in
1514 3676 1600 3742 opus
1616 3675 1678 3725 sex
1693 3659 1827 3727 dierum
1852 3679 1915 3744 per
1930 3662 2060 3730 formas

1127 3795 1337 3932 ¹discretam.
1352 3794 1500 3862 Odiosan
1511 3797 1565 3862 vel
1578 3812 1747 3861 common.
1759 3797 1797 3863 in
1812 3797 1908 3880 greci
1921 3802 2057 3866 vocant.

1118 3844 1121 3979 1
1140 3942 1209 4005 Nos
1226 3941 1338 4004 antem
1356 3942 1543 4022 utrumque
1558 3938 1704 4006 dicimus
1729 3940 1816 4008 idest
1839 3942 1952 4028 alique
1967 3962 2063 4010 crea-

1117 4060 1215 4145 iture
1232 4079 1371 4162 parum.
1399 4077 1667 4146 invenissem
1690 4083 1740 4148 sor
1764 4085 1798 4148 et
1821 4084 1905 4150 runa
1927 4087 1960 4150 et
1981 4087 2059 4154 ster-

1116 4178 1172 4298 5'le
1195 4230 1233 4279 as
1261 4211 1448 4280 divisiones
1475 4214 1609 4297 primus
1635 4215 1739 4298 plado
1766 4215 1930 4285 dixerunt
1955 4240 2060 4306 quam

200 4415 634 4422 ’.Ἣ-ὴ..-

255 4580 279 4661 ⁴)
293 4589 381 4664 Spero
395 4604 455 4645 non
471 4588 509 4643 mi
526 4587 549 4644 si
565 4585 711 4644 ascriverd
725 4603 742 4644 a
758 4587 852 4659 colpe,
869 4601 901 4642 se
916 4586 1059 4642 richiamo
1074 4585 1090 4640 l'
1101 4585 1269 4642 attenzione
1284 4585 1362 4657 degli
1376 4586 1496 4642 amatori
1512 4586 1588 4643 delle
1609 4588 1721 4660 origini·
1735 4589 1762 4644 di
1785 4598 1883 4646 nostru
1898 4591 1999 4664 lingua
2014 4607 2049 4648 su

201 4721 302 4786 questa
316 4712 426 4786 parole,
442 4727 526 4768 come
542 4727 614 4784 pure
627 4727 660 4768 su
676 4709 801 4782 quelche
815 4709 889 4766 altra
902 4710 931 4765 in
948 4709 1072 4783 seguito.
1086 4709 1121 4766 lli
1141 4709 1164 4763 si
1180 4707 1305 4764 condoni
1323 4723 1406 4764 come
1422 4725 1460 4763 un
1476 4717 1684 4766 momentaneo
1699 4710 1795 4784 riposo
1810 4711 1990 4771 nell’ariditt
2004 4713 2051 4772 dei

201 4839 268 4896 miei
283 4837 380 4912 poveri
395 4834 492 4893 studii.

258 4960 280 5026 ²)
295 4962 361 5024 ledi
376 4963 446 5020 Nota
456 4963 561 5036 prima.

257 5089 282 5164 3)
297 5091 350 5157 Qui
365 5106 464 5164 rompe
478 5091 506 5148 lo
521 5092 654 5149 scrittore
669 5092 698 5148 le
712 5107 765 5148 sua
781 5092 954 5148 intramcssa
968 5091 1045 5148 sulla
1058 5091 1233 5162 Marcentes,
1249 5106 1265 5146 e
1280 5089 1381 5146 [inisse
1396 5089 1412 5146 Ι1
1424 5089 1543 5146 articulo
1558 5090 1720 5164 interrotto,
1738 5090 1841 5148 ultimo
1862 5091 1908 5148 del
1922 5091 2049 5150 Trattato

203 5218 236 5274 dr
248 5217 429 5272 lsvronomta.

261 5342 284 5414 ⁴)
303 5342 382 5402 Colle
397 5341 528 5416 predette
541 5343 641 5416 parole
657 5343 758 5399 linisce
773 5342 793 5399 il
808 5343 841 5399 lV
855 5341 942 5398 Libro
958 5342 1052 5416 giusta
1067 5341 1085 5397 il
1100 5349 1200 5398 nostro
1215 5338 1320 5397 Codice
1342 5340 1368 5396 el
1390 5339 1531 5396 versicolo
1553 5339 1588 5395 27
1611 5339 1658 5396 del
1679 5341 1767 5411 foglio
1789 5340 1822 5396 ll
1845 5348 1917 5397 recto
1931 5357 1947 5398 e
1961 5342 2057 5400 subito

206 5469 280 5542 dopo
294 5468 337 5525 col
355 5467 611 5541 corrompant.
628 5467 690 5526 llll.
707 5467 796 5527 INCP.
810 5467 865 5526 LB.
877 5465 901 5526 V
915 5469 944 5526 in
959 5467 1113 5542 principio,
1128 5467 1155 5525 al
1178 5467 1321 5525 versiculo
1341 5466 1377 5523 26
1399 5465 1590 5539 delloetesso
1611 5465 1700 5539 ioglio
1722 5467 1754 5523 tr
1778 5469 1849 5524 recto
1871 5467 2014 5524 comiucie
2035 5468 2056 5524 il

208 5593 288 5651 tibro
302 5591 324 5645 V
338 5596 370 5651 dc
382 5595 502 5665 Legibus.
515 5625 543 5638 -
554 5595 587 5651 ln
602 5603 675 5652 tutte
689 5596 716 5654 le
731 5595 861 5652 Ediaioni
875 5595 899 5652 si
914 5595 1002 5668 legge
1016 5595 1108 5669 prima
1122 5595 1142 5652 il
1158 5595 1242 5651 Libro
1264 5609 1281 5650 o
1302 5594 1428 5650 Trattato
1447 5595 1479 5650 de
1492 5593 1637 5662 Medicina,
1654 5609 1670 5650 e
1692 5593 1737 5665 poi
1760 5591 1858 5665 quello
1879 5593 1912 5648 de
1933 5593 2053 5664 Legibus

207 5723 254 5779 uel
269 5730 367 5780 nostro
382 5723 485 5780 Codice
499 5722 569 5798 perb
583 5724 650 5782 vien
666 5725 759 5798 prima
774 5733 879 5797 questo
894 5741 909 5782 e
923 5724 971 5798 poi
986 5724 1097 5798 quello.

263 5845 286 5917 Ξ)
301 5845 353 5912 Qui
368 5847 507 5906 continua
521 5849 538 5904 l’
548 5849 700 5908 interrotta
717 5850 888 5908 tratteaione
903 5849 931 5907 di
946 5851 1035 5923 quell'
1046 5850 1230 5916 intremessn‚
1246 5849 1323 5907 onte
1338 5847 1391 5906 ieci
1407 5854 1498 5906 molto
1512 5844 1539 5903 di
1557 5860 1652 5920 sopra.

1142 1419 1223 1484 licet
1235 1421 1348 1486 mente
1364 1423 1399 1487 et
1414 1421 1623 1491 instituendo
1646 1427 1710 1494 hec
1732 1425 1862 1494 divitur
1888 1430 1925 1496 in
1947 1433 2059 1501 tribus
2173 1399 2179 1408 ¹
