5378 7098
1037 613 1375 687 MEMBRANARUM

1022 959 1169 1024 acmen

685 974 708 1007 ω

543 1144 551 1160 ,
685 1055 708 1190 Ξ
854 1127 861 1140 .
1077 1087 1112 1146 et
1331 1087 1540 1152 Membranae
1562 1089 1778 1156 Summarium

675 1204 707 1265 a
854 1240 885 1269 ..ι
959 1203 1045 1266 Anni
1065 1206 1229 1286 Principis

800 1369 806 1565 1
1269 1479 1450 1539 venerabili
1484 1478 1600 1541 abbate
1638 1487 1827 1547 monasterii
2041 1411 2048 1644 Ι

1270 1558 1302 1618 S.
1321 1559 1471 1640 Gregorii
1486 1564 1526 1622 de
1549 1563 1747 1641 Regionoriu
1770 1587 1826 1644 pro

1271 1642 1426 1702 terratico
1443 1651 1611 1716 consueto,
1625 1652 1740 1724 quarta
1756 1667 1828 1726 par·

1268 1728 1300 1781 te
1331 1723 1452 1794 tritici,
1480 1733 1571 1786 sexta
1602 1728 1684 1798 lini,
1713 1729 1826 1805 quinta

1268 1804 1431 1866 fructuum
1444 1807 1582 1887 aliisque
1592 1807 1746 1870 oneribus
1756 1829 1825 1871 ser·

1266 1885 1389 1946 vendis.
1880 1890 1927 1952 Ill
1973 1889 2013 1950 82
2056 1888 2118 1950 162

1887 1178 1917 1228 Α
1895 1126 1918 1164 1·
1895 1079 1918 1114 c
1896 1022 1919 1060 a

1980 973 2012 1294 Numerus

2073 1127 2115 1257 Pag
2083 1008 2108 1094 :na

282 2035 469 2096 CCCXXXVH
502 2038 563 2100 982
637 2042 741 2122 APrili
854 2043 881 2105 X
963 2050 994 2112 1.
1046 2053 1215 2116 Mensores
1307 2048 1484 2111 Conventio
1505 2069 1612 2111 coram
1629 2050 1724 2113 Petro
1740 2054 1821 2114 iudi-

985 2139 1018 2194 et
1033 2133 1166 2197 loannis
1178 2136 1215 2194 o.
1265 2147 1302 2190 ce
1319 2137 1352 2191 et
1367 2132 1506 2193 testibus
1522 2134 1608 2193 facta
1630 2134 1716 2194 inter
1737 2134 1822 2196 Mar-

982 2215 1018 2276 lii
1037 2219 1109 2279 eius
1264 2212 1369 2271 tinum
1386 2213 1610 2293 presbyterum
1626 2222 1659 2274 et
1671 2215 1821 2276 abbatem

1265 2293 1297 2354 S.
1324 2295 1454 2355 Maximi
1487 2303 1520 2356 et
1556 2296 1689 2355 Petrum
1719 2298 1821 2358 filium
1891 2317 1896 2328 ·

1264 2375 1347 2436 bladi
1364 2395 1382 2436 a
1394 2377 1546 2452 Nuceria,
1560 2377 1600 2438 de
1613 2379 1820 2455 possessione

1262 2456 1419 2518 bonorum
1451 2461 1486 2518 in
1518 2459 1586 2519 loco
1615 2460 1669 2536 qui
1698 2460 1817 2520 dicitur

1261 2540 1372 2616 Angre
1397 2547 1431 2599 et
1454 2540 1709 2602 Caso-amobile.

271 2687 470 2750 CCCXXXVII!
499 2685 560 2747 982
645 2689 726 2754 Maio
960 2700 991 2765 1.
1044 2707 1213 2769 Mnasonrs
1303 2703 1463 2764 iodicium
1490 2703 1580 2764 Petri
1610 2703 1754 2770 iudicis.
1783 2711 1820 2763 ut

981 2793 1015 2847 et
1029 2787 1161 2852 lorrms
1177 2789 1212 2849 o·
1262 2785 1300 2844 ad
1328 2791 1439 2846 sancta
1461 2784 1520 2845 Dei
1548 2784 1718 2859 evangelia
1740 2786 1819 2845 dent

980 2868 1017 2928 lii
1035 2871 1108 2931 eius
1261 2867 1384 2942 paoolio
1400 2867 1539 2926 invicem
1554 2866 1641 2925 inter
1653 2885 1688 2926 se
1701 2866 1819 2927 Petrus

1260 2946 1346 3014 tilius
1368 2948 1506 3008 Mirandi
1534 2956 1568 3006 et
1593 2947 1695 3006 Ursus
1723 2948 1819 3008 atria-

1261 3028 1374 3088 nensis
1399 3030 1486 3089 lilius
1509 3028 1627 3089 Leonis
1650 3028 1818 3106 litigantes

1260 3109 1300 3169 de
1329 3109 1522 3188 quibusdam
1553 3109 1817 3186 possessionibus

1259 3191 1365 3270 ipsius
1380 3193 1472 3252 Petri
1493 3193 1527 3251 in
1551 3192 1619 3252 loco
1642 3190 1794 3252 Nuceria.

279 3330 458 3390 CCCXXXIX
495 3334 555 3398 982
694 3341 700 3353 ⁴
956 3353 987 3415 1.
1040 3345 1210 3419 Messenis
1300 3353 1413 3413 Coram
1431 3353 1528 3413 Petro
1551 3351 1659 3414 indice
1683 3354 1722 3412 ad
1746 3371 1819 3412 san-

981 3436 1159 3500 etloaams
1174 3439 1209 3499 fi·
1259 3441 1311 3494 cta
1325 3435 1385 3495 Dei
1401 3435 1572 3512 evangelia
1595 3434 1672 3493 dant
1693 3434 1818 3511 guadio

980 3518 1016 3578 lii
1032 3519 1105 3581 eius
1258 3516 1399 3576 invicem
1424 3517 1511 3576 inter
1534 3535 1569 3576 se
1592 3515 1708 3575 Petrus
1730 3515 1816 3576 tilios

1257 3597 1394 3657 Mirandi
1411 3605 1444 3658 et
1460 3599 1594 3673 Sergius
1617 3597 1815 3658 atrianensis

1256 3678 1346 3738 filius
1372 3679 1530 3746 Ioannis,
1558 3680 1613 3756 qui
1640 3677 1816 3739 vocabatur

1256 3759 1505 3838 Buccobitello,
1530 3761 1695 3837 litigantes
1725 3759 1814 3820 inter

1256 3859 1314 3907 se.
1340 3843 1414 3920 quia
1438 3842 1509 3920 ipse
1532 3842 1665 3920 Sergius
1687 3841 1813 3902 tructus

1256 3922 1332 3982 tulit
1359 3930 1392 3983 et
1421 3923 1532 3984 foveas
1561 3923 1641 3983 tecit
1663 3922 1695 3981 in
1725 3927 1812 3983 terra

1256 4004 1435 4081 supradicti
1452 4004 1553 4064 Petri.
1867 3998 1914 4060 ΙΙΙ
1962 4000 2003 4062 85
2046 3997 2107 4061 167

1296 4165 1427 4225 Locatio
1443 4167 1482 4226 ad
1499 4167 1613 4227 decem
1630 4183 1732 4225 annos
1745 4171 1811 4226 ter-

1255 4265 1311 4306 rae
1328 4265 1400 4306 cum
1417 4245 1600 4308 abellaneto
1616 4255 1648 4306 et
1662 4263 1765 4306 vocuo
1777 4247 1810 4305 in

1255 4327 1325 4388 loco
1334 4326 1542 4404 Flumlcetlu,
1556 4329 1611 4389 ubi
1624 4328 1812 4388 Bolcczonu

1255 4409 1387 4481 dicitur.
1412 4411 1497 4472 lacta
1519 4409 1684 4470 Guinardo
1707 4408 1810 4469 libero

1253 4489 1379 4550 homini
1393 4511 1410 4551 a
1423 4493 1558 4552 Martino
1571 4488 1687 4550 abbate
1701 4488 1733 4550 S.
1749 4490 1811 4549 Ma·

1252 4571 1331 4631 ximi
1349 4591 1407 4650 pro
1430 4578 1586 4634 consueto
1609 4571 1761 4632 terratico
1778 4578 1811 4630 et

1254 4653 1430 4714 medietate
1459 4654 1709 4728 abellanarum
1737 4658 1811 4730 post

1253 4753 1330 4794 vero
1343 4736 1458 4795 decern
1472 4755 1573 4796 annos
1586 4736 1654 4814 ipsa
1669 4733 1810 4795 ecclesia

1253 4815 1424 4877 S.llaximi
1438 4817 1576 4896 recipiat
1592 4814 1721 4876 tertiam
1738 4832 1811 4894 par-

1256 4901 1320 4956 tem
1337 4899 1502 4958 fructuum
1519 4898 1711 4959 abellaneti.

948 5054 981 5116 l.
1033 5057 1202 5119 Marsonrs
1292 5057 1556 5121 Memoratorium
1584 5057 1743 5120 Guinardi
1772 5056 1809 5118 li·

972 5145 1005 5200 et
1020 5139 1154 5202 Ioannis
1169 5139 1205 5199 ti-
1251 5137 1322 5200 beri
1346 5139 1501 5213 hominis,
1519 5161 1581 5221 quo
1608 5140 1752 5201 declarat
1773 5140 1808 5200 in

972 5218 1007 5280 lii
1024 5222 1097 5283 eius
1253 5221 1445 5282 locationem
1460 5226 1629 5302 accepisse
1643 5221 1809 5282 allartino

1191 5357 1195 5364 .
1251 5301 1369 5363 abbate
1400 5303 1432 5363 S.
1460 5304 1590 5365 Maximi
1622 5309 1744 5384 terram
1774 5302 1807 5362 in

1252 5383 1322 5444 loco
1342 5382 1539 5446 Flums'cetto
1560 5384 1678 5445 iisdem
1701 5383 1809 5444 oneri·

1250 5464 1323 5537 bus,
1354 5472 1391 5525 ut
1415 5467 1450 5527 in
1472 5463 1684 5546 praecedenti
1719 5482 1807 5524 sum·

1251 5547 1363 5608 mario.
1672 5583 1676 5592 -
1856 5541 1902 5604 ΙΙΙ
1957 5542 1996 5604 87
2040 5541 2102 5606 169

839 5701 868 5762 X
950 5703 980 5766 1.
1033 5705 1201 5768 Mensores
1291 5707 1556 5782 Memoratorium
1574 5706 1731 5786 Stephani
1748 5706 1805 5768 tilii

971 5795 1005 5847 et
1020 5787 1153 5850 loannis
1165 5789 1201 5848 o·
1250 5789 1352 5857 Petri.
1366 5808 1429 5869 quo
1442 5789 1590 5851 declarat
1603 5789 1772 5868 recepisse
1788 5807 1806 5850 a

972 5867 1008 5929 lii
1024 5869 1098 5930 eius
1250 5869 1388 5934 Martiae
1410 5869 1591 5933 venerabili
1614 5869 1730 5933 abbate
1753 5889 1806 5932 ec·
