5252 7102
623 628 685 694 332
1301 599 1465 672 cobux
1507 597 1740 672 cetensis

575 855 764 948 prescripti
779 850 936 938 conpulsi
948 868 1065 920 sumus
1080 845 1309 933 omnipotenti
1325 843 1391 912 deo
1407 840 1657 923 misericordia,
1667 844 1707 908 ut
1722 857 1786 928 prc
1797 831 1918 910 nostre
1934 841 2056 910 salutis
2066 841 2183 910 anime
2195 841 2427 928 suprascripta

575 1012 677 1078 rebus
701 984 934 1074 obtuleremus
957 1001 1023 1070 deo
1046 963 1141 1070 etin
1163 995 1310 1068 ecclesia
1331 997 1449 1065 sancte
1472 993 1529 1063 dei
1552 992 1737 1080 genitricis
1762 1009 1900 1077 semper
1915 991 2068 1078 virginis
2092 993 2202 1061 merie
2218 994 2424 1073 bocabolum,

575 1177 677 1245 quem
699 1157 828 1226 domna
850 1153 1061 1240 sichelgaita
1083 1151 1238 1239 gloriosa
1261 1147 1471 1238 principissa
1492 1164 1583 1215 uxor
1605 1145 1798 1232 supradicti
1814 1145 1933 1214 domni
1949 1145 2095 1214 iohanni
2111 1143 2281 1232 principis
2306 1150 2427 1217 annbo

576 1309 777 1380 fundamine
800 1305 1008 1377 construseit
1030 1307 1125 1375 intus
1148 1303 1399 1372 salernitanam
1422 1300 1600 1368 cibitatem
1612 1301 1704 1368 inter
1728 1315 1828 1366 muro
1850 1297 2082 1386 etmuricin03
2101 1303 2155 1368 set
2175 1317 2253 1366 cum
2270 1319 2339 1385 ego
2355 1303 2429 1369 bsu-

575 1463 758 1555 pradictus
784 1461 955 1530 iohannes
983 1459 1177 1530 monachus
1201 1475 1266 1542 sup
1297 1455 1427 1524 statuta
1449 1453 1575 1537 regula
1601 1449 1833 1530 monachilem
1857 1449 1966 1518 vitam
1990 1450 2142 1518 retinere
2167 1449 2344 1536 prospicio
2369 1454 2428 1519 sub

577 1619 748 1704 potestate
782 1613 920 1682 arbitrii
953 1611 1074 1679 domni
1096 1607 1251 1677 radoaldi
1274 1605 1467 1675 venerabili
1491 1603 1606 1672 abbati
1629 1598 1832 1671 monasterii
1857 1604 1976 1670 sancte
2000 1603 2111 1670 marie
2134 1606 2169 1670 et
2195 1604 2305 1670 sancti
2335 1605 2429 1673 bene-

463 1765 469 1774 '
576 1768 662 1836 dicti
668 1809 1161 1835 ...................
1187 1760 1316 1846 absque
1340 1758 1417 1825 eius
1437 1755 1606 1824 solutione
1628 1753 1717 1822 talia
1739 1756 1926 1841 perficere,
1938 1757 2124 1841 propterea
2139 1756 2346 1840 subpliciter
2360 1759 2428 1826 eius

576 1917 714 1988 almitas
738 1917 939 2004 postulavit,
964 1917 1004 1983 ut
1026 1914 1125 1993 milri,
1141 1911 1196 1980 cui
1220 1930 1282 1998 ρει
1304 1912 1433 1980 statuta
1454 1911 1578 1994 regula
1582 1958 1699 1975 .....
1714 1926 1780 1976 ειιε
1798 1907 1976 1992 profiteor,
1995 1908 2169 1976 licentiam
2185 1862 2428 1979 tribuerentec

580 2072 708 2141 mercis
730 2088 752 2138 a
775 2070 838 2139 dec
855 2069 1025 2156 permisso
1048 2083 1113 2151 pro
1129 2067 1247 2132 nostre
1263 2063 1381 2131 anime
1395 2059 1659 2148 perficiendum,
1676 2063 1728 2128 set
1744 2059 1804 2128 ille
1820 2057 2099 2129 reberentissimo
2113 2059 2220 2130 abbas
2231 2064 2355 2147 pater.
2372 2114 2379 2129 .
2395 2115 2424 2130 ..

577 2223 666 2290 mihi
689 2221 864 2294 licentiam
886 2219 1010 2322 tribuit
1035 2221 1070 2286 et
1091 2217 1297 2286 solutionem
1311 2212 1408 2282 dedit
1424 2213 1511 2280 talia
1526 2211 1786 2298 perficiendum.
1807 2215 1885 2297 post
1902 2210 2098 2296 ecquidem
2112 2231 2176 2280 nos
2199 2213 2360 2282 omnibus
2380 2233 2430 2283 su·

576 2373 764 2461 prescripti
792 2375 907 2441 tamen
928 2389 995 2457 ego
1021 2365 1239 2468 supradictus
1267 2365 1436 2433 iohannes
1462 2365 1654 2432 monachus
1680 2379 1742 2448 per
1768 2362 2018 2431 absolutionem
2043 2362 2153 2448 ipsius
2175 2362 2295 2432 domni
2316 2365 2428 2432 abbati

576 2527 763 2596 obtulimus
787 2524 850 2592 deo
872 2526 908 2591 et
931 2523 969 2589 in
995 2522 1132 2607 prefata
1154 2525 1275 2587 sancta
1290 2518 1435 2587 ecclesia
1451 2515 1574 2584 inclita
1586 2487 1667 2601 ipsa
1683 2518 1785 2584 rebus
1800 2514 1844 2583 de
1866 2515 2032 2584 iamdicto
2050 2518 2160 2584 locum
2176 2516 2306 2584 laurito
2322 2519 2359 2583 et
2372 2534 2428 2601 per

576 2681 658 2747 finis
680 2684 715 2748 et
737 2677 957 2764 pertinentiis
971 2675 1014 2743 de
1038 2675 1124 2760 ipsis
1146 2673 1243 2751 locis,
1259 2691 1318 2741 seu
1332 2670 1572 2756 undecumque
1595 2670 1642 2736 ibi
1668 2671 1766 2738 nobis
1782 2669 1848 2736 fuit
1863 2672 1917 2737 rel
1932 2673 1995 2748 est,
2015 2688 2074 2740 seu
2089 2669 2194 2738 fuerit
2208 2671 2426 2756 pertinentes,

577 2835 685 2900 toturn
701 2830 857 2898 funditus
882 2830 962 2896 illut
984 2827 1116 2912 prefate
1137 2827 1256 2894 sancte
1273 2823 1416 2894 ecclesie
1439 2825 1625 2892 obtulimus
1647 2840 1725 2890 cum
1748 2823 1865 2892 omnia
1888 2824 1980 2890 intro
2002 2841 2039 2891 se
2055 2822 2236 2890 abentibus
2259 2824 2429 2892 omnibus

577 3004 644 3071 que
659 2985 731 3052 suis
747 2982 970 3069 pertinentiis
993 2986 1129 3049 etcum
1153 2979 1228 3047 bice
1251 2977 1295 3045 de
1318 2976 1385 3046 biis
1407 2977 1531 3044 suiset
1553 2995 1629 3044 cum
1655 2975 1768 3044 omnis
1791 2976 1954 3045 molimen
1976 2975 2124 3062 indeque
2146 2976 2371 3062 pertinentes
2389 2977 2428 3044 ad

577 3136 746 3206 securiter
773 3141 808 3202 et
830 3133 978 3200 firmiter
1004 3129 1127 3198 amodo
1150 3133 1186 3198 et
1207 3147 1344 3215 semper
1370 3145 1451 3214 pars
1474 3128 1586 3214 ipsius
1609 3128 1751 3196 ecclesie
1779 3127 1919 3212 eiusque
1945 3130 2097 3195 rectores
2120 3128 2199 3195 illut
2222 3128 2425 3208 habendum,

571 3289 836 3368 dominandum,
862 3285 1122 3372 possidendum,
1147 3283 1263 3351 omnia
1285 3281 1410 3352 exinde
1432 3282 1710 3366 faciendumque
1733 3281 1881 3350 boluerit
1904 3283 2032 3367 absque
2056 3281 2149 3348 omni
2165 3285 2283 3352 nostra
2298 3287 2428 3352 nostro-

574 3459 719 3528 rumque
742 3439 903 3508 eredibus
927 3437 1173 3505 contrarietate
1195 3437 1250 3505 vel
1272 3395 1507 3520 requisitione.
1526 3438 1574 3502 De
1596 3453 1667 3519 qua
1689 3434 1881 3518 obligamus
1896 3450 1959 3500 nos
1982 3433 2137 3502 omnibus
2154 3434 2380 3520 suprascripti
2394 3437 2425 3501 et

576 3591 706 3662 nostris
729 3591 890 3660 eredibus
913 3591 1037 3660 amodo
1055 3593 1090 3658 et
1112 3609 1248 3675 semper
1263 3588 1499 3658 antistandum
1515 3590 1550 3656 et
1565 3541 1813 3657 defensandum
1829 3586 1873 3655 ad
1896 3605 1979 3673 pars
1995 3587 2106 3672 ipsius
2122 3587 2263 3656 ecclesie
2279 3586 2426 3654 inclitam

575 3743 744 3828 prefatam
767 3742 923 3808 nostram
955 3737 1120 3808 libatione
1144 3741 1189 3806 ab
1212 3705 1373 3805 omnibus
1396 3736 1570 3804 ominibus
1593 3738 1757 3836 omnique
1780 3736 1950 3822 partibus.
1976 3742 2103 3821 preter,
2120 3735 2258 3822 quaudo
2281 3738 2429 3823 partibus

578 3895 687 3980 ipsius
710 3891 856 3962 ecclesie
878 3911 942 3978 per
965 3912 1002 3962 se
1026 3893 1160 3960 bolueri
1184 3891 1264 3959 inde
1288 3892 1446 3958 auctores
1462 3907 1538 3968 exe,
1557 3889 1733 3957 licentiam
1750 3893 1785 3956 et
1800 3891 2003 3974 potestatem
2019 3891 2145 3957 abeant
2168 3888 2243 3959 bice
2265 3890 2430 3958 nostrain

576 4050 736 4119 omnibus
758 4047 838 4117 inde
859 4050 1064 4132 causareet
1085 4047 1190 4114 finem
1213 4047 1379 4124 facerent,
1406 4043 1554 4130 qualiter
1578 4043 1761 4122 boluerint,
1787 4061 1865 4112 cum
1889 4045 1993 4130 quale
2007 4044 2182 4118 monimen
2204 4047 2239 4113 et
2262 4043 2428 4112 rationem

443 4247 445 4250 -
575 4201 657 4269 inde
680 4203 784 4270 abere
807 4204 874 4270 et
864 4201 1023 4268 invenire
1044 4199 1264 4285 potueritet
1286 4217 1350 4282 per
1373 4217 1409 4266 se
1431 4173 1510 4265 illut
1532 4195 1698 4264 defenset:
1724 4198 1801 4280 pret
1802 4213 1852 4274 er,
1872 4197 1901 4264 si
1925 4199 2179 4265 sacramentum
2198 4195 2352 4264 dandum
2374 4213 2426 4262 ac·

577 4351 702 4420 ciderit
727 4351 808 4420 inde
834 4370 916 4437 pars
944 4351 1054 4436 ipsius
1076 4350 1233 4424 ecclesie,
1256 4366 1320 4416 nos
1346 4350 1426 4416 nost
1428 4347 1542 4432 risque
1565 4345 1724 4417 eredibus
1747 4345 1824 4416 illut
1847 4347 2024 4416 demuset
1989 4349 2309 4436 etpersolbamus3
2336 4366 2425 4426 nam,

576 4503 713 4590 quando
736 4503 895 4589 partibus
919 4505 1029 4591 ipsius
1052 4505 1196 4572 ecclesie
1218 4520 1282 4570 nos
1306 4498 1483 4586 nostrique
1505 4498 1662 4569 eredibus
1684 4499 1877 4586 quesierint
1891 4498 1972 4570 inde
1987 4502 2142 4578 auctores
2158 4502 2275 4580 abere,
2294 4517 2357 4569 nos
2372 4469 2439 4568 ιιο-Ι

576 4657 708 4741 strique
731 4656 891 4724 eredibus
915 4656 993 4726 illut
1016 4655 1059 4724 ad
1084 4675 1166 4739 pars
1189 4655 1300 4740 ipsius
1323 4653 1466 4722 ecclesie
1489 4651 1705 4721 defensemus
1728 4654 1762 4719 et
1785 4653 1901 4719 omnia
1923 4651 2186 4736 adimpleamus
2204 4655 2371 4740 quantum
2394 4658 2425 4723 et

577 4807 747 4894 quomodo
770 4810 931 4894 superius
954 4767 1041 4905 legit
1027 4811 1095 4875 t.ur
1115 4810 1150 4877 et
1164 4808 1230 4875 Sit
1215 4808 1295 4875 talit
1281 4807 1417 4875 ttczere
1387 4803 1599 4890 cchnitnr
1610 4804 1764 4886 formula
1787 4807 1956 4873 consona.
1978 4801 2053 4873 Stet
2040 4807 2117 4875 tnta
2137 4806 2248 4874 melta
2269 4807 2427 4891 quinqua·

575 4962 676 5045 pinta
698 4965 781 5030 onrn
773 4959 982 5028 solidorum
997 4961 1364 5028 constantinicaesaris
1384 4977 1404 5026 e
1407 4959 1549 5028 ttaliter
1566 4956 1714 5027 scribere
1730 4955 1930 5040 rogavimus
1945 4959 1979 5024 ιε
2001 4958 2116 5041 petrus
2133 4958 2299 5026 notarius.
2316 4961 2424 5024 actum

577 5113 728 5180 salerno.

635 5235 665 5348 †
688 5281 754 5348 ego
771 5265 888 5348 petrus
903 5279 1017 5331 comes

633 5383 743 5498 †ego
760 5411 974 5482 landenolfus
1050 5489 1054 5500 ,
1177 5476 1184 5488 .

505 5561 507 5564 ’
634 5532 752 5648 †ego
768 5561 950 5631 landolfus.
