5286 7098
975 650 1344 724 rtronounrlcus
1993 680 2033 740 or

225 897 398 973 sierimus,
409 899 469 964 aut
484 895 717 981 quodcumque
734 892 888 961 causatio
905 891 968 958 tibi
985 895 1037 960 vel
1055 893 1098 959 ad
1111 894 1180 960 tuis
1195 894 1380 963 heredibus
1395 898 1521 966 exinde
1536 898 1762 980 amiserimus,
1773 905 1851 973 ante
1868 907 2084 991 omniaque

225 1050 292 1117 stio
307 1050 343 1116 et
358 1041 510 1123 causatio
525 1050 646 1115 nostra
661 1044 772 1112 modis
789 1043 947 1112 omnibus
962 1045 1008 1110 sit
1024 1043 1104 1112 inde
1119 1044 1226 1110 tacita
1241 1048 1277 1111 et
1292 1045 1411 1124 bacca,
1432 1049 1466 1114 et
1481 1047 1620 1132 duplum
1638 1051 1837 1136 supradicto
1854 1057 1999 1141 pretium
2018 1003 2082 1127 nos

186 1181 192 1189 ¹
224 1203 421 1287 nostrisque
437 1201 527 1269 illios
550 1203 585 1269 et
607 1199 752 1268 heredes
767 1199 831 1267 tibi
847 1197 963 1283 tuique
979 1197 1162 1267 heredibus
1178 1218 1384 1286 componere
1400 1204 1630 1288 hobligamus,
1650 1209 1685 1273 et
1699 1226 1765 1292 que
1788 1213 1871 1294 aput
1894 1231 1964 1296 vos,
1976 1214 2082 1281 fuerit

223 1353 485 1421 remelioratum
502 1356 537 1420 et
553 1351 680 1418 lactum
698 1351 907 1428 hedificium,
922 1353 984 1416 sub
999 1351 1250 1422 estimationem
1266 1354 1371 1438 pretii
1388 1354 1485 1452 uobis
1501 1357 1738 1446 restituemus3
1753 1361 1794 1429 de
1809 1362 1958 1430 colludio
1970 1368 2080 1432 autern

223 1505 360 1591 legibus
374 1505 470 1572 vobis
486 1507 641 1574 iuremus
655 1524 717 1590 per
732 1505 973 1596 deimisteria.
991 1507 1019 1572 si
1035 1509 1147 1573 autem
1166 1509 1203 1576 tu
1219 1510 1274 1575 vel
1289 1509 1358 1576 tuis
1374 1510 1555 1578 heredibus
1571 1465 1633 1596 per
1649 1531 1709 1581 vos
1732 1515 1818 1600 ipsis
1841 1517 1969 1584 exinde
1992 1523 2081 1587 osset

225 1661 385 1727 auctores
408 1660 598 1736 volueritis,
617 1660 699 1727 tunc
717 1659 796 1728 ¹rice
819 1661 935 1727 nostra
958 1658 1133 1725 licentiam
1150 1662 1184 1726 et
1197 1662 1402 1744 potestatem
1418 1663 1574 1730 habeatis
1597 1667 1633 1730 tu
1656 1665 1791 1750 tuisque
1814 1668 1995 1737 heredibus
2019 1690 2081 1754 per

197 1828 283 1908 ‘vos
301 1810 385 1894 ipsis
401 1809 483 1877 inde
497 1812 585 1880 esset
600 1813 754 1880 auctores
771 1812 806 1877 et
828 1811 1035 1887 defensores,
1054 1812 1202 1895 qualiter
1225 1813 1420 1898 volueritis3
1438 1831 1519 1880 nam
1536 1814 1672 1899 quando
1689 1834 1751 1884 nos
1768 1821 1820 1886 vel
1845 1822 1973 1888 nostris
1997 1822 2079 1890 filiis

192 2059 195 2066 Ι
221 1967 257 2030 et
279 1962 425 2032 heredes
448 1962 642 2049 quesieritis
665 1962 745 2030 iude
769 1964 898 2032 habere
921 1961 1128 2042 defensores,
1149 1981 1212 2032 nos
1237 1968 1273 2032 et
1295 1965 1386 2032 filios
1410 1968 1445 2032 et
1468 1966 1611 2034 heredes
1633 1972 1772 2036 nostros
1795 1971 1873 2038 illut
1903 1952 2006 2058 vobis'
2021 1995 2078 2040 ve-

217 2115 368 2201 strisque
384 2114 568 2183 heredibus
583 2132 719 2200 semper
737 2103 949 2185 defensemus
963 2119 997 2184 et
1009 2117 1123 2183 omnia
1139 2117 1401 2202 adimpleamus,
1416 2119 1505 2222 sicut
1521 2121 1678 2203 superins
1694 2122 1835 2206 legitur.
1850 2142 1954 2207 quam
1971 2129 2003 2193 be
2020 2147 2079 2210 pe

217 2273 296 2338 trus
309 2270 469 2337 notarius
484 2268 634 2338 scribere
650 2269 861 2354 rogabimus.
881 2272 1020 2338 hactum
1037 2273 1185 2340 salerne.

277 2394 388 2510 †eg0
404 2424 462 2508 qui
477 2441 583 2508 supra
597 2423 703 2508 gaido
718 2422 822 2490 iudex

277 2545 389 2659 †ego
406 2573 526 2641 manni

277 2698 307 2810 †
321 2745 388 2811 ego
403 2727 606 2795 smaracdus
621 2729 779 2796 notarius
794 2747 849 2796 me
865 2729 1051 2813 subscripsi

278 2849 307 2963 †
322 2896 389 2962 ego
404 2879 575 2947 madelmo

273 3002 385 3116 †eg0
402 3049 520 3098 occzzo
536 3029 580 3118 (l)

274 3155 384 3269 †eg0
401 3185 502 3252 maio.
538 3242 540 3246 ,

1013 3692 1264 3770 CCXLII.

999 3938 1053 4014 A.
1093 3939 1143 4014 D.
1180 3935 1284 4015 966.

280 4193 367 4328 †In
390 4243 531 4313 nomine
554 4244 683 4311 domini
706 4245 882 4311 tricesimo
905 4247 1028 4329 quarto
1048 4260 1140 4311 anno
1163 4225 1376 4329 principatus
1398 4243 1517 4311 domni
1540 4245 1650 4312 nostri
1673 4247 1787 4331 gisolfi
1811 4249 1956 4332 gloriosi
1980 4254 2077 4336 prin-

218 4395 316 4480 cipis,
335 4415 450 4464 mense
472 4395 588 4463 iunius
611 4413 705 4463 nona
728 4379 928 4462 indictione.
947 4394 1084 4462 declaro
1108 4412 1175 4480 ego
1197 4396 1316 4480 petrus
1338 4394 1471 4462 domini
1494 4395 1732 4464 misericordia
1753 4399 1935 4486 episcopus
1957 4407 2078 4471 sancte

217 4547 308 4618 sedis
330 4550 556 4627 salernitane,
583 4549 666 4632 quia
688 4566 769 4634 pars
793 4549 902 4616 nostri
919 4549 1085 4634 episcopii
1102 4551 1205 4618 habet
1219 4549 1366 4616 ecclesia
1383 4549 1582 4616 bocahulum
1601 4550 1712 4616 sancti
1727 4551 1820 4620 felici
1836 4552 1873 4620 in
1889 4555 2001 4622 locum
2018 4559 2075 4624 ubi

216 4699 259 4767 ad
283 4701 370 4768 fonti
393 4701 519 4770 dicitur
542 4702 670 4771 linibus
694 4700 927 4780 salernitanis,
954 4701 1011 4785 qui
1036 4699 1180 4768 lundata
1201 4703 1253 4769 est
1276 4717 1378 4785 super
1403 4717 1511 4776 mare,
1530 4718 1606 4766 cum
1624 4703 1726 4769 rebus
1748 4705 1783 4770 et
1797 4703 1909 4772 vineis
1925 4706 1960 4772 et
1981 4707 2078 4774 silvis

214 4857 252 4920 et
275 4853 432 4920 bacibum
462 4854 677 4938 pertinentes
710 4853 821 4920 nostri
851 4853 1042 4938 episcopii;
1068 4852 1169 4918 modo
1202 4853 1318 4918 antem
1352 4869 1415 4936 per
1451 4852 1539 4917 bona
1574 4853 1829 4920 combenientia
1862 4854 2076 4925 medietatem

217 5005 296 5091 ipsa
318 5005 463 5076 ecclesia
484 5009 519 5074 ct
541 5005 758 5075 medietatem
782 5005 982 5091 supradicta
997 5024 1053 5075 res
1074 5005 1233 5074 dedimus
1257 5004 1300 5072 ad
1324 5005 1510 5074 tenendum
1534 5006 1626 5090 petri
1641 5006 1834 5074 amalfitani
1851 5007 1941 5076 illius
1957 5011 2076 5092 lupeni
2166 5045 2168 5048 ·

99 5194 102 5202 ·
217 5163 276 5246 qni
298 5161 427 5230 dicitur
449 5161 492 5230 de
514 5161 596 5240 rini,
622 5161 712 5228 sicut
734 5161 809 5228 eius
832 5159 984 5227 continet
1006 5160 1195 5246 scriptum;
1221 5159 1295 5244 ipsa
1317 5160 1390 5227 alia
1410 5157 1630 5228 medietatem
1645 5177 1717 5226 non
1733 5159 1904 5243 potuimus
1920 5160 2078 5230 invenire

218 5315 274 5381 cui
298 5315 361 5381 illa
383 5313 480 5382 dare.
513 5331 605 5379 nunc
639 5316 755 5398 autern
785 5311 879 5381 venit
900 5310 943 5378 ad
967 5328 1030 5381 nos
1052 5312 1190 5396 sergius
1213 5311 1433 5379 amalfitanus
1463 5272 1555 5378 lilius
1592 5311 1753 5395 stephani
1787 5313 1846 5395 qui
1881 5311 2078 5398 appellatur

218 5465 427 5543 kalendola,
454 5483 519 5550 pro
544 5464 618 5532 vice
640 5467 675 5532 et
697 5481 780 5549 pars
803 5464 940 5532 mulieri
963 5465 1216 5532 nominelintu
1239 5465 1359 5533 relicta
1391 5463 1464 5531 ursi
1486 5465 1544 5549 qui
1569 5463 1635 5531 suit
1658 5481 1862 5549 germanum
1886 5467 2078 5551 supradicti

219 5603 320 5702 petri,
334 5619 368 5686 et
391 5617 576 5702 postulabit
598 5633 673 5695 nos,
697 5617 736 5684 ut
758 5633 821 5701 pro
844 5616 918 5684 eius
946 5619 1046 5701 parte
1069 5616 1154 5684 dare
1177 5615 1274 5684 nobis
1290 5617 1474 5700 argentum
1499 5615 1607 5684 libras
1632 5614 1719 5683 duas
1747 5620 1781 5684 et
1805 5635 1868 5700 per
1883 5619 1994 5687 omnis
2016 5636 2079 5685 an-

218 5791 300 5839 num
324 5770 411 5838 dare
432 5771 475 5839 ad
499 5789 584 5858 pars
607 5769 717 5840 nostri
740 5769 906 5856 episcopii
929 5788 1069 5839 censum
1094 5789 1200 5839 unum
1225 5771 1294 5838 tari
1317 5773 1442 5837 bonurn
1471 5771 1505 5836 et
1534 5768 1683 5836 medium
1712 5769 1782 5835 tari
1810 5769 1854 5836 de
1880 5769 2019 5846 dinari,
2045 5773 2079 5838 et

223 5944 288 6011 ego
311 5927 422 5995 eidem
448 5927 535 5994 lintn
560 5926 644 5996 dare
667 5925 882 5995 medietatem
907 5923 1109 6009 supradicta
1131 5922 1276 5992 ecclesia
1298 5941 1375 5989 cunr
1400 5921 1617 5992 medietatem
1644 5921 1722 6005 ipsa
1750 5939 1806 5988 res
1834 5921 1876 5988 ad
1893 5921 2076 5990 tenendum
