5286 7098
995 600 1364 672 blatollal'ltbs

1079 1055 1279 1134 CCXL.

1037 1304 1093 1381 A.
1129 1302 1181 1382 D.
1217 1299 1321 1381 966.

302 1569 390 1700 †1n
405 1616 546 1683 nomine
560 1614 691 1682 domini
707 1631 799 1682 anno
816 1614 988 1682 tricesimo
1005 1617 1128 1696 quarto
1145 1613 1360 1696 principatus
1376 1609 1492 1678 domni
1510 1614 1619 1678 nostri
1636 1573 1750 1696 gisolfi
1766 1615 1910 1697 gloriosi
1923 1618 2103 1704 principis,

246 1785 365 1836 mense
386 1769 524 1852 magius
547 1783 638 1834 nona
661 1765 860 1833 indictione.
886 1765 1165 1831 memoratorium
1190 1765 1280 1829 sactu
1303 1779 1323 1826 a
1347 1781 1402 1830 me
1425 1765 1572 1848 angelus
1595 1764 1687 1832 lilius
1702 1765 1873 1849 quondam
1890 1768 2045 1848 iohanni,
2064 1791 2104 1840 eo

243 1919 331 2004 quod
347 1921 384 1987 in
401 1921 512 1986 locum
529 1919 674 1987 nuceria
690 1919 771 1984 ante
788 1916 965 2001 presentia
982 1915 1071 2000 petri
1089 1915 1271 2000 presbiteri
1295 1917 1330 1981 et
1352 1915 1469 1981 abbati
1492 1915 1634 1982 ecclesie
1658 1917 1768 1982 sancti
1791 1919 1933 1984 maximi
1955 1924 1989 1987 et
2011 1923 2102 2008 petri

243 2069 384 2140 castaldi
400 2071 493 2138 filius
507 2069 678 2156 quondam
702 2067 884 2144 romoaldi,
902 2067 961 2151 qui
984 2070 1037 2134 est
1059 2084 1165 2133 unum
1188 2065 1231 2133 de
1254 2066 1398 2134 dominii
1421 2065 1574 2150 predicte
1590 2069 1744 2148 ecclesie,
1760 2075 1794 2135 et
1811 2074 1892 2138 ante
1907 2071 1967 2139 alii
1985 2077 2098 2152 testes,

241 2242 304 2308 per
319 2240 407 2290 vona
424 2222 676 2290 combenientia
692 2225 726 2288 et
749 2241 810 2306 per
835 2222 1049 2290 absolutione
1072 2221 1181 2305 ipsius
1205 2222 1322 2288 abbati
1346 2221 1488 2288 tradidit
1510 2223 1597 2288 milri
1621 2222 1789 2290 iohannes
1813 2225 1983 2308 presbiter
2007 2229 2102 2293 terra

240 2393 319 2441 cum
334 2375 579 2442 abellanietum
596 2374 703 2457 ipsius
720 2373 874 2450 ecclesie,
894 2372 984 2457 quod
1001 2373 1060 2440 ille
1079 2372 1115 2438 in
1138 2371 1341 2440 ueneficium
1366 2372 1504 2445 retinet,
1524 2371 1564 2440 de
1587 2375 1698 2438 locum
1724 2376 1952 2462 barbazuan03
1971 2380 2033 2446 tali
2058 2380 2102 2444 ti-

241 2545 339 2605 nere,
358 2531 396 2594 ut
413 2526 536 2594 amodo
552 2529 586 2594 et
601 2546 708 2611 usquc
723 2529 795 2593 tres
811 2526 894 2592 anni
911 2525 1071 2608 completi
1089 2523 1133 2590 ad
1149 2527 1270 2591 nostra
1293 2527 1327 2590 et
1348 2523 1390 2591 de
1404 2525 1533 2591 nostris
1547 2524 1730 2593 heredibus
1747 2529 1908 2594 abeamus
1933 2532 2101 2613 potestate

242 2676 430 2744 tenendum
446 2680 481 2742 et
495 2675 742 2742 dominandum
760 2679 794 2743 et
812 2675 925 2742 omnis
940 2675 1058 2740 nostre
1086 2674 1246 2740 utilitatis
1274 2673 1401 2740 ibidem
1431 2674 1636 2752 laciendum,
1656 2677 1690 2765 et
1721 2693 1783 2741 nos
1806 2678 1999 2744 annualiter
2027 2679 2102 2764 ipso

239 2833 486 2899 abellanietum
503 2849 641 2899 aremus
657 2840 692 2897 et
707 2832 887 2908 cultemuS,
903 2833 940 2896 ut
951 2831 1037 2896 bene
1052 2827 1181 2913 paread
1198 2831 1373 2907 cubatum,
1389 2831 1478 2895 sicut
1494 2831 1589 2896 locus
1606 2830 1680 2913 ipse
1697 2832 1874 2908 meruerit,
1891 2835 1926 2898 et
1942 2849 2004 2916 per
2017 2836 2100 2902 tem-

238 3003 324 3068 pore
342 2985 415 3070 ipse
431 2985 588 3053 abellane
604 2984 810 3067 colligamus
826 2985 860 3049 et
876 2984 1087 3058 secchemus,
1105 2983 1140 3048 et
1154 2984 1283 3065 quante
1306 2983 1461 3048 abellane
1484 2981 1564 3050 inde
1588 2984 1842 3062 collexerimus,
1861 3002 1924 3069 per
1947 2985 2099 3054 medium

238 3139 410 3208 internos
427 3138 641 3205 dibidamus:
660 3138 720 3205 ille
736 3139 792 3204 vel
809 3138 951 3204 missum
970 3155 1088 3204 eorum
1105 3135 1210 3204 tollad
1226 3155 1284 3202 eos
1300 3135 1529 3212 medietatem,
1547 3139 1581 3202 et
1603 3153 1666 3202 nos
1689 3135 1871 3203 medietate
1881 3157 1890 3222 3
1908 3139 1942 3203 et
1964 3138 2098 3221 quando

235 3293 297 3359 ille
320 3292 375 3359 vel
391 3293 534 3358 missum
552 3292 690 3358 illorum
707 3290 833 3357 ibidem
849 3291 983 3359 venerit
998 3307 1063 3374 pro
1078 3290 1153 3374 ipse
1170 3291 1340 3364 abellane,
1360 3307 1422 3354 nos
1446 3288 1515 3354 illis
1544 3288 1735 3355 notriamus
1762 3287 1949 3354 secundum
1976 3294 2098 3356 nostra
2200 3311 2204 3320 ·

237 3440 469 3526 possivilitate
485 3445 520 3509 et
534 3441 673 3509 illorum
690 3443 794 3509 lberit
810 3459 982 3520 mensura,
1000 3443 1035 3508 et
1050 3439 1219 3524 obligavit
1234 3460 1269 3508 se
1285 3441 1358 3524 ipse
1375 3439 1544 3524 presbiter
1567 3438 1689 3504 amodo
1705 3441 1739 3504 et
1754 3457 1857 3523 usque
1874 3441 1948 3522 ipso
1972 3443 2098 3508 consti-

233 3597 346 3662 tutum
363 3594 543 3662 defensare
558 3595 655 3662 nobis
671 3597 780 3686 totum
796 3597 872 3679 ipso
888 3595 1132 3662 abellanietum
1150 3593 1196 3660 da
1219 3594 1331 3660 omnis
1355 3593 1521 3659 homines.
1542 3593 1631 3659 unde
1654 3592 1696 3657 dc
1720 3593 1837 3658 omnia
1860 3594 2097 3677 suprascripta

233 3748 334 3816 nobis
345 3748 603 3834 adimplendum
620 3749 749 3834 guadio
765 3750 851 3816 milri
867 3750 942 3834 ipse
958 3749 1127 3834 presbiter
1144 3747 1239 3816 dedit
1250 3751 1284 3816 et
1296 3747 1464 3814 mediator
1476 3748 1562 3814 mibi
1579 3747 1694 3832 posuit
1708 3745 1922 3830 grimoaldus
1937 3749 2095 3815 notarius

231 3901 324 3968 filius
338 3900 516 3986 teoderici3
534 3903 568 3968 et
580 3919 641 3984 per
655 3903 732 3984 ipsa
748 3901 877 3986 guadia
889 3902 1057 3986 obligavit
1070 3920 1119 3979 se,
1138 3903 1175 3966 ut
1189 3900 1217 3967 si
1235 3899 1369 3984 aliquit,
1383 3899 1426 3966 de
1441 3899 1529 3983 quod
1542 3900 1699 3982 superius
1715 3899 1855 3982 legitur,
1871 3899 2093 3968 contradixe-

232 4053 281 4118 rit
296 4059 331 4120 et
347 4053 434 4120 talia
450 4053 550 4122 nobis
566 4071 636 4120 non
653 4054 906 4138 adimpleverit,
929 4070 1135 4137 componere
1150 4051 1250 4120 nobis
1266 4070 1303 4119 se
1319 4051 1490 4134 obligavit
1506 4050 1622 4118 docem
1636 4049 1763 4117 solidos
1775 4053 2020 4119 constantines
2036 4075 2092 4121 re-

231 4209 427 4275 rumtamen
447 4209 522 4292 ipsa
538 4225 656 4276 eorum
674 4209 826 4275 sortione
842 4208 885 4274 de
901 4206 974 4292 ipse
992 4209 1151 4274 abellane
1166 4208 1261 4274 solbe
1277 4207 1335 4272 ille
1351 4205 1527 4281 faciamus,
1546 4204 1625 4270 dum
1651 4205 1709 4270 ille
1733 4203 1812 4268 inde
1828 4205 1946 4272 tulerit
1965 4210 2089 4291 absquo

232 4358 457 4442 degeneratio
472 4363 507 4428 et
522 4361 617 4444 igno.
635 4363 669 4428 et
685 4377 752 4445 ego
769 4334 887 4444 petrus
903 4361 1060 4429 notarius
1075 4361 1218 4428 interlui
1234 4361 1269 4427 et
1284 4363 1376 4427 hunc
1394 4321 1530 4425 brebem
1547 4357 1682 4440 scripsi.

289 4482 399 4595 †ego
415 4513 474 4593 qui
490 4529 598 4595 supra
614 4515 735 4594 petrus
753 4512 924 4596 presbiter
939 4514 974 4579 et
989 4511 1091 4582 abbas
1102 4511 1244 4580 ecclesie
1260 4511 1370 4579 sancti
1387 4512 1544 4576 maximi.

1041 5015 1269 5092 CCXLI.

1010 5258 1065 5334 A.
1102 5257 1152 5334 D.
1191 5255 1294 5334 966.

286 5507 320 5642 †
336 5561 530 5628 innomine
546 5561 678 5628 domini
695 5563 868 5630 tricesimo
884 5565 1005 5648 quarto
1021 5581 1113 5632 anno
1130 5563 1344 5648 principatus
1360 5563 1476 5630 domni
1495 5565 1603 5630 nostri
1616 5565 1731 5648 gisolfi
1747 5562 1900 5649 glorioso
1913 5561 2083 5645 principe,

228 5725 344 5777 mense
360 5711 499 5796 magius
514 5729 607 5779 nona
622 5712 822 5782 indictione.
844 5715 920 5782 ideo
936 5733 1002 5800 que
1018 5732 1080 5782 uos
1096 5714 1233 5781 mulieri
1248 5714 1389 5782 nomine
1406 5715 1532 5782 menda
1546 5716 1618 5782 lilia
1634 5716 1791 5794 iohanni,
1806 5733 1871 5800 que
1887 5733 1959 5780 sum
1976 5730 2085 5780 uxore
2113 5781 2117 5788 ,

229 5859 385 5939 moraldi,
405 5865 439 5928 et
455 5865 567 5934 salbia
582 5867 616 5932 et
632 5867 778 5935 visantia
793 5869 864 5936 tilie
880 5870 1069 5954 supradicti
1087 5869 1241 5944 iohanni,
1261 5871 1295 5937 et
1318 5868 1464 5936 andreas
1487 5868 1579 5935 filius
1596 5869 1730 5944 minuti,
1749 5867 1830 5934 dum
1846 5869 1960 5935 autem
1985 5867 2084 5932 nobis
