5216 7092
967 593 1341 670 nrotoulrlcus
1588 573 1589 576 ‘
1969 613 2031 675 na

221 836 398 916 discernit,
419 838 501 905 sunt
515 855 578 923 per
593 837 670 923 ipso
685 835 795 904 limite
807 834 988 921 longitudo
1005 843 1123 919 passos
1138 834 1331 920 sessaginta
1347 837 1434 904 octo:
1449 839 1644 908 rebolvente
1658 837 1806 908 exiendo
1817 838 1862 906 da
1873 839 1954 909 inde
1968 858 2078 926 usque

224 988 261 1054 in
276 987 345 1057 fine
359 987 404 1056 de
418 986 564 1056 heredes
580 986 697 1054 domni
714 986 903 1055 radelchisi
918 988 999 1054 suut
1013 1004 1078 1071 per
1095 987 1170 1071 ipsa
1185 988 1322 1054 rebolta
1335 987 1481 1056 latitudo
1497 1005 1620 1074 passos
1635 990 1831 1076 octoaginta
1853 989 1933 1058 duo:
1959 1009 1980 1057 a
1994 1007 2079 1076 pars

222 1136 412 1207 occidentis
427 1138 507 1223 ipsa
521 1138 592 1206 flne
607 1137 651 1206 de
667 1137 794 1207 herede
808 1137 958 1223 predicti
972 1137 1090 1206 domni
1105 1137 1290 1207 radelchisi
1305 1155 1411 1224 usque
1427 1139 1465 1208 iu
1486 1129 1614 1226 padule
1640 1144 1808 1228 quantum
1834 1143 1996 1210 lavorare
2017 1160 2079 1229 po·

222 1291 310 1370 tunt,
328 1291 410 1357 sunt
425 1307 489 1374 per
505 1289 580 1375 ipsa
595 1290 666 1356 fine
682 1286 861 1373 longitudo
875 1304 992 1373 passos
1015 1288 1217 1374 octuaginta
1239 1287 1419 1374 quadtuor:
1445 1307 1467 1356 a
1489 1307 1572 1375 pars
1587 1290 1891 1376 septemtrionalis,
1909 1292 2079 1378 quomodo

224 1444 298 1529 ipsa
313 1442 437 1528 padule
452 1441 631 1522 discernit,
648 1442 719 1509 fine
734 1441 843 1526 ipsius
857 1442 1002 1512 ecclesie
1016 1442 1125 1509 sancti
1142 1443 1312 1523 massimi,
1330 1445 1412 1512 sunt
1426 1462 1490 1530 per
1506 1444 1585 1529 ipsa
1599 1447 1669 1514 fine
1690 1445 1835 1514 latitudo
1857 1463 1977 1532 passos
2000 1465 2079 1516 cen·

225 1598 294 1664 tum
310 1594 539 1680 septuaginta
553 1592 725 1680 quadtuor
741 1595 776 1662 et
791 1547 933 1663 exiente
945 1613 1051 1678 usque
1066 1594 1103 1662 iu
1119 1595 1195 1679 ipsa
1210 1594 1268 1662 via
1282 1612 1348 1680 que
1371 1597 1423 1664 est
1445 1595 1561 1681 priore
1583 1597 1663 1665 fine.
1693 1599 1757 1666 hec
1779 1615 1862 1665 vero
1884 1599 1988 1666 rebus
2015 1617 2078 1684 per

222 1745 300 1831 ipsa
314 1747 494 1814 mensurio
511 1748 547 1814 et
560 1745 640 1814 talis
655 1745 702 1813 sit
717 1744 793 1830 ipse
808 1763 942 1830 passus,
960 1763 1038 1812 cum
1054 1763 1121 1830 quo
1136 1746 1203 1812 luit
1217 1747 1296 1831 ipsa
1310 1748 1413 1814 rebus
1428 1749 1665 1816 mensuratum
1679 1749 1723 1815 ad
1739 1749 1831 1818 iusto
1847 1768 1990 1817 manum
2013 1752 2074 1817 ho-
2116 1784 2119 1790 s

220 1895 326 1963 minis
339 1896 494 1963 habeant
508 1858 660 1980 quinque
675 1893 778 1980 pedes
793 1895 828 1961 et
842 1912 949 1962 unum
965 1893 1157 1973 summisse,
1176 1896 1248 1961 tota
1263 1898 1298 1962 ct
1313 1895 1434 1963 inclita
1457 1895 1549 1965 infra
1564 1897 1639 1982 ipse
1653 1898 1735 1965 fluis
1757 1900 1792 1966 et
1815 1898 1991 1966 mensurie
2006 1898 2078 1992 illis

135 2009 138 2014 ,
220 2050 391 2118 eteorum
413 2046 603 2115 heredibus
627 2047 789 2115 tenerent
804 2064 911 2131 usque
926 2046 964 2113 iu
980 2045 1214 2132 supradictum
1229 2047 1473 2126 constitutum,
1492 2049 1527 2117 et
1543 2050 1656 2116 omnis
1677 2067 1737 2118 sue
1760 2049 1920 2117 utilitatis
1944 2049 2074 2117 ibidem

219 2197 415 2264 faciendum
432 2196 469 2263 in
486 2197 561 2281 ipso
577 2198 690 2263 locum
706 2213 818 2280 angre
833 2181 996 2262 iamdicta
1011 2196 1181 2264 hecclesie
1195 2197 1307 2264 sancti
1325 2197 1479 2264 massimi
1494 2219 1504 2285 3
1521 2201 1556 2266 et
1579 2199 1609 2266 si
1631 2181 1803 2266 voluerint
1824 2199 1950 2267 ibidem
1974 2201 2074 2270 habi·

216 2349 292 2416 tare
307 2349 343 2416 et
359 2347 524 2426 residere,
538 2347 716 2416 licentiam
728 2348 762 2415 et
774 2348 978 2432 potestatem
993 2349 1147 2416 habeant
1162 2348 1319 2431 usquein
1334 2319 1571 2433 supradictum
1583 2351 1819 2429 constitutum,
1834 2352 1868 2418 et
1884 2351 1959 2436 ipso
1971 2355 2075 2418 arbu-

215 2500 342 2567 statum
359 2517 462 2568 omne
475 2517 605 2566 aunum
619 2499 692 2567 suis
708 2500 921 2585 temporibus
934 2499 978 2610 de
994 2517 1100 2585 super
1115 2503 1150 2568 et
1164 2499 1336 2570 desubter
1355 2503 1529 2569 lavoraret
1550 2503 1586 2568 et
1602 2502 1760 2580 cultaret,
1778 2503 1813 2569 et
1829 2503 1887 2568 ubi
1909 2501 2077 2569 meruerit

215 2655 359 2723 arbores
381 2657 417 2722 et
440 2655 528 2722 vites
550 2655 710 2739 plantare
731 2656 766 2725 et
787 2655 1023 2740 propaginare
1046 2657 1187 2724 arbores
1209 2657 1244 2722 et
1266 2655 1348 2742 yitis
1360 2676 1370 2742 ;
1395 2655 1430 2722 et
1452 2672 1555 2722 omne
1578 2673 1706 2722 annum
1736 2656 1888 2723 facerent
1921 2671 1984 2722 nos
2016 2659 2078 2723 aut
2165 2702 2170 2708 -

215 2806 426 2893 posteriores
447 2807 585 2874 nostros
607 2823 670 2892 per
693 2806 768 2891 ipse
790 2803 963 2874 vindemie
985 2807 1019 2875 et
1040 2807 1121 2891 apto
1143 2808 1299 2891 tempore
1320 2823 1382 2874 suo
1404 2800 1482 2872 illos
1505 2805 1729 2884 vindemiare,
1767 2807 1802 2875 et
1824 2806 1978 2872 lacerent
2011 2823 2076 2872 nos

107 3013 110 3017 ‚
214 2959 345 3028 exinde
365 2959 456 3029 scire
479 2959 524 3026 ad
547 2959 626 3043 ipsa
646 2958 840 3037 vindemia,
865 2961 901 3027 et
921 2957 965 3025 ad
988 2960 1203 3043 pulmentum
1227 2959 1303 3043 ipso
1325 2958 1442 3024 vinum
1477 2977 1577 3027 omne
1612 2977 1740 3026 anuum
1763 2957 1970 3025 dividamus:
2006 2957 2077 3026 illis

215 3109 344 3180 exinde
364 3112 491 3179 tollant
513 3128 617 3179 omne
640 3129 770 3178 annum
792 3113 864 3178 tres
885 3110 1095 3179 sortionibus
1116 3110 1160 3179 de
1182 3111 1257 3196 ipso
1281 3111 1411 3188 vinum,
1437 3112 1472 3178 et
1492 3127 1576 3194 pars
1599 3112 1718 3178 sancte
1751 3110 1919 3178 hecclesie
1951 3111 2076 3176 tollant

216 3262 283 3332 due
305 3264 411 3332 sortis
433 3263 474 3333 de
496 3265 573 3350 ipso
588 3266 727 3350 vinum;
752 3265 787 3332 et
809 3264 886 3349 ipso
900 3265 1019 3331 vinum
1040 3283 1141 3350 quem
1163 3263 1200 3329 iu
1215 3263 1372 3348 partibus
1387 3264 1556 3348 prephato
1570 3264 1738 3331 hecclesie
1753 3262 1958 3330 hevenerint
1975 3277 2075 3330 omne

216 3433 360 3495 annum,
386 3413 456 3483 illis
478 3416 653 3484 eteorum
676 3413 862 3484 heredibus
884 3415 962 3483 illos
984 3415 1084 3482 nobis
1108 3413 1282 3482 adducant
1305 3433 1411 3500 usque
1434 3413 1478 3481 ad
1502 3414 1580 3500 ipsa
1601 3417 1698 3481 turre
1720 3411 1766 3480 da
1788 3413 1856 3498 ipsi
1891 3412 1995 3498 pariti
2030 3411 2074 3481 de

216 3567 371 3646 nuceria,
387 3567 443 3633 ubi
466 3565 662 3633 abuerimus
684 3566 762 3652 ipsa
783 3582 936 3650 organon
957 3525 1113 3650 reposita
1134 3563 1178 3632 ad
1201 3567 1277 3650 ipso
1294 3565 1413 3632 vinum
1429 3564 1665 3651 recipiendum
1680 3582 1757 3632 cum
1781 3581 1900 3632 carros
1922 3565 1958 3632 et
1973 3561 2077 3634 robes

217 3720 251 3784 et
273 3735 431 3803 organea
451 3735 533 3795 sua,
559 3720 594 3784 et
615 3734 716 3786 omne
738 3735 868 3785 annum
891 3717 962 3784 illis
985 3719 1086 3784 nobis
1109 3718 1268 3785 concient
1291 3717 1369 3803 ipsa
1391 3717 1618 3802 organeaubi
1631 3717 1926 3802 reponamusipso
1941 3717 2075 3802 vinum3

217 3871 252 3938 et
271 3870 386 3955 ipsum
408 3871 609 3948 homiuem,
634 3887 733 3955 quem
758 3869 807 3936 ibi
829 3867 1061 3937 direxerimus
1086 3868 1129 3936 ad
1153 3869 1229 3954 ipso
1251 3869 1372 3936 vinum
1406 3867 1642 3954 recipiendum
1675 3885 1777 3938 omne
1810 3886 1967 3945 annum,
2006 3867 2076 3936 illis

218 4041 294 4096 eum
316 4023 476 4091 nutriant
501 4024 631 4092 desua
653 4022 800 4091 vivenda
821 4023 914 4090 iusta
935 4023 1130 4110 rationem3
1154 4023 1189 4090 et
1210 4021 1254 4090 de
1276 4019 1349 4108 que
1374 4021 1499 4090 ibidem
1523 4022 1771 4091 seminaverint
1792 4023 1830 4088 in
1862 4022 1941 4106 ipsa
1973 4022 2077 4090 rebus

220 4193 322 4245 omne
343 4193 487 4254 annum,
513 4174 617 4244 deant
639 4174 842 4244 terraticum
864 4174 901 4241 in
923 4173 1080 4260 partibus
1114 4171 1275 4240 iamdicto
1309 4173 1479 4242 hecclesie
1511 4145 2002 4240 secundumconsuetudinem
2035 4170 2078 4240 de

219 4328 333 4414 ipsum
358 4329 484 4408 locum,
510 4327 608 4397 etde
631 4329 799 4412 quantum
823 4329 859 4395 in
883 4327 985 4397 antea
1004 4329 1189 4412 pastenare
1209 4325 1388 4412 potuerint
1408 4324 1450 4395 de
1472 4325 1551 4411 ipsa
1572 4326 1669 4394 terra
1689 4342 1797 4394 vacua
1819 4326 1955 4411 quaest
1986 4323 2079 4392 infra

217 4479 292 4564 ipse
314 4477 470 4564 predicte
492 4479 573 4548 finis
595 4481 737 4548 arbores
755 4482 790 4548 et
812 4479 914 4566 vitis3
939 4479 1099 4548 similiter
1122 4480 1199 4566 ipso
1223 4479 1343 4548 vinum
1366 4477 1562 4548 dividamus
1584 4477 1622 4545 in
1640 4477 1874 4562 superscripta
1905 4477 2077 4544 rationem

217 4631 252 4698 et
271 4631 384 4697 totum
407 4630 523 4715 ipsum
544 4631 724 4697 arbustum
746 4633 782 4696 ct
804 4632 972 4714 quantum
995 4629 1119 4697 amodo
1143 4631 1180 4697 in
1202 4631 1307 4699 antea
1329 4629 1495 4714 usquein
1517 4627 1756 4713 supradictum
1778 4627 2004 4696 constitutum
2036 4625 2080 4696 de

216 4781 296 4866 ipsa
319 4785 418 4858 terra
439 4781 561 4849 vaciba
582 4781 621 4849 in
644 4781 750 4849 antea
772 4781 956 4865 pastenare
982 4781 1171 4866 potuerint,
1198 4780 1358 4850 similiter
1381 4781 1465 4866 apto
1482 4779 1640 4866 tempore
1662 4797 1723 4847 sno
1748 4797 1808 4849 eos
1841 4779 2011 4865 desuper
2043 4781 2078 4849 et

203 4897 259 4999 'de
273 4931 393 5000 subter
416 4931 489 4999 suis
504 4931 717 5016 temporibus
740 4932 916 5000 lavoraret
929 4933 963 4999 ct
977 4933 1122 5010 culture,
1141 4933 1180 4999 ut
1202 4933 1288 5000 bene
1309 4929 1442 5016 paread
1458 4931 1654 4998 lavoratum
1675 4931 1711 4998 et
1732 4931 1912 5010 cultatum,
1931 4899 2021 4998 sicut
2042 4934 2078 5000 et
2193 4907 2197 4918 ¹

216 5081 389 5167 quomodo
406 5085 503 5152 locus
517 5084 594 5170 ipse
608 5081 787 5162 meruerit.
813 5081 856 5150 ad
873 5085 1083 5168 completum
1098 5100 1182 5151 vero
1203 5083 1316 5169 ipsum
1343 5081 1571 5150 constitutum
1598 5079 1668 5151 illis
1693 5083 1728 5150 et
1752 5099 1872 5151 eorum
1893 5081 2076 5152 heredibus

214 5234 292 5300 tota
306 5235 343 5300 et
357 5233 480 5301 inclita
494 5233 571 5319 ipsa
586 5234 691 5301 rebus
705 5249 769 5319 per
784 5227 979 5320 supradicte
994 5235 1074 5303 finis
1089 5237 1125 5303 et
1140 5233 1328 5303 mensariis
1353 5233 1533 5301 remittant
1546 5230 1591 5300 ad
1617 5233 1823 5318 potestatem
1846 5233 1885 5301 in
1908 5232 2071 5302 iamdicta

213 5383 399 5452 hecclesie.
417 5384 508 5470 quod
525 5386 556 5454 si
570 5386 690 5454 taliter
706 5388 779 5455 etc:
797 5383 927 5472 (Multo
940 5337 1191 5472 paiapuopintu
1213 5403 1400 5456 euremaro
1414 5384 1603 5452 solidorum
1627 5385 1984 5453 cmntaatiutaoommc
2004 5401 2075 5468 pro
2114 5459 2117 5462 ,

209 5536 509 5625 componentium).
528 5540 564 5606 et
578 5539 756 5607 licentiam
771 5541 805 5608 et
819 5540 1027 5626 potestatem
1042 5541 1194 5608 habeant
1217 5538 1289 5608 illis
1311 5541 1481 5609 eteorum
1497 5535 1680 5605 heredibus
1706 5536 1834 5606 ibidem
1859 5538 1997 5624 tuipsa
2023 5557 2077 5610 re·

213 5687 279 5756 bus
304 5688 369 5756 alii
392 5688 590 5758 hominibus
605 5687 649 5756 ad
664 5687 893 5758 lavorandum
909 5689 1101 5758 mitterent.
1118 5688 1162 5757 ad
1178 5659 1392 5775 completum
1406 5705 1489 5756 vero
1512 5687 1626 5773 ipsum
1652 5687 1874 5756 constitutum
1897 5687 2075 5757 licentiam

212 5839 250 5906 et
271 5838 479 5924 potestatem
493 5838 641 5908 habeant
657 5838 727 5910 illis
742 5841 797 5908 vei
811 5855 930 5910 eorum
945 5838 1131 5908 heredibus
1156 5838 1201 5908 de
1227 5839 1303 5924 ipsa
1317 5835 1472 5923 predicta
1486 5839 1586 5907 rebus
1602 5837 1701 5908 exire
1715 5839 1752 5906 et
1767 5839 1928 5906 excutere
1953 5838 2072 5907 omnia
