5378 7098
1216 607 1346 684 lNDEX
1373 609 1735 684 CHRONOLOGICUS

547 849 2421 894 μ

1122 989 1153 1050 2
1288 958 1314 1017 Ν
1324 973 1403 1021 ome
1413 975 1435 1018 n

1123 1051 1155 1188 Ξ)
1342 1085 1377 1143 et
1599 1075 1807 1140 Membranae
1830 1078 2044 1142 summarium

1133 1195 1154 1238 :a

1124 1241 1155 1269 ..a

633 977 665 1301 Numerus

790 1155 819 1230 A.-
788 1061 819 1108 D

946 1064 978 1284 Mens
952 985 975 1016 s

1229 1206 1315 1268 Anni
1336 1203 1498 1284 Principis

2131 1165 2138 1366 ..ὼ-

1538 1468 1698 1546 quondam
1717 1470 1857 1547 laquinti
1874 1489 1892 1531 a
1908 1469 2024 1530 Cicero
2045 1470 2112 1531 tilio

1539 1549 1676 1620 Sellicti,
1690 1553 1745 1630 qui
1762 1552 1826 1612 sibi
1842 1553 1967 1614 retinet
1991 1551 2042 1610 ius
2066 1551 2112 1612 ibi

1540 1631 1732 1692 aedificandi
1756 1636 1886 1694 domum
1912 1640 1944 1692 et
1965 1633 2119 1714 recipien

1539 1713 1570 1772 di
1587 1717 1709 1774 terram
1726 1716 1959 1794 supradictam.
2162 1715 2202 1776 lV
2256 1718 2297 1780 99
2340 1717 2402 1778 262

589 1939 731 2005 CCCCVI
784 1933 846 1995 989
920 1934 1023 2016 Aprili
1140 1931 1169 1991 11
1244 1923 1274 1986 6.
1301 1926 1435 1988 lomus
1581 1924 1781 1986 Permutatio
1803 1925 1963 1986 honorum
1987 1925 2020 1985 in
2045 1922 2114 1981 loco

1544 2006 1676 2067 Troada
1698 2013 1731 2068 et
1757 2009 1907 2069 Pozatuco
1935 2008 1967 2066 in
1997 2003 2114 2065 linibus

1541 2083 1715 2160 Lucaniae,
1729 2079 1814 2151 facla
1827 2091 1913 2150 inter
1924 2087 2113 2150 Landonem

1542 2171 1736 2251 Episcopum
1764 2178 1896 2232 sanctae
1920 2171 2008 2230 sedis
2040 2185 2115 2245 poe-

1543 2261 1654 2312 stanae
1669 2261 1702 2314 et
1716 2256 1802 2314 inter
1815 2253 1992 2315 Pinninum
2008 2249 2112 2309 filium

1545 2335 1659 2404 Mauri,
1683 2345 1719 2396 ut
1742 2337 1811 2414 ipse
1835 2336 2016 2414 Episcopus
2043 2348 2115 2390 cum

1543 2417 1656 2476 decem
1696 2418 1821 2490 solidis,
1846 2433 1926 2497 quos
1957 2413 2116 2475 Pinninus

1543 2500 1793 2576 permutationis
1816 2516 1912 2560 causa
1936 2493 2115 2557 refundere

1545 2578 1670 2651 debet,
1700 2583 1835 2642 reticere
1870 2579 1973 2659 possit
2008 2575 2115 2636 aulam

1543 2661 1713 2723 Ecclesiae
1737 2663 1770 2723 S.
1787 2663 1921 2730 Mariae,
1947 2679 2030 2739 quae
2055 2657 2115 2716 sita

1548 2744 1665 2804 eratin
1683 2751 1788 2806 castro
1806 2744 2031 2824 Capru-aquis.
2165 2736 2206 2796 lv
2259 2737 2301 2798 30
2345 2737 2409 2798 263

584 2960 742 3025 ccccvu
791 2949 852 3012 989
940 2955 1022 3018 Maio
1145 2955 1175 3016 ll
1272 2945 1323 3007 32.
1361 2945 1497 3025 Imperii
1588 2949 1739 3011 Venditio
1756 2952 1869 3010 vineae
1888 2948 1972 3029 apud
1995 2946 2116 3006 flumen

1303 3029 1426 3092 Bastuli
1466 3033 1499 3088 et
1546 3031 1713 3094 Particum
1750 3052 1812 3093 non
1843 3031 1937 3110 longe
1968 3028 2007 3088 ab
2037 3021 2116 3087 urbe

1299 3109 1350 3170 97.
1418 3111 1500 3172 Cou—
1547 3114 1696 3186 Luceria,
1717 3115 1803 3174 facta
1827 3115 1938 3185 Mario,
1957 3107 2061 3170 Adoni
2085 3113 2117 3166 et

1304 3208 1498 3254 susurrat
1549 3195 1706 3256 Poterisio
1745 3195 1824 3255 filiis
1861 3195 2022 3274 quondam
2058 3189 2116 3248 Ga-

1304 3275 1504 3335 fratriseius·
1548 3280 1688 3357 rempoti
1705 3297 1723 3338 a
1741 3277 1874 3346 Ioanne,
1894 3277 1978 3337 Eodo
2002 3278 2035 3332 et
2058 3271 2117 3329 Go-

1547 3360 1630 3419 deno
1659 3360 1849 3440 presbytero
1873 3359 1948 3419 filiis
1971 3353 2112 3425 Ioannis,

1548 3460 1604 3520 pro
1627 3460 1684 3504 sex
1707 3443 1777 3504 auri
1805 3441 1916 3502 solidis
1940 3434 2118 3500 constanti·

1551 3543 1670 3586 nranrs.

579 3681 853 3759 ccccv111989
933 3688 1026 3752 lunio
1146 3689 1176 3750 ll
1253 3677 1283 3741 6-
1309 3681 1444 3742 IOANNJS
1474 3686 1507 3740 el
1589 3687 1740 3749 Facultas
1771 3687 1804 3746 in
1842 3701 1972 3744 causam
2007 3680 2116 3759 ingre·

1272 3763 1303 3821 l.
1327 3763 1505 3825 Gumuantr
1548 3767 1659 3830 dienati
1676 3771 1715 3830 de
1732 3767 1825 3829 bonis
1842 3763 1992 3826 omnibus
2011 3762 2117 3824 Saler-

1275 3844 1335 3904 filii
1351 3846 1422 3906 eius
1548 3850 1580 3908 ni
1612 3853 1651 3912 ad
1684 3852 1855 3930 Lupenuru
1893 3846 2115 3907 atrianensem

1548 3933 1789 4009 pertinentibus
1833 3949 1873 3990 ex
1914 3926 2116 3988 haereditate

1547 4022 1695 4092 paterna,
1713 4016 1786 4075 data
1808 4011 1922 4084 Sergio
1940 4007 2117 4072 Colerrdolo

1546 4097 1612 4157 lilio
1642 4095 1798 4176 Stephani
1826 4113 1844 4152 a
1871 4093 1956 4152 dicto
1982 4091 2115 4168 Lupeno

1547 4177 1740 4239 consobrino
1767 4177 1867 4236 fratre
1895 4192 1964 4246 suo,
1982 4180 2019 4232 ut
2040 4171 2115 4230 inde

1545 4261 1630 4322 bona
1645 4262 1732 4322 inter
1747 4277 1782 4321 se
1799 4255 1997 4316 dividantur.

596 4425 742 4490 cccclx
792 4418 853 4482 989
944 4424 1026 4487 Iulio
1148 4422 1177 4483 II
1253 4414 1441 4477 6-10ANN18
1472 4421 1505 4475 el
1588 4423 1762 4484 Concessio
1778 4427 1884 4480 terrae
1898 4417 1931 4478 in
1945 4417 2116 4493 locoApus

1274 4495 1304 4554 l·
1330 4499 1504 4561 Guarnaan
1546 4513 1653 4565 monte
1669 4505 1724 4564 ubi
1741 4503 1920 4564 Mutiliauo
1943 4499 2075 4568 dicitur,
2099 4517 2117 4559 a

1273 4577 1332 4639 lilii
1349 4581 1419 4640 eius
1547 4586 1711 4646 Cennamo
1727 4582 1842 4646 abbate
1858 4581 2021 4642 ecclesiae
2037 4581 2115 4641 San-

1436 4702 1441 4711 ,
1546 4669 1589 4728 cti
1617 4667 1747 4728 Maximi
1777 4669 1861 4727 sacta
1896 4662 2010 4723 Ioanni
2048 4661 2115 4721 filio

1546 4750 1672 4810 Sellicti
1696 4755 1729 4808 et
1753 4745 1913 4808 bladelmo
1943 4743 2009 4804 lilio
2035 4744 2116 4803 Lan·

1545 4831 1668 4899 franci,
1693 4849 1749 4908 pro
1777 4832 1931 4890 consueto
1965 4826 2116 4885 terratico

1546 4931 1649 4990 usque
1665 4912 1704 4972 ad
1727 4929 1827 4972 annos
1851 4907 2035 4978 duodecim;
2054 4925 2115 4984 quo

1547 4999 1693 5072 tempore
1710 4993 1860 5059 decurso,
1881 4991 1951 5068 ipsa
1969 4989 2116 5049 Ecclesia

1545 5075 1667 5135 habeat
1688 5075 1819 5134 tertiam
1844 5077 1971 5151 partem
1994 5069 2116 5132 viniet

1546 5157 1724 5217 fructuum.

1273 5401 1304 5461 1.
1326 5399 1505 5460 Gustu-titt!
1547 5402 1655 5462 scribo
1666 5400 1789 5478 palatii
1805 5402 1892 5458 inter
1913 5397 2115 5457 Gennamum

1274 5483 1332 5544 tilii
1350 5483 1421 5542 eius
1547 5483 1700 5544 abbatem
1718 5479 1878 5541 ecclesiae
1892 5479 1924 5540 S.
1939 5475 2067 5537 Maximi
2085 5483 2118 5535 et

1403 5579 1412 5602 ⁴
1549 5567 1700 5624 Amatam
1717 5562 1817 5621 filium
1835 5558 1984 5621 Ruscinii
2006 5556 2046 5616 de
2063 5575 2118 5634 pa-

1549 5647 1610 5707 ctis
1627 5662 1691 5704 non
1707 5644 1845 5704 servatis
1863 5640 1985 5720 abipso
2003 5641 2118 5698 Amato

1550 5728 1636 5788 circa
1649 5725 1842 5792 locationem
1859 5730 1979 5800 terpae,
1989 5720 2117 5789 vineae,

1549 5807 1707 5870 castaneti
1730 5812 1763 5866 et
1785 5803 1961 5866 abellaneti
1989 5801 2028 5861 ad
2061 5801 2120 5860 Ec-

599 5320 730 5386 CCCCX
793 5314 854 5376 989
911 5320 1055 5400 Augusto
1144 5320 1174 5381 ΙΙ
1252 5317 1282 5378 6.
1311 5319 1443 5378 tonans
1472 5318 1505 5375 et
1587 5312 2115 5380 ConsentiosactacoramTotone

1550 5890 1683 5951 clesiam
1714 5887 1912 5967 praedictam
1950 5881 2118 5962 pertinen·
