<?xml version="1.0" encoding="UTF-8"?>
<!DOCTYPE html PUBLIC "-//W3C//DTD XHTML 1.0 Transitional//EN"
    "http://www.w3.org/TR/xhtml1/DTD/xhtml1-transitional.dtd">
<html xmlns="http://www.w3.org/1999/xhtml" xml:lang="en" lang="en">
 <head>
  <title>
</title>
<meta http-equiv="Content-Type" content="text/html;charset=utf-8" />
  <meta name='ocr-system' content='tesseract 3.04.00' />
  <meta name='ocr-capabilities' content='ocr_page ocr_carea ocr_par ocr_line ocrx_word'/>
</head>
<body>
  <div class='ocr_page' id='page_1' title='image "./codexdiplomatic07aragoog_0133.png"; bbox 0 0 5286 7098; ppageno 0'>
   <div class='ocr_carea' id='block_1_1' title="bbox 620 625 1722 710">
    <p class='ocr_par' dir='ltr' id='par_1_1' title="bbox 620 625 1722 710">
     <span class='ocr_line' id='line_1_1' title="bbox 620 625 1722 710; baseline -0.009 -2"><span class='ocrx_word' id='word_1_1' title='bbox 620 649 661 710; x_wconf 80' lang='lat' dir='ltr'><strong>bl</strong></span> <span class='ocrx_word' id='word_1_2' title='bbox 726 625 730 636; x_wconf 72' lang='grc'><strong>’</strong></span> <span class='ocrx_word' id='word_1_3' title='bbox 1285 625 1449 699; x_wconf 87' lang='lat' dir='ltr'>CODEX</span> <span class='ocrx_word' id='word_1_4' title='bbox 1487 625 1722 699; x_wconf 82' lang='lat' dir='ltr'>usvullsls</span> 
     </span>
    </p>
   </div>
   <div class='ocr_carea' id='block_1_2' title="bbox 477 865 2427 2782">
    <p class='ocr_par' dir='ltr' id='par_1_2' title="bbox 477 865 2427 2782">
     <span class='ocr_line' id='line_1_2' title="bbox 577 865 2424 963; baseline -0.001 -19"><span class='ocrx_word' id='word_1_5' title='bbox 577 881 743 963; x_wconf 89' lang='grc'><strong>13333333,</strong></span> <span class='ocrx_word' id='word_1_6' title='bbox 754 873 888 962; x_wconf 89' lang='lat' dir='ltr'>quando</span> <span class='ocrx_word' id='word_1_7' title='bbox 899 871 1147 942; x_wconf 84' lang='lat' dir='ltr'><strong>seminavimus</strong></span> <span class='ocrx_word' id='word_1_8' title='bbox 1159 871 1272 956; x_wconf 90' lang='lat' dir='ltr'>ipsum</span> <span class='ocrx_word' id='word_1_9' title='bbox 1285 867 1560 954; x_wconf 89' lang='lat' dir='ltr'>suprascriptum</span> <span class='ocrx_word' id='word_1_10' title='bbox 1572 870 1734 948; x_wconf 91' lang='lat' dir='ltr'>montem,</span> <span class='ocrx_word' id='word_1_11' title='bbox 1744 885 1814 936; x_wconf 92' lang='lat' dir='ltr'><strong>non</strong></span> <span class='ocrx_word' id='word_1_12' title='bbox 1825 868 1952 940; x_wconf 80' lang='lat' dir='ltr'>exinde</span> <span class='ocrx_word' id='word_1_13' title='bbox 1963 868 2168 939; x_wconf 89' lang='lat' dir='ltr'>retdidimus</span> <span class='ocrx_word' id='word_1_14' title='bbox 2179 871 2351 941; x_wconf 90' lang='lat' dir='ltr'>rationem</span> <span class='ocrx_word' id='word_1_15' title='bbox 2361 865 2424 942; x_wconf 90' lang='grc'><strong>3131</strong></span> 
     </span>
     <span class='ocr_line' id='line_1_3' title="bbox 575 1021 2427 1111; baseline -0.001 -16"><span class='ocrx_word' id='word_1_16' title='bbox 575 1033 612 1095; x_wconf 88' lang='grc'><strong>31</strong></span> <span class='ocrx_word' id='word_1_17' title='bbox 627 1029 769 1096; x_wconf 86' lang='grc'><strong>33331331</strong></span> <span class='ocrx_word' id='word_1_18' title='bbox 785 1029 820 1095; x_wconf 92' lang='grc'><strong>31</strong></span> <span class='ocrx_word' id='word_1_19' title='bbox 835 1026 979 1095; x_wconf 89' lang='grc'><strong>31131331.</strong></span> <span class='ocrx_word' id='word_1_20' title='bbox 998 1029 1033 1094; x_wconf 92' lang='grc'><strong>31</strong></span> <span class='ocrx_word' id='word_1_21' title='bbox 1048 1026 1107 1093; x_wconf 93' lang='lat' dir='ltr'><strong>ubi</strong></span> <span class='ocrx_word' id='word_1_22' title='bbox 1124 1024 1241 1110; x_wconf 88' lang='lat' dir='ltr'>parati</span> <span class='ocrx_word' id='word_1_23' title='bbox 1257 1021 1524 1090; x_wconf 87' lang='grc'><strong>1333331133333</strong></span> <span class='ocrx_word' id='word_1_24' title='bbox 1546 1024 1582 1088; x_wconf 90' lang='grc'><strong>31</strong></span> <span class='ocrx_word' id='word_1_25' title='bbox 1605 1023 1762 1090; x_wconf 89' lang='lat' dir='ltr'>sanctum</span> <span class='ocrx_word' id='word_1_26' title='bbox 1784 1023 1967 1102; x_wconf 81' lang='lat' dir='ltr'>stefanum,</span> <span class='ocrx_word' id='word_1_27' title='bbox 1987 1023 2190 1093; x_wconf 87' lang='lat' dir='ltr'>donavimus</span> <span class='ocrx_word' id='word_1_28' title='bbox 2205 1025 2256 1093; x_wconf 91' lang='lat' dir='ltr'><strong>eis</strong></span> <span class='ocrx_word' id='word_1_29' title='bbox 2277 1025 2356 1111; x_wconf 89' lang='lat' dir='ltr'>ipsa</span> <span class='ocrx_word' id='word_1_30' title='bbox 2376 1045 2427 1095; x_wconf 87' lang='grc'><strong>33-</strong></span> 
     </span>
     <span class='ocr_line' id='line_1_4' title="bbox 576 1171 2423 1264; baseline 0.001 -20"><span class='ocrx_word' id='word_1_31' title='bbox 576 1179 768 1264; x_wconf 65' lang='lat' dir='ltr'>crementes</span> <span class='ocrx_word' id='word_1_32' title='bbox 785 1181 819 1249; x_wconf 93' lang='grc'><strong>31</strong></span> <span class='ocrx_word' id='word_1_33' title='bbox 833 1177 915 1246; x_wconf 93' lang='lat' dir='ltr'>dum</span> <span class='ocrx_word' id='word_1_34' title='bbox 931 1176 1151 1263; x_wconf 87' lang='lat' dir='ltr'>perreximus</span> <span class='ocrx_word' id='word_1_35' title='bbox 1167 1174 1292 1242; x_wconf 88' lang='lat' dir='ltr'>iterum</span> <span class='ocrx_word' id='word_1_36' title='bbox 1307 1174 1400 1240; x_wconf 84' lang='lat' dir='ltr'>foras</span> <span class='ocrx_word' id='word_1_37' title='bbox 1415 1190 1518 1257; x_wconf 92' lang='lat' dir='ltr'>super</span> <span class='ocrx_word' id='word_1_38' title='bbox 1532 1171 1608 1256; x_wconf 89' lang='lat' dir='ltr'>ipsa</span> <span class='ocrx_word' id='word_1_39' title='bbox 1622 1174 1718 1240; x_wconf 90' lang='lat' dir='ltr'>terra</span> <span class='ocrx_word' id='word_1_40' title='bbox 1733 1189 1812 1240; x_wconf 88' lang='lat' dir='ltr'>curn</span> <span class='ocrx_word' id='word_1_41' title='bbox 1829 1173 1908 1258; x_wconf 91' lang='lat' dir='ltr'>ipsa</span> <span class='ocrx_word' id='word_1_42' title='bbox 1930 1176 2139 1260; x_wconf 86' lang='lat' dir='ltr'>evvangelia</span> <span class='ocrx_word' id='word_1_43' title='bbox 2161 1179 2293 1256; x_wconf 87' lang='lat' dir='ltr'>sancta,</span> <span class='ocrx_word' id='word_1_44' title='bbox 2313 1176 2423 1245; x_wconf 91' lang='lat' dir='ltr'>statim</span> 
     </span>
     <span class='ocr_line' id='line_1_5' title="bbox 575 1320 2426 1414; baseline 0.001 -20"><span class='ocrx_word' id='word_1_45' title='bbox 575 1329 740 1396; x_wconf 89' lang='lat' dir='ltr'>iuravant</span> <span class='ocrx_word' id='word_1_46' title='bbox 754 1329 892 1414; x_wconf 80' lang='lat' dir='ltr'>sergius</span> <span class='ocrx_word' id='word_1_47' title='bbox 907 1327 950 1396; x_wconf 90' lang='lat' dir='ltr'><strong>de</strong></span> <span class='ocrx_word' id='word_1_48' title='bbox 966 1329 1108 1394; x_wconf 91' lang='lat' dir='ltr'>muscho</span> <span class='ocrx_word' id='word_1_49' title='bbox 1123 1326 1166 1393; x_wconf 91' lang='grc'><strong>13</strong></span> <span class='ocrx_word' id='word_1_50' title='bbox 1182 1325 1285 1392; x_wconf 89' lang='grc'><strong>311313</strong></span> <span class='ocrx_word' id='word_1_51' title='bbox 1300 1323 1334 1391; x_wconf 93' lang='grc'><strong>31</strong></span> <span class='ocrx_word' id='word_1_52' title='bbox 1349 1324 1404 1390; x_wconf 92' lang='grc'><strong>133</strong></span> <span class='ocrx_word' id='word_1_53' title='bbox 1421 1321 1464 1390; x_wconf 90' lang='grc'><strong>13</strong></span> <span class='ocrx_word' id='word_1_54' title='bbox 1477 1337 1647 1388; x_wconf 89' lang='lat' dir='ltr'>maurone</span> <span class='ocrx_word' id='word_1_55' title='bbox 1662 1320 1708 1389; x_wconf 93' lang='lat' dir='ltr'><strong>da</strong></span> <span class='ocrx_word' id='word_1_56' title='bbox 1723 1321 1832 1402; x_wconf 83' lang='lat' dir='ltr'>circli,</span> <span class='ocrx_word' id='word_1_57' title='bbox 1850 1325 1886 1390; x_wconf 91' lang='grc'><strong>31</strong></span> <span class='ocrx_word' id='word_1_58' title='bbox 1900 1322 2060 1391; x_wconf 91' lang='lat' dir='ltr'>dicebant</span> <span class='ocrx_word' id='word_1_59' title='bbox 2075 1344 2136 1409; x_wconf 92' lang='grc'><strong>333</strong></span> <span class='ocrx_word' id='word_1_60' title='bbox 2153 1325 2295 1396; x_wconf 91' lang='grc'><strong>1313131</strong></span> <span class='ocrx_word' id='word_1_61' title='bbox 2316 1327 2426 1397; x_wconf 89' lang='lat' dir='ltr'>miste·</span> 
     </span>
     <span class='ocr_line' id='line_1_6' title="bbox 576 1473 2426 1566; baseline 0.001 -22"><span class='ocrx_word' id='word_1_62' title='bbox 576 1481 711 1549; x_wconf 87' lang='grc'><strong>313333</strong></span> <span class='ocrx_word' id='word_1_63' title='bbox 726 1484 761 1548; x_wconf 92' lang='lat' dir='ltr'><strong>et</strong></span> <span class='ocrx_word' id='word_1_64' title='bbox 777 1481 888 1550; x_wconf 89' lang='lat' dir='ltr'>nostri</span> <span class='ocrx_word' id='word_1_65' title='bbox 905 1481 1081 1566; x_wconf 82' lang='lat' dir='ltr'>genitores</span> <span class='ocrx_word' id='word_1_66' title='bbox 1095 1479 1191 1546; x_wconf 89' lang='lat' dir='ltr'>omni</span> <span class='ocrx_word' id='word_1_67' title='bbox 1206 1478 1361 1561; x_wconf 85' lang='lat' dir='ltr'>ternpore</span> <span class='ocrx_word' id='word_1_68' title='bbox 1375 1473 1631 1544; x_wconf 75' lang='lat' dir='ltr'>nominavimus</span> <span class='ocrx_word' id='word_1_69' title='bbox 1647 1476 1691 1542; x_wconf 94' lang='lat' dir='ltr'><strong>ab</strong></span> <span class='ocrx_word' id='word_1_70' title='bbox 1706 1475 1783 1560; x_wconf 90' lang='grc'><strong>1333</strong></span> <span class='ocrx_word' id='word_1_71' title='bbox 1800 1475 1959 1562; x_wconf 88' lang='lat' dir='ltr'>alipergo</span> <span class='ocrx_word' id='word_1_72' title='bbox 1974 1475 2017 1544; x_wconf 90' lang='lat' dir='ltr'><strong>de</strong></span> <span class='ocrx_word' id='word_1_73' title='bbox 2034 1475 2119 1561; x_wconf 90' lang='lat' dir='ltr'>ipsis</span> <span class='ocrx_word' id='word_1_74' title='bbox 2142 1479 2330 1558; x_wconf 82' lang='lat' dir='ltr'>sarraceni,</span> <span class='ocrx_word' id='word_1_75' title='bbox 2347 1495 2426 1563; x_wconf 89' lang='lat' dir='ltr'>quo·</span> 
     </span>
     <span class='ocr_line' id='line_1_7' title="bbox 575 1626 2425 1719; baseline -0.002 -20"><span class='ocrx_word' id='word_1_76' title='bbox 575 1632 676 1700; x_wconf 92' lang='lat' dir='ltr'>modo</span> <span class='ocrx_word' id='word_1_77' title='bbox 692 1632 794 1701; x_wconf 87' lang='lat' dir='ltr'>vadet</span> <span class='ocrx_word' id='word_1_78' title='bbox 815 1633 892 1719; x_wconf 89' lang='lat' dir='ltr'>ipsa</span> <span class='ocrx_word' id='word_1_79' title='bbox 915 1633 975 1700; x_wconf 91' lang='lat' dir='ltr'><strong>via</strong></span> <span class='ocrx_word' id='word_1_80' title='bbox 997 1631 1039 1699; x_wconf 93' lang='lat' dir='ltr'><strong>de</strong></span> <span class='ocrx_word' id='word_1_81' title='bbox 1062 1633 1157 1717; x_wconf 86' lang='lat' dir='ltr'>septe</span> <span class='ocrx_word' id='word_1_82' title='bbox 1178 1628 1307 1707; x_wconf 91' lang='lat' dir='ltr'>arbori,</span> <span class='ocrx_word' id='word_1_83' title='bbox 1325 1626 1494 1713; x_wconf 90' lang='lat' dir='ltr'>quomodo</span> <span class='ocrx_word' id='word_1_84' title='bbox 1517 1626 1590 1710; x_wconf 91' lang='lat' dir='ltr'>ipse</span> <span class='ocrx_word' id='word_1_85' title='bbox 1613 1643 1732 1694; x_wconf 89' lang='lat' dir='ltr'>eruces</span> <span class='ocrx_word' id='word_1_86' title='bbox 1755 1629 1967 1707; x_wconf 64' lang='lat' dir='ltr'>vestivimus,</span> <span class='ocrx_word' id='word_1_87' title='bbox 1986 1630 2021 1696; x_wconf 92' lang='lat' dir='ltr'><strong>et</strong></span> <span class='ocrx_word' id='word_1_88' title='bbox 2043 1631 2080 1696; x_wconf 89' lang='lat' dir='ltr'><strong>at</strong></span> <span class='ocrx_word' id='word_1_89' title='bbox 2102 1629 2239 1714; x_wconf 91' lang='lat' dir='ltr'>limpidi</span> <span class='ocrx_word' id='word_1_90' title='bbox 2262 1649 2328 1716; x_wconf 91' lang='lat' dir='ltr'><strong>per</strong></span> <span class='ocrx_word' id='word_1_91' title='bbox 2354 1633 2425 1716; x_wconf 90' lang='lat' dir='ltr'>ipso</span> 
     </span>
     <span class='ocr_line' id='line_1_8' title="bbox 578 1779 2423 1872; baseline 0 -20"><span class='ocrx_word' id='word_1_92' title='bbox 578 1787 695 1855; x_wconf 91' lang='lat' dir='ltr'>monte</span> <span class='ocrx_word' id='word_1_93' title='bbox 710 1789 745 1856; x_wconf 88' lang='grc'><strong>31</strong></span> <span class='ocrx_word' id='word_1_94' title='bbox 760 1787 880 1872; x_wconf 89' lang='grc'><strong>333311</strong></span> <span class='ocrx_word' id='word_1_95' title='bbox 897 1787 934 1852; x_wconf 90' lang='grc'><strong>13</strong></span> <span class='ocrx_word' id='word_1_96' title='bbox 950 1785 1024 1870; x_wconf 89' lang='grc'><strong>1333</strong></span> <span class='ocrx_word' id='word_1_97' title='bbox 1040 1785 1166 1852; x_wconf 84' lang='lat' dir='ltr'>flumen</span> <span class='ocrx_word' id='word_1_98' title='bbox 1177 1783 1224 1863; x_wconf 93' lang='grc' dir='ltr'><strong>Ι13</strong></span> <span class='ocrx_word' id='word_1_99' title='bbox 1240 1785 1370 1861; x_wconf 87' lang='grc'><strong>331333,</strong></span> <span class='ocrx_word' id='word_1_100' title='bbox 1388 1781 1501 1851; x_wconf 90' lang='grc'><strong>31133</strong></span> <span class='ocrx_word' id='word_1_101' title='bbox 1518 1779 1711 1848; x_wconf 87' lang='lat' dir='ltr'>auxiliante</span> <span class='ocrx_word' id='word_1_102' title='bbox 1726 1782 1869 1851; x_wconf 83' lang='lat' dir='ltr'>fecimus</span> <span class='ocrx_word' id='word_1_103' title='bbox 1887 1785 2010 1850; x_wconf 87' lang='lat' dir='ltr'>bonam</span> <span class='ocrx_word' id='word_1_104' title='bbox 2026 1781 2143 1852; x_wconf 84' lang='lat' dir='ltr'>finem:</span> <span class='ocrx_word' id='word_1_105' title='bbox 2157 1782 2361 1854; x_wconf 91' lang='lat' dir='ltr'>donavimus</span> <span class='ocrx_word' id='word_1_106' title='bbox 2375 1785 2423 1853; x_wconf 93' lang='lat' dir='ltr'><strong>in-</strong></span> 
     </span>
     <span class='ocr_line' id='line_1_9' title="bbox 575 1913 2426 2023; baseline 0 -20"><span class='ocrx_word' id='word_1_107' title='bbox 575 1943 631 2005; x_wconf 86' lang='lat' dir='ltr'><strong>ter</strong></span> <span class='ocrx_word' id='word_1_108' title='bbox 647 1954 711 2007; x_wconf 90' lang='grc'><strong>333</strong></span> <span class='ocrx_word' id='word_1_109' title='bbox 727 1937 801 2023; x_wconf 88' lang='lat' dir='ltr'>ipsa</span> <span class='ocrx_word' id='word_1_110' title='bbox 823 1940 1052 2015; x_wconf 87' lang='lat' dir='ltr'>sacramenta,</span> <span class='ocrx_word' id='word_1_111' title='bbox 1071 1913 1112 2002; x_wconf 86' lang='grc'><strong>31</strong></span> <span class='ocrx_word' id='word_1_112' title='bbox 1129 1934 1410 2002; x_wconf 88' lang='lat' dir='ltr'>confirmavimus</span> <span class='ocrx_word' id='word_1_113' title='bbox 1431 1919 1525 2001; x_wconf 79' lang='lat' dir='ltr'>inter</span> <span class='ocrx_word' id='word_1_114' title='bbox 1547 1952 1611 2001; x_wconf 93' lang='grc'><strong>333</strong></span> <span class='ocrx_word' id='word_1_115' title='bbox 1634 1935 1668 2001; x_wconf 93' lang='grc'><strong>31</strong></span> <span class='ocrx_word' id='word_1_116' title='bbox 1690 1949 1750 2002; x_wconf 91' lang='lat' dir='ltr'><strong>vos</strong></span> <span class='ocrx_word' id='word_1_117' title='bbox 1773 1938 1808 2001; x_wconf 89' lang='lat' dir='ltr'><strong>et</strong></span> <span class='ocrx_word' id='word_1_118' title='bbox 1829 1937 1967 2002; x_wconf 91' lang='grc'><strong>3331333</strong></span> <span class='ocrx_word' id='word_1_119' title='bbox 1989 1935 2187 2020; x_wconf 90' lang='lat' dir='ltr'>vestrosque</span> <span class='ocrx_word' id='word_1_120' title='bbox 2209 1933 2374 2014; x_wconf 84' lang='lat' dir='ltr'>heredes,</span> <span class='ocrx_word' id='word_1_121' title='bbox 2391 1939 2426 2003; x_wconf 89' lang='lat' dir='ltr'>ut</span> 
     </span>
     <span class='ocr_line' id='line_1_10' title="bbox 578 2084 2427 2178; baseline 0.001 -24"><span class='ocrx_word' id='word_1_122' title='bbox 578 2091 676 2159; x_wconf 92' lang='lat' dir='ltr'>omni</span> <span class='ocrx_word' id='word_1_123' title='bbox 694 2089 1016 2178; x_wconf 83' lang='grc'><strong>133333331113133</strong></span> <span class='ocrx_word' id='word_1_124' title='bbox 1032 2107 1095 2156; x_wconf 90' lang='lat' dir='ltr'><strong>nos</strong></span> <span class='ocrx_word' id='word_1_125' title='bbox 1111 2105 1215 2155; x_wconf 89' lang='lat' dir='ltr'>causa</span> <span class='ocrx_word' id='word_1_126' title='bbox 1230 2085 1599 2163; x_wconf 86' lang='grc'><strong>133133311111311313</strong></span> <span class='ocrx_word' id='word_1_127' title='bbox 1622 2103 1758 2153; x_wconf 91' lang='lat' dir='ltr'>omnem</span> <span class='ocrx_word' id='word_1_128' title='bbox 1781 2084 2078 2172; x_wconf 91' lang='lat' dir='ltr'>deliverationem;</span> <span class='ocrx_word' id='word_1_129' title='bbox 2094 2088 2128 2155; x_wconf 93' lang='grc'><strong>31</strong></span> <span class='ocrx_word' id='word_1_130' title='bbox 2151 2087 2180 2153; x_wconf 88' lang='grc'><strong>31</strong></span> <span class='ocrx_word' id='word_1_131' title='bbox 2203 2086 2325 2172; x_wconf 90' lang='lat' dir='ltr'>quovis</span> <span class='ocrx_word' id='word_1_132' title='bbox 2346 2091 2427 2156; x_wconf 91' lang='lat' dir='ltr'>tem·</span> 
     </span>
     <span class='ocr_line' id='line_1_11' title="bbox 577 2236 2425 2326; baseline -0.002 -18"><span class='ocrx_word' id='word_1_133' title='bbox 577 2244 798 2326; x_wconf 88' lang='grc'><strong>3333333133</strong></span> <span class='ocrx_word' id='word_1_134' title='bbox 814 2259 880 2310; x_wconf 88' lang='grc'><strong>333</strong></span> <span class='ocrx_word' id='word_1_135' title='bbox 896 2243 1086 2310; x_wconf 81' lang='lat' dir='ltr'>chartulam</span> <span class='ocrx_word' id='word_1_136' title='bbox 1101 2240 1223 2309; x_wconf 87' lang='lat' dir='ltr'>venire</span> <span class='ocrx_word' id='word_1_137' title='bbox 1236 2239 1501 2308; x_wconf 80' lang='lat' dir='ltr'>temtaverimus</span> <span class='ocrx_word' id='word_1_138' title='bbox 1517 2236 1560 2306; x_wconf 92' lang='lat' dir='ltr'><strong>de</strong></span> <span class='ocrx_word' id='word_1_139' title='bbox 1575 2239 1680 2322; x_wconf 88' lang='grc'><strong>33313</strong></span> <span class='ocrx_word' id='word_1_140' title='bbox 1696 2237 1734 2304; x_wconf 89' lang='grc'><strong>13</strong></span> <span class='ocrx_word' id='word_1_141' title='bbox 1749 2240 1855 2322; x_wconf 87' lang='grc'><strong>33313</strong></span> <span class='ocrx_word' id='word_1_142' title='bbox 1871 2239 1908 2304; x_wconf 92' lang='grc'><strong>31</strong></span> <span class='ocrx_word' id='word_1_143' title='bbox 1922 2236 2096 2323; x_wconf 92' lang='lat' dir='ltr'>quodlivet</span> <span class='ocrx_word' id='word_1_144' title='bbox 2112 2236 2350 2316; x_wconf 90' lang='lat' dir='ltr'>contrandnm,</span> <span class='ocrx_word' id='word_1_145' title='bbox 2371 2242 2425 2305; x_wconf 89' lang='grc'><strong>331</strong></span> 
     </span>
     <span class='ocr_line' id='line_1_12' title="bbox 477 2389 2426 2490; baseline -0.002 -31"><span class='ocrx_word' id='word_1_146' title='bbox 477 2483 483 2490; x_wconf 24' lang='grc' dir='ltr'>ι</span> <span class='ocrx_word' id='word_1_147' title='bbox 577 2393 836 2473; x_wconf 88' lang='lat' dir='ltr'>dominandum,</span> <span class='ocrx_word' id='word_1_148' title='bbox 855 2395 916 2462; x_wconf 88' lang='lat' dir='ltr'><strong>aut</strong></span> <span class='ocrx_word' id='word_1_149' title='bbox 930 2392 974 2460; x_wconf 92' lang='lat' dir='ltr'><strong>de</strong></span> <span class='ocrx_word' id='word_1_150' title='bbox 990 2393 1085 2478; x_wconf 90' lang='lat' dir='ltr'>ipsas</span> <span class='ocrx_word' id='word_1_151' title='bbox 1100 2392 1188 2460; x_wconf 87' lang='lat' dir='ltr'>fines</span> <span class='ocrx_word' id='word_1_152' title='bbox 1203 2389 1464 2477; x_wconf 85' lang='lat' dir='ltr'>prevaricando.</span> <span class='ocrx_word' id='word_1_153' title='bbox 1480 2393 1618 2458; x_wconf 89' lang='lat' dir='ltr'>centum</span> <span class='ocrx_word' id='word_1_154' title='bbox 1636 2389 1829 2472; x_wconf 89' lang='lat' dir='ltr'>bytianteos</span> <span class='ocrx_word' id='word_1_155' title='bbox 1844 2406 2051 2475; x_wconf 90' lang='lat' dir='ltr'>componere</span> <span class='ocrx_word' id='word_1_156' title='bbox 2064 2389 2310 2474; x_wconf 87' lang='lat' dir='ltr'>promittimus,</span> <span class='ocrx_word' id='word_1_157' title='bbox 2324 2391 2358 2457; x_wconf 89' lang='grc'><strong>31</strong></span> <span class='ocrx_word' id='word_1_158' title='bbox 2366 2407 2426 2474; x_wconf 87' lang='grc'><strong>333</strong></span> 
     </span>
     <span class='ocr_line' id='line_1_13' title="bbox 575 2505 2422 2629; baseline -0.002 -18"><span class='ocrx_word' id='word_1_159' title='bbox 575 2545 694 2613; x_wconf 89' lang='lat' dir='ltr'>invitis</span> <span class='ocrx_word' id='word_1_160' title='bbox 709 2549 899 2626; x_wconf 75' lang='lat' dir='ltr'>taceamus</span> <span class='ocrx_word' id='word_1_161' title='bbox 918 2551 952 2614; x_wconf 89' lang='grc'><strong>31</strong></span> <span class='ocrx_word' id='word_1_162' title='bbox 968 2565 1006 2616; x_wconf 89' lang='grc'><strong>33</strong></span> <span class='ocrx_word' id='word_1_163' title='bbox 1024 2523 1182 2613; x_wconf 87' lang='lat' dir='ltr'>chartula</span> <span class='ocrx_word' id='word_1_164' title='bbox 1196 2545 1243 2613; x_wconf 92' lang='lat' dir='ltr'><strong>sit</strong></span> <span class='ocrx_word' id='word_1_165' title='bbox 1265 2544 1369 2612; x_wconf 87' lang='lat' dir='ltr'>firma</span> <span class='ocrx_word' id='word_1_166' title='bbox 1391 2545 1428 2611; x_wconf 92' lang='lat' dir='ltr'><strong>in</strong></span> <span class='ocrx_word' id='word_1_167' title='bbox 1452 2543 1628 2629; x_wconf 90' lang='lat' dir='ltr'>presentia</span> <span class='ocrx_word' id='word_1_168' title='bbox 1652 2544 1790 2612; x_wconf 90' lang='lat' dir='ltr'>testium</span> <span class='ocrx_word' id='word_1_169' title='bbox 1813 2545 1912 2610; x_wconf 89' lang='lat' dir='ltr'>leone</span> <span class='ocrx_word' id='word_1_170' title='bbox 1933 2505 2011 2609; x_wconf 82' lang='lat' dir='ltr'>filio</span> <span class='ocrx_word' id='word_1_171' title='bbox 2029 2542 2192 2609; x_wconf 89' lang='lat' dir='ltr'>iohannis</span> <span class='ocrx_word' id='word_1_172' title='bbox 2214 2558 2422 2618; x_wconf 86' lang='lat' dir='ltr'>caramarza,</span> 
     </span>
     <span class='ocr_line' id='line_1_14' title="bbox 578 2643 2422 2782; baseline -0.002 -21"><span class='ocrx_word' id='word_1_173' title='bbox 578 2693 700 2780; x_wconf 89' lang='lat' dir='ltr'>lupino</span> <span class='ocrx_word' id='word_1_174' title='bbox 716 2713 882 2781; x_wconf 89' lang='lat' dir='ltr'>ranguso,</span> <span class='ocrx_word' id='word_1_175' title='bbox 900 2697 1017 2782; x_wconf 83' lang='lat' dir='ltr'>sergio</span> <span class='ocrx_word' id='word_1_176' title='bbox 1034 2695 1077 2765; x_wconf 92' lang='lat' dir='ltr'><strong>de</strong></span> <span class='ocrx_word' id='word_1_177' title='bbox 1093 2697 1190 2766; x_wconf 90' lang='lat' dir='ltr'>leone</span> <span class='ocrx_word' id='word_1_178' title='bbox 1205 2693 1249 2764; x_wconf 92' lang='lat' dir='ltr'><strong>de</strong></span> <span class='ocrx_word' id='word_1_179' title='bbox 1264 2713 1433 2762; x_wconf 90' lang='lat' dir='ltr'>maorona</span> <span class='ocrx_word' id='word_1_180' title='bbox 1449 2643 1949 2774; x_wconf 68' lang='grc'><strong>3331133313311311311333</strong></span> <span class='ocrx_word' id='word_1_181' title='bbox 1966 2692 2203 2776; x_wconf 86' lang='lat' dir='ltr'>suprascripta</span> <span class='ocrx_word' id='word_1_182' title='bbox 2216 2689 2422 2758; x_wconf 89' lang='lat' dir='ltr'>duodecima.</span> 
     </span>
    </p>
   </div>
   <div class='ocr_carea' id='block_1_3' title="bbox 632 2817 1419 2934">
    <p class='ocr_par' dir='ltr' id='par_1_3' title="bbox 632 2817 1419 2934">
     <span class='ocr_line' id='line_1_15' title="bbox 632 2817 1419 2934; baseline 0 -20"><span class='ocrx_word' id='word_1_183' title='bbox 632 2817 662 2930; x_wconf 88' lang='lat'>†</span> <span class='ocrx_word' id='word_1_184' title='bbox 684 2865 752 2933; x_wconf 89' lang='grc'><strong>333</strong></span> <span class='ocrx_word' id='word_1_185' title='bbox 774 2849 940 2916; x_wconf 89' lang='lat' dir='ltr'>iohannes</span> <span class='ocrx_word' id='word_1_186' title='bbox 963 2847 1134 2934; x_wconf 85' lang='lat' dir='ltr'>presbiter</span> <span class='ocrx_word' id='word_1_187' title='bbox 1157 2847 1272 2915; x_wconf 91' lang='lat' dir='ltr'>scriva</span> <span class='ocrx_word' id='word_1_188' title='bbox 1294 2845 1419 2931; x_wconf 89' lang='lat' dir='ltr'>scripsi</span> 
     </span>
    </p>
   </div>
   <div class='ocr_carea' id='block_1_4' title="bbox 632 2975 2368 3086">
    <p class='ocr_par' dir='ltr' id='par_1_4' title="bbox 632 2975 2368 3086">
     <span class='ocr_line' id='line_1_16' title="bbox 632 2975 2368 3086; baseline -0.006 -17"><span class='ocrx_word' id='word_1_189' title='bbox 632 2975 751 3086; x_wconf 85' lang='lat' dir='ltr'>†ego</span> <span class='ocrx_word' id='word_1_190' title='bbox 774 3020 875 3070; x_wconf 91' lang='lat' dir='ltr'>ursus</span> <span class='ocrx_word' id='word_1_191' title='bbox 899 3000 1011 3070; x_wconf 90' lang='lat' dir='ltr'>scriva</span> <span class='ocrx_word' id='word_1_192' title='bbox 1034 3017 1099 3066; x_wconf 89' lang='grc'><strong>333</strong></span> <span class='ocrx_word' id='word_1_193' title='bbox 1123 3001 1315 3067; x_wconf 86' lang='lat' dir='ltr'>chartulam</span> <span class='ocrx_word' id='word_1_194' title='bbox 1339 2997 1489 3066; x_wconf 89' lang='lat' dir='ltr'>similem</span> <span class='ocrx_word' id='word_1_195' title='bbox 1512 2996 1709 3081; x_wconf 85' lang='lat' dir='ltr'>exemplavi</span> <span class='ocrx_word' id='word_1_196' title='bbox 1733 3013 1796 3080; x_wconf 90' lang='lat' dir='ltr'><strong>per</strong></span> <span class='ocrx_word' id='word_1_197' title='bbox 1819 2993 2059 3079; x_wconf 88' lang='lat' dir='ltr'>suprascripta</span> <span class='ocrx_word' id='word_1_198' title='bbox 2083 2992 2271 3061; x_wconf 89' lang='lat' dir='ltr'>indictione</span> <span class='ocrx_word' id='word_1_199' title='bbox 2294 2997 2368 3061; x_wconf 87' lang='lat' dir='ltr'>Xll.</span> 
     </span>
    </p>
   </div>
   <div class='ocr_carea' id='block_1_5' title="bbox 1376 3513 1629 3596">
    <p class='ocr_par' dir='ltr' id='par_1_5' title="bbox 1376 3513 1629 3596">
     <span class='ocr_line' id='line_1_17' title="bbox 1376 3513 1629 3596; baseline -0.032 0"><span class='ocrx_word' id='word_1_200' title='bbox 1376 3513 1629 3596; x_wconf 81' lang='lat' dir='ltr'>CCLXH.</span> 
     </span>
    </p>
   </div>
   <div class='ocr_carea' id='block_1_6' title="bbox 1364 3753 1648 3834">
    <p class='ocr_par' dir='ltr' id='par_1_6' title="bbox 1364 3753 1648 3834">
     <span class='ocr_line' id='line_1_18' title="bbox 1364 3753 1648 3834; baseline -0.007 -2"><span class='ocrx_word' id='word_1_201' title='bbox 1364 3753 1648 3834; x_wconf 71' lang='lat' dir='ltr'>A.ntma</span> 
     </span>
    </p>
   </div>
   <div class='ocr_carea' id='block_1_7' title="bbox 636 4063 2149 4153">
    <p class='ocr_par' dir='ltr' id='par_1_7' title="bbox 636 4063 2149 4153">
     <span class='ocr_line' id='line_1_19' title="bbox 636 4063 2149 4153; baseline -0.007 -14"><span class='ocrx_word' id='word_1_202' title='bbox 636 4073 947 4140; x_wconf 64' lang='grc'><strong>6111133333133</strong></span> <span class='ocrx_word' id='word_1_203' title='bbox 970 4070 1149 4153; x_wconf 76' lang='lat' dir='ltr'>coeteraque</span> <span class='ocrx_word' id='word_1_204' title='bbox 1173 4083 1261 4133; x_wconf 85' lang='grc'><strong>3333</strong></span> <span class='ocrx_word' id='word_1_205' title='bbox 1284 4070 1383 4134; x_wconf 74' lang='lat' dir='ltr'>estat</span> <span class='ocrx_word' id='word_1_206' title='bbox 1410 4065 1508 4136; x_wconf 82' lang='lat' dir='ltr'>eliud</span> <span class='ocrx_word' id='word_1_207' title='bbox 1531 4063 2149 4147; x_wconf 78' lang='grc'><strong>333333313333333313311331133133.</strong></span> 
     </span>
    </p>
   </div>
   <div class='ocr_carea' id='block_1_8' title="bbox 1361 4567 1637 4650">
    <p class='ocr_par' dir='ltr' id='par_1_8' title="bbox 1361 4567 1637 4650">
     <span class='ocr_line' id='line_1_20' title="bbox 1361 4567 1637 4650; baseline -0.022 0"><span class='ocrx_word' id='word_1_208' title='bbox 1361 4567 1637 4650; x_wconf 78' lang='lat' dir='ltr'>CCLXHL</span> 
     </span>
    </p>
   </div>
   <div class='ocr_carea' id='block_1_9' title="bbox 1365 4808 1650 4889">
    <p class='ocr_par' dir='ltr' id='par_1_9' title="bbox 1365 4771 1650 4889">
     <span class='ocr_line' id='line_1_21' title="bbox 1365 4808 1650 4889; baseline -0.018 -1"><span class='ocrx_word' id='word_1_209' title='bbox 1365 4813 1421 4888; x_wconf 85' lang='lat' dir='ltr'><strong>A.</strong></span> <span class='ocrx_word' id='word_1_210' title='bbox 1458 4811 1509 4888; x_wconf 86' lang='lat' dir='ltr'><strong>n.</strong></span> <span class='ocrx_word' id='word_1_211' title='bbox 1547 4808 1650 4889; x_wconf 80' lang='lat' dir='ltr'>oro.</span> 
     </span>
    </p>
   </div>
   <div class='ocr_carea' id='block_1_10' title="bbox 571 5065 2480 5802">
    <p class='ocr_par' dir='ltr' id='par_1_10' title="bbox 571 5065 2480 5802">
     <span class='ocr_line' id='line_1_22' title="bbox 628 5065 2480 5202; baseline -0.015 -18"><span class='ocrx_word' id='word_1_212' title='bbox 628 5065 664 5202; x_wconf 77' lang='lat'>†</span> <span class='ocrx_word' id='word_1_213' title='bbox 687 5119 725 5183; x_wconf 97' lang='lat' dir='ltr'><strong>ln</strong></span> <span class='ocrx_word' id='word_1_214' title='bbox 740 5113 883 5182; x_wconf 89' lang='lat' dir='ltr'>nomine</span> <span class='ocrx_word' id='word_1_215' title='bbox 898 5107 1030 5178; x_wconf 91' lang='lat' dir='ltr'>domini</span> <span class='ocrx_word' id='word_1_216' title='bbox 1047 5124 1139 5176; x_wconf 89' lang='lat' dir='ltr'>anno</span> <span class='ocrx_word' id='word_1_217' title='bbox 1154 5105 1330 5174; x_wconf 86' lang='lat' dir='ltr'>tricesimo</span> <span class='ocrx_word' id='word_1_218' title='bbox 1346 5105 1492 5172; x_wconf 90' lang='lat' dir='ltr'>hoctabo</span> <span class='ocrx_word' id='word_1_219' title='bbox 1508 5102 1727 5189; x_wconf 87' lang='lat' dir='ltr'>principatus</span> <span class='ocrx_word' id='word_1_220' title='bbox 1742 5101 1871 5169; x_wconf 88' lang='lat' dir='ltr'>domini</span> <span class='ocrx_word' id='word_1_221' title='bbox 1887 5099 1997 5168; x_wconf 90' lang='lat' dir='ltr'>nostri</span> <span class='ocrx_word' id='word_1_222' title='bbox 2021 5098 2137 5184; x_wconf 83' lang='lat' dir='ltr'>gisolfi</span> <span class='ocrx_word' id='word_1_223' title='bbox 2160 5097 2306 5182; x_wconf 79' lang='lat' dir='ltr'>gloriosi</span> <span class='ocrx_word' id='word_1_224' title='bbox 2328 5095 2418 5182; x_wconf 91' lang='lat' dir='ltr'>prin·</span> <span class='ocrx_word' id='word_1_225' title='bbox 2478 5151 2480 5154; x_wconf 91' lang='lat'>.</span> 
     </span>
     <span class='ocr_line' id='line_1_23' title="bbox 571 5223 2417 5354; baseline -0.011 -20"><span class='ocrx_word' id='word_1_226' title='bbox 571 5270 671 5354; x_wconf 90' lang='lat' dir='ltr'>cipis,</span> <span class='ocrx_word' id='word_1_227' title='bbox 690 5284 806 5337; x_wconf 91' lang='lat' dir='ltr'>mense</span> <span class='ocrx_word' id='word_1_228' title='bbox 821 5264 1002 5334; x_wconf 84' lang='lat' dir='ltr'>december</span> <span class='ocrx_word' id='word_1_229' title='bbox 1017 5223 1278 5347; x_wconf 88' lang='lat' dir='ltr'>quartadecima</span> <span class='ocrx_word' id='word_1_230' title='bbox 1293 5255 1492 5325; x_wconf 87' lang='lat' dir='ltr'>indictione.</span> <span class='ocrx_word' id='word_1_231' title='bbox 1510 5255 1648 5324; x_wconf 91' lang='lat' dir='ltr'>declaro</span> <span class='ocrx_word' id='word_1_232' title='bbox 1663 5271 1730 5340; x_wconf 88' lang='lat' dir='ltr'><strong>ego</strong></span> <span class='ocrx_word' id='word_1_233' title='bbox 1746 5257 1865 5338; x_wconf 90' lang='lat' dir='ltr'>petrus</span> <span class='ocrx_word' id='word_1_234' title='bbox 1880 5250 2011 5320; x_wconf 90' lang='lat' dir='ltr'>domini</span> <span class='ocrx_word' id='word_1_235' title='bbox 2027 5251 2145 5336; x_wconf 87' lang='lat' dir='ltr'>gratia</span> <span class='ocrx_word' id='word_1_236' title='bbox 2162 5250 2279 5334; x_wconf 92' lang='lat' dir='ltr'>presul</span> <span class='ocrx_word' id='word_1_237' title='bbox 2305 5248 2417 5318; x_wconf 88' lang='grc'><strong>333313</strong></span> 
     </span>
     <span class='ocr_line' id='line_1_24' title="bbox 572 5389 2417 5500; baseline -0.012 -15"><span class='ocrx_word' id='word_1_238' title='bbox 572 5389 664 5485; x_wconf 85' lang='grc'><strong>33113</strong></span> <span class='ocrx_word' id='word_1_239' title='bbox 687 5417 911 5494; x_wconf 88' lang='grc'><strong>33133311333,</strong></span> <span class='ocrx_word' id='word_1_240' title='bbox 931 5432 1031 5500; x_wconf 93' lang='lat' dir='ltr'>quem</span> <span class='ocrx_word' id='word_1_241' title='bbox 1049 5415 1169 5498; x_wconf 89' lang='lat' dir='ltr'>petrus</span> <span class='ocrx_word' id='word_1_242' title='bbox 1191 5407 1365 5478; x_wconf 87' lang='lat' dir='ltr'>castaldus</span> <span class='ocrx_word' id='word_1_243' title='bbox 1381 5408 1472 5476; x_wconf 87' lang='lat' dir='ltr'>filius</span> <span class='ocrx_word' id='word_1_244' title='bbox 1490 5406 1661 5492; x_wconf 88' lang='lat' dir='ltr'>quondam</span> <span class='ocrx_word' id='word_1_245' title='bbox 1685 5403 1827 5473; x_wconf 87' lang='grc'><strong>13313111</strong></span> <span class='ocrx_word' id='word_1_246' title='bbox 1851 5422 1873 5470; x_wconf 90' lang='grc'><strong>3</strong></span> <span class='ocrx_word' id='word_1_247' title='bbox 1895 5404 1985 5472; x_wconf 90' lang='lat' dir='ltr'>nobo</span> <span class='ocrx_word' id='word_1_248' title='bbox 2007 5401 2208 5470; x_wconf 83' lang='lat' dir='ltr'>fundamine</span> <span class='ocrx_word' id='word_1_249' title='bbox 2230 5395 2417 5466; x_wconf 86' lang='lat' dir='ltr'>construxit</span> 
     </span>
     <span class='ocr_line' id='line_1_25' title="bbox 572 5543 2418 5642; baseline -0.01 -9"><span class='ocrx_word' id='word_1_250' title='bbox 572 5567 718 5634; x_wconf 89' lang='lat' dir='ltr'>ecclesia</span> <span class='ocrx_word' id='word_1_251' title='bbox 732 5566 771 5633; x_wconf 91' lang='lat' dir='ltr'><strong>in</strong></span> <span class='ocrx_word' id='word_1_252' title='bbox 786 5584 891 5634; x_wconf 89' lang='lat' dir='ltr'>onore</span> <span class='ocrx_word' id='word_1_253' title='bbox 904 5565 1013 5633; x_wconf 89' lang='lat' dir='ltr'>saneti</span> <span class='ocrx_word' id='word_1_254' title='bbox 1031 5561 1176 5630; x_wconf 88' lang='lat' dir='ltr'>matthei</span> <span class='ocrx_word' id='word_1_255' title='bbox 1193 5563 1228 5630; x_wconf 84' lang='lat' dir='ltr'><strong>et</strong></span> <span class='ocrx_word' id='word_1_256' title='bbox 1243 5559 1353 5628; x_wconf 87' lang='lat' dir='ltr'>sancti</span> <span class='ocrx_word' id='word_1_257' title='bbox 1370 5561 1486 5626; x_wconf 91' lang='lat' dir='ltr'>thome</span> <span class='ocrx_word' id='word_1_258' title='bbox 1502 5559 1735 5642; x_wconf 87' lang='lat' dir='ltr'>apostolorum</span> <span class='ocrx_word' id='word_1_259' title='bbox 1752 5556 1788 5621; x_wconf 90' lang='lat' dir='ltr'><strong>in</strong></span> <span class='ocrx_word' id='word_1_260' title='bbox 1812 5557 1908 5621; x_wconf 90' lang='lat' dir='ltr'>curte</span> <span class='ocrx_word' id='word_1_261' title='bbox 1929 5572 1992 5623; x_wconf 92' lang='lat' dir='ltr'><strong>sua</strong></span> <span class='ocrx_word' id='word_1_262' title='bbox 2015 5543 2107 5621; x_wconf 91' lang='lat' dir='ltr'>intus</span> <span class='ocrx_word' id='word_1_263' title='bbox 2130 5554 2221 5618; x_wconf 88' lang='lat' dir='ltr'>hanc</span> <span class='ocrx_word' id='word_1_264' title='bbox 2243 5547 2418 5619; x_wconf 86' lang='lat' dir='ltr'>salernita-</span> 
     </span>
     <span class='ocr_line' id='line_1_26' title="bbox 573 5698 2419 5802; baseline -0.012 -18"><span class='ocrx_word' id='word_1_265' title='bbox 573 5737 655 5786; x_wconf 88' lang='lat' dir='ltr'>nam</span> <span class='ocrx_word' id='word_1_266' title='bbox 673 5719 848 5787; x_wconf 88' lang='lat' dir='ltr'>oivitatem</span> <span class='ocrx_word' id='word_1_267' title='bbox 864 5717 908 5786; x_wconf 91' lang='grc'><strong>31</strong></span> <span class='ocrx_word' id='word_1_268' title='bbox 925 5719 1064 5784; x_wconf 90' lang='lat' dir='ltr'>hortum</span> <span class='ocrx_word' id='word_1_269' title='bbox 1080 5733 1273 5802; x_wconf 90' lang='lat' dir='ltr'>mangnum</span> <span class='ocrx_word' id='word_1_270' title='bbox 1289 5714 1409 5782; x_wconf 89' lang='lat' dir='ltr'>subtus</span> <span class='ocrx_word' id='word_1_271' title='bbox 1423 5711 1569 5782; x_wconf 90' lang='lat' dir='ltr'>ecclesia</span> <span class='ocrx_word' id='word_1_272' title='bbox 1583 5709 1695 5778; x_wconf 87' lang='grc'><strong>333311</strong></span> <span class='ocrx_word' id='word_1_273' title='bbox 1711 5708 1838 5777; x_wconf 91' lang='lat' dir='ltr'>andree</span> <span class='ocrx_word' id='word_1_274' title='bbox 1854 5709 2005 5776; x_wconf 89' lang='lat' dir='ltr'>subiecta</span> <span class='ocrx_word' id='word_1_275' title='bbox 2021 5703 2196 5791; x_wconf 88' lang='lat' dir='ltr'>episcopio</span> <span class='ocrx_word' id='word_1_276' title='bbox 2217 5703 2370 5787; x_wconf 89' lang='grc'><strong>3331333,</strong></span> <span class='ocrx_word' id='word_1_277' title='bbox 2387 5698 2419 5764; x_wconf 91' lang='grc'><strong>31</strong></span> 
     </span>
    </p>
   </div>
   <div class='ocr_carea' id='block_1_11' title="bbox 572 5853 2419 5954">
    <p class='ocr_par' dir='ltr' id='par_1_11' title="bbox 572 5853 2419 5954">
     <span class='ocr_line' id='line_1_27' title="bbox 572 5853 2419 5954; baseline -0.012 -16"><span class='ocrx_word' id='word_1_278' title='bbox 572 5888 666 5938; x_wconf 84' lang='grc'><strong>3333</strong></span> <span class='ocrx_word' id='word_1_279' title='bbox 682 5869 778 5938; x_wconf 93' lang='lat' dir='ltr'>benit</span> <span class='ocrx_word' id='word_1_280' title='bbox 792 5868 834 5936; x_wconf 90' lang='grc'><strong>31</strong></span> <span class='ocrx_word' id='word_1_281' title='bbox 851 5886 908 5937; x_wconf 92' lang='lat' dir='ltr'><strong>me</strong></span> <span class='ocrx_word' id='word_1_282' title='bbox 923 5867 1036 5953; x_wconf 89' lang='lat' dir='ltr'>ipsum</span> <span class='ocrx_word' id='word_1_283' title='bbox 1053 5871 1170 5954; x_wconf 90' lang='lat' dir='ltr'>petrus</span> <span class='ocrx_word' id='word_1_284' title='bbox 1185 5871 1220 5936; x_wconf 90' lang='lat' dir='ltr'><strong>et</strong></span> <span class='ocrx_word' id='word_1_285' title='bbox 1235 5869 1392 5953; x_wconf 90' lang='lat' dir='ltr'>querent,</span> <span class='ocrx_word' id='word_1_286' title='bbox 1411 5870 1450 5935; x_wconf 92' lang='lat' dir='ltr'>ut</span> <span class='ocrx_word' id='word_1_287' title='bbox 1466 5865 1605 5932; x_wconf 83' lang='lat' dir='ltr'>firmam·</span> <span class='ocrx_word' id='word_1_288' title='bbox 1624 5862 1842 5932; x_wconf 85' lang='lat' dir='ltr'>securitatem</span> <span class='ocrx_word' id='word_1_289' title='bbox 1867 5859 1909 5926; x_wconf 93' lang='lat' dir='ltr'><strong>de</strong></span> <span class='ocrx_word' id='word_1_290' title='bbox 1932 5861 2006 5945; x_wconf 86' lang='grc'><strong>1333</strong></span> <span class='ocrx_word' id='word_1_291' title='bbox 2028 5855 2174 5926; x_wconf 90' lang='grc'><strong>33313313</strong></span> <span class='ocrx_word' id='word_1_292' title='bbox 2197 5857 2228 5923; x_wconf 91' lang='grc'><strong>31</strong></span> <span class='ocrx_word' id='word_1_293' title='bbox 2251 5853 2419 5924; x_wconf 88' lang='lat' dir='ltr'>emittere·</span> 
     </span>
    </p>
   </div>
   <div class='ocr_carea' id='block_1_12' title="bbox 0 0 2648 7092">
    <p class='ocr_par' dir='ltr' id='par_1_12' title="bbox 0 0 2648 7092">
     <span class='ocr_line' id='line_1_28' title="bbox 0 0 2648 7092; baseline 0 0"><span class='ocrx_word' id='word_1_294' title='bbox 0 0 2648 7092; x_wconf 95' lang='lat' dir='ltr'><strong> </strong></span> 
     </span>
    </p>
   </div>
  </div>
 </body>
</html>
