5216 7092
969 583 1338 657 blPLollATlClls
1963 601 2025 662 sto

214 837 286 900 tam
302 830 382 916 ipsa
397 831 495 898 terra
510 847 571 900 sue
585 827 767 914 potestatis
780 829 898 898 tenere
913 828 948 895 et
963 825 1154 906 dominare,
1173 830 1208 895 et
1223 828 1320 896 lobee
1336 829 1372 896 et
1387 846 1466 897 casa
1481 827 1607 899 ibidem
1632 830 1759 910 facere,
1778 830 1813 898 et
1834 829 1963 898 ibidem
1986 830 2070 900 resi-

213 982 294 1052 dere
309 985 345 1052 et
361 981 507 1062 abitare,
521 983 558 1050 et
569 1001 628 1053 sue
644 980 802 1050 utilitatis
817 978 946 1049 ibidem
962 980 1077 1049 facere
1093 979 1186 1047 iusta
1201 981 1337 1049 ratione
1353 980 1477 1050 amodo
1492 983 1527 1050 et
1542 999 1650 1068 usque
1665 981 1791 1068 bigiuti
1805 980 1973 1067 quadtuor
1989 983 2074 1050 anui

216 1134 377 1220 conpleti.
395 1132 486 1204 unde
501 1152 564 1203 sua
578 1135 769 1203 bolumtate
784 1133 860 1218 ipse
876 1131 1094 1200 costantinus
1109 1129 1237 1216 guadia
1254 1131 1342 1198 mihi
1358 1130 1452 1202 dedit
1474 1133 1508 1200 et
1523 1131 1731 1200 mediatores
1747 1131 1833 1200 mihi
1849 1133 1963 1218 posuit
1985 1134 2074 1204 falco

215 1288 401 1356 calzolario
415 1269 489 1355 filio
504 1287 612 1375 leoni3
625 1289 660 1356 et
671 1305 733 1372 per
748 1287 827 1372 ipsa
842 1277 971 1373 guadia
987 1265 1157 1371 obligabit
1170 1305 1206 1354 se
1223 1303 1351 1370 suoque
1366 1284 1498 1366 eredes,
1517 1288 1555 1352 ut
1568 1305 1673 1372 usque
1685 1287 1750 1354 ibsi
1764 1287 1889 1371 biginti
1902 1287 2075 1374 quadtuor

216 1443 297 1511 anni
315 1441 467 1527 conpleti
483 1440 640 1508 inclitum
655 1439 734 1507 illut
750 1457 810 1508 sue
826 1437 1005 1524 potestatis
1023 1440 1153 1516 tenere,
1172 1439 1206 1507 et
1222 1455 1443 1523 processum
1459 1409 1502 1506 de
1516 1439 1596 1524 ipsa
1611 1442 1709 1506 terra
1730 1458 1793 1524 per
1809 1441 1921 1508 omnis
1944 1460 2074 1508 annum

216 1593 300 1663 dare
316 1594 405 1661 mibi
420 1593 476 1661 vel
493 1593 530 1659 in
545 1610 630 1678 pars
646 1591 801 1678 predicte
816 1591 960 1660 ecclesie
975 1591 1041 1659 duo
1058 1591 1136 1658 auri
1150 1591 1221 1658 tari
1238 1592 1319 1658 boni
1334 1592 1483 1676 pesanti.
1503 1565 1548 1659 ad
1563 1591 1724 1676 completi
1742 1591 1809 1676 ipsi
1826 1591 1953 1677 viginti
1970 1592 2076 1677 quad-

214 1748 292 1811 tuor
307 1743 395 1812 anui
420 1743 525 1812 liceat
548 1743 618 1812 illis
633 1745 687 1813 vel
702 1745 841 1812 illorum
857 1744 1019 1812 eredibus
1042 1743 1171 1812 exinde
1191 1743 1387 1814 disturbare
1402 1746 1476 1812 tota
1491 1745 1567 1830 ipsa
1581 1761 1672 1823 casa,
1691 1748 1726 1811 et
1741 1747 1885 1813 exutere
1897 1737 1923 1832 ¹)
1946 1743 2075 1814 exinde

216 1897 285 1963 tota
300 1895 382 1980 ipsa
395 1895 592 1981 lignamina
607 1913 683 1962 cum
700 1895 813 1963 omnis
827 1913 892 1963 sua
907 1913 1090 1981 causaque
1107 1894 1154 1961 ibi
1170 1896 1316 1975 abuerit,
1334 1898 1368 1963 et
1383 1897 1541 1982 portaret
1557 1895 1636 1963 illut
1651 1897 1778 1982 ubique
1802 1898 1949 1964 bolnerit
1971 1915 2076 1983 esque

219 2046 313 2112 omni
332 2045 560 2132 requisitione
575 2047 634 2113 bet
650 2046 898 2114 contrarietate
912 2049 1033 2114 nostra
1049 2050 1083 2114 et
1099 2045 1142 2114 de
1159 2065 1243 2132 pars
1258 2045 1414 2132 predicte
1429 2050 1549 2116 nostre
1566 2046 1722 2134 ecclesie3
1741 2047 1776 2113 et
1791 2049 1863 2114 tota
1884 2046 1960 2133 ipsa
1982 2051 2077 2118 terra

218 2216 333 2266 vacua
350 2199 505 2267 rebertas
522 2196 565 2266 ad
583 2199 754 2283 potestate
768 2197 923 2282 predicte
938 2198 1094 2266 ecclesie.
1113 2197 1203 2282 quod
1219 2199 1248 2267 si
1263 2198 1398 2283 aliquit,
1412 2197 1454 2267 de
1467 2198 1633 2284 quomodo
1656 2197 1814 2283 superius
1837 2198 1977 2284 legitur,
1997 2220 2079 2287 que·

218 2347 317 2414 aierit
336 2347 518 2414 remobens
535 2348 595 2413 aut
610 2351 772 2415 contrare
788 2349 823 2414 et
839 2347 954 2414 taliter
970 2347 1087 2414 omnia
1103 2349 1343 2432 suprascripta
1357 2348 1444 2415 mihi
1461 2349 1515 2416 vel
1532 2349 1568 2414 in
1584 2365 1668 2432 pars
1683 2347 1839 2432 predicte
1853 2351 1995 2419 ecclesie
2006 2371 2076 2419 non

217 2497 501 2583 adimpleverith,
520 2500 603 2565 tunc
618 2515 681 2584 per
698 2498 774 2584 ipsa
791 2498 922 2584 guadia
937 2515 1143 2584 componere
1158 2499 1327 2584 obligabit
1342 2517 1379 2567 se
1394 2517 1538 2584 suosque
1549 2498 1669 2566 eredes
1683 2499 1771 2566 mihi
1788 2501 1841 2567 vel
1855 2500 1892 2566 in
1908 2519 1989 2585 pars
2001 2521 2079 2586 pre-

216 2651 304 2721 dicte
329 2654 446 2722 nostre
468 2654 613 2720 ecclesie
635 2655 770 2722 centum
794 2654 867 2720 auri
892 2653 1020 2721 solidos
1043 2654 1270 2722 costantinos.
1290 2653 1381 2732 Quod
1406 2653 1546 2740 scripsit
1569 2673 1635 2737 ego
1658 2671 1738 2721 ursu
1761 2655 1921 2723 notarius
1943 2657 2002 2740 qui
2026 2657 2081 2722 in-

217 2801 333 2870 tersui.

143 3013 146 3018 ,
275 2925 305 3037 †
329 2969 398 3036 ego
421 2952 700 3037 ragemprandus
724 2971 778 3020 me
800 2955 988 3039 subscripsi

274 3077 304 3190 †
329 3121 396 3188 ego
419 3103 611 3173 teudericus
635 3125 690 3175 me
711 3103 899 3190 subscripsi

274 3229 304 3344 †
329 3275 398 3343 ego
420 3259 574 3326 ioannes.

980 3760 1356 3841 CCCLXXIII.

1017 4008 1072 4083 A.
1110 4009 1161 4085 D.
1199 4007 1303 4086 985.

282 4270 372 4404 †ln
388 4317 528 4388 nomine
543 4317 673 4385 domini
690 4317 840 4386 secundo
857 4335 950 4386 anno
967 4316 1185 4402 principatus
1200 4316 1317 4384 domni
1335 4317 1445 4384 nostri
1474 4317 1618 4384 iohanni
1645 4321 1679 4385 et
1704 4317 1823 4385 domni
1850 4317 1978 4386 widoni
2004 4322 2079 4388 eius

218 4471 285 4537 filii
320 4469 468 4554 gloriosi
496 4468 737 4556 principibus,
767 4453 886 4536 mense
915 4468 1112 4536 februarius
1140 4466 1378 4534 tertiadecima
1403 4467 1603 4535 indictione.
1633 4471 1712 4537 ante
1738 4487 1794 4537 me
1825 4473 1944 4554 petrus
1974 4471 2079 4538 iudex

217 4621 379 4688 coniunti
394 4622 477 4688 sunt
490 4619 638 4688 domnus
654 4622 825 4689 martinus
840 4621 1039 4689 venerabile
1057 4622 1229 4706 presbiter
1245 4621 1280 4688 et
1302 4623 1408 4689 abbas
1431 4621 1573 4689 ecclesie
1596 4622 1708 4689 sancti
1731 4622 1886 4701 maximi,
1912 4641 1981 4690 una
2004 4641 2082 4690 oum

217 4792 296 4842 eum
314 4777 398 4842 exet
413 4773 588 4842 waifarius
605 4773 663 4859 qui
679 4775 732 4842 est
746 4774 931 4842 adbocator
946 4777 981 4842 et
998 4793 1104 4842 unum
1120 4772 1163 4840 de
1178 4773 1309 4841 domini
1325 4774 1436 4859 ipsius
1446 4775 1601 4854 ecclesie,
1615 4779 1650 4844 et
1665 4776 1784 4860 petrus
1800 4775 1893 4842 lilius
1910 4776 2080 4844 benedicti

217 4929 385 4996 monachi
402 4929 437 4994 et
453 4927 699 5012 maghenolsus
713 4927 807 4995 filius
823 4927 940 5006 ciceri,
959 4927 1017 5012 qui
1033 4929 1116 4994 sunt
1130 4927 1318 4994 abitatores
1340 4925 1384 4994 de
1406 4927 1519 4994 locum
1542 4929 1630 5007 rota,
1648 4926 1689 4994 ad
1709 4928 1905 4995 faciendum
1929 4930 2021 4996 inter
2045 4948 2082 4996 se

219 5081 326 5149 finem
344 5080 388 5149 de
403 5083 500 5146 terra
515 5096 593 5146 cum
609 5079 853 5147 abellauietum
868 5078 911 5147 de
927 5080 1003 5164 ipsa
1018 5079 1087 5146 fine
1102 5079 1241 5146 rotense
1256 5079 1368 5146 locum
1385 5079 1443 5147 ubi
1460 5078 1588 5146 dicitur
1612 5078 1820 5164 pulbiciano,
1839 5077 1929 5163 quod
1954 5097 1976 5144 a
1998 5097 2081 5162 pars

220 5233 332 5318 ipsius
347 5231 493 5299 ecclesie
508 5230 553 5298 ad
568 5230 821 5316 pastenandum
837 5231 955 5299 datum
968 5231 1034 5298 suit
1048 5231 1201 5317 ipsorum
1217 5232 1429 5316 maghenolfl
1445 5234 1480 5298 et
1494 5233 1597 5316 petri,
1612 5231 1703 5298 unde
1716 5249 1779 5314 ρετ
1795 5230 1861 5314 ipsi
1878 5232 2083 5314 maghenol·
2193 5309 2194 5312 Ἴ

220 5387 275 5454 sus
291 5387 462 5470 etpetrus
491 5387 665 5476 ostensum
691 5385 759 5452 fuit
784 5403 889 5452 unum
916 5387 1065 5464 brebem,
1084 5385 1232 5472 qualiter
1259 5403 1322 5470 per
1350 5385 1461 5471 ipsum
1490 5386 1646 5452 abbatem
1674 5385 1708 5449 et
1735 5381 1964 5468 truppoaldus
1991 5383 2083 5452 filius

221 5537 356 5606 maioni
373 5539 407 5606 et
424 5536 623 5606 romoaldus
638 5537 882 5606 adbocatorem
899 5537 1045 5606 eundem
1064 5539 1207 5608 ecclesie
1222 5491 1318 5606 dedit
1333 5537 1472 5606 illorum
1489 5536 1565 5621 ipsa
1579 5539 1676 5602 terra
1697 5533 1852 5620 predicte
1875 5535 2017 5604 ecclesie
2039 5535 2083 5602 de

221 5689 300 5774 ipso
317 5690 430 5756 locum
446 5689 644 5774 pulbiciano
660 5693 694 5759 et
709 5688 824 5758 clianu
838 5707 901 5776 per
916 5689 1015 5757 finis:
1035 5689 1077 5758 de
1092 5707 1160 5756 una
1177 5691 1274 5774 parte
1289 5688 1359 5756 fine
1375 5687 1444 5754 bia:
1458 5685 1500 5754 de
1513 5685 1584 5752 alia
1599 5687 1699 5770 parte
1716 5687 1760 5752 ab
1771 5685 1905 5752 oriente
1919 5685 1989 5752 fine
2003 5703 2082 5769 pre-

277 5899 302 5967 ⁴)
324 5900 450 5972 deuter,
473 5917 526 5973 pro
547 5910 680 5960 occulere.
