5216 7092
587 545 648 608 tm
1258 535 1421 609 eobhx
1463 537 1698 610 CAVENSIS

543 776 664 844 minici
679 776 721 846 de
739 779 851 844 locum
867 794 990 862 angre,
1010 775 1170 845 adstante
1184 777 1260 863 ipso
1276 780 1472 864 genitorem
1488 780 1625 847 illorum
1641 784 1676 850 et
1698 801 1761 868 per
1783 784 1857 853 eius
1880 786 2108 875 absolutione
2127 791 2188 857 tali
2211 791 2343 872 ordine,
2359 801 2395 864 ut

543 930 668 1000 amodo
685 933 720 1000 ct
735 948 843 1016 usque
858 933 990 1016 septem
1006 931 1089 1000 anni
1105 934 1280 1018 complcti,
1298 934 1366 1020 ipsi
1389 935 1448 1020 qui
1471 953 1579 1020 supra
1601 937 1760 1020 germani
1783 941 1837 1006 vel
1860 939 2000 1007 illorum
2024 940 2207 1010 heredibus
2230 944 2303 1010 tota
2324 947 2397 1030 ipsa
2478 965 2485 972 ·

543 1081 704 1170 predicta
719 1087 818 1155 rebus
833 1085 954 1154 inclita
968 1104 1032 1172 per
1047 1073 1245 1173 supradicte
1261 1087 1341 1156 finis
1356 1090 1390 1157 et
1406 1089 1588 1158 mensuriis
1605 1107 1665 1158 eas
1681 1093 1840 1160 tenerent
1861 1093 1896 1160 et
1921 1095 2118 1162 lavorarent
2139 1095 2213 1166 suis
2238 1099 2397 1182 tempori·

546 1240 621 1318 bue,
640 1243 676 1307 01
690 1257 750 1308 eas
766 1238 981 1307 seminarent
995 1242 1030 1308 et
1045 1238 1113 1324 ipsi
1129 1241 1238 1307 lavori
1255 1243 1336 1325 apto
1352 1243 1506 1328 tempore
1521 1260 1583 1310 suo
1606 1246 1738 1311 euitare
1760 1247 1795 1312 et
1820 1245 2042 1331 recolligere,
2060 1249 2095 1314 et
2117 1247 2246 1316 faciant
2267 1267 2331 1318 nos
2346 1253 2397 1320 vet

545 1410 759 1464 successores
782 1397 919 1462 nostros
941 1411 1043 1461 omne
1065 1411 1195 1462 annum
1218 1393 1366 1462 sciread
1382 1414 1498 1463 aream
1514 1359 1626 1464 autin
1642 1396 1720 1482 ipsa
1741 1400 1864 1486 rebus3
1881 1402 1916 1467 et
1941 1399 1984 1468 de
2009 1418 2110 1487 quem
2139 1403 2176 1470 in
2202 1403 2280 1488 ipsa
2302 1407 2399 1474 rebus

541 1546 778 1627 seminaverit,
798 1565 900 1615 omne
913 1564 1042 1616 annum
1058 1546 1163 1616 deant
1179 1547 1278 1615 nobis
1293 1549 1330 1614 in
1346 1549 1505 1633 partibus
1520 1551 1690 1635 prephate
1706 1551 1875 1621 hecclesie
1891 1553 2090 1620 terraticum
2106 1555 2297 1625 secundum
2320 1574 2395 1625 con-

545 1699 764 1771 suetudinem
781 1699 824 1768 de
839 1701 917 1786 ipsa
931 1703 1019 1769 loca.
1039 1698 1175 1785 quodsi
1192 1701 1310 1768 taliter
1327 1701 1444 1796 omnia
1459 1720 1525 1786 que
1540 1703 1745 1790 protegitur,
1764 1705 1863 1774 nobis
1877 1707 1930 1774 vel
1947 1705 1983 1772 in
2006 1724 2090 1792 pars
2105 1708 2213 1793 ipsius
2239 1709 2402 1778 hecclesie

546 1870 618 1921 non
633 1853 889 1939 adinpleverint
904 1857 939 1922 et
954 1854 1085 1940 aliquid
1100 1847 1232 1923 exinde'
1254 1855 1541 1936 contradixerint,
1561 1858 1805 1943 obligaverunt
1830 1878 1867 1928 se
1892 1861 2009 1947 suique
2034 1861 2219 1930 heredibus
2241 1881 2307 1948 per
2332 1864 2403 1949 ipsa

544 2005 664 2074 eadem
682 2005 811 2092 guadia
826 1986 874 2073 ad'
887 2006 1162 2092 componendum
1177 2008 1277 2076 nobis
1292 2010 1348 2076 vel
1364 2008 1400 2075 in
1416 1991 1571 2095 partibus
1586 2009 1751 2080 iamdicte
1769 2013 1937 2081 hecclesie
1951 2014 2080 2098 viginti
2096 2016 2192 2083 aurei
2209 2015 2312 2084 solidi
2325 2033 2401 2083 con-

544 2162 704 2230 stantini.

606 2283 635 2395 †
651 2328 719 2396 ego
734 2313 833 2397 guiso
849 2313 1005 2382 notarius
1020 2313 1163 2382 interfui
1179 2319 1214 2382 et
1230 2317 1323 2382 hunc
1339 2314 1474 2384 brebem
1490 2317 1613 2401 scripsi

604 2435 717 2549 †ego
733 2463 912 2532 mirandus
928 2464 1159 2534 subdiaconus

607 2588 717 2702 †ego
733 2617 786 2684 leo

606 2740 635 2852 †
651 2785 717 2852 ego
733 2772 863 2852 petrus.

1336 3279 1615 3360 CCCXXI.

1332 3530 1388 3607 A.
1423 3530 1475 3607 D.
1514 3527 1617 3609 980.

483 3877 486 3882 -
606 3784 852 3923 †1nnomine
868 3835 999 3904 domini
1016 3835 1192 3904 tricesimo
1208 3835 1356 3921 septimo
1370 3854 1462 3904 anno
1477 3837 1696 3923 principatus
1711 3837 1841 3906 domini
1858 3837 1968 3908 nostri
1983 3838 2125 3925 paldolti
2141 3841 2295 3926 glorioso
2310 3839 2404 3926 prin·

549 4008 641 4076 ceps,
660 3993 696 4059 et
710 3987 858 4059 secundo
875 4004 968 4056 anno
982 3988 1056 4059 eius
1078 3989 1229 4068 salerno,
1248 3989 1283 4057 01
1304 3989 1404 4056 sexto
1427 4006 1520 4056 anno
1542 3989 1763 4075 principatus
1784 3989 1900 4057 domni
1923 3990 2032 4059 nostri
2056 3989 2197 4076 paldolfl
2219 3991 2294 4058 11110
2318 3991 2400 4066 eius,

551 4158 668 4211 mense
683 4139 877 4212 februarius
892 4141 1016 4209 octaba
1032 4140 1230 4211 indictione.
1245 4142 1527 4210 memoratorium
1544 4142 1669 4208 sactum
1685 4160 1775 4210 ame
1790 4143 1961 4211 martinus
1972 4143 2145 4228 presbiter
2161 4145 2196 4209 et
2206 4143 2314 4211 abbas
2328 4143 2403 4211 hec-

545 4294 649 4365 010010
664 4295 775 4364 sancti
790 4293 946 4362 massimi
962 4293 1191 4379 pertinentem
1206 4293 1406 4379 supradicto
1423 4267 1576 4380 glorioso
1592 4294 1744 4379 principi
1759 4294 1849 4363 etde
1866 4294 1938 4364 alia
1953 4293 2147 4363 hereditate
2161 4292 2280 4361 domni
2305 4293 2402 4379 guai-

548 4446 613 4514 1011
628 4445 812 4532 principis,
830 4463 902 4514 una
916 4463 1048 4514 mecum
1066 4446 1158 4513 esset
1172 4443 1334 4514 landoari
1350 4461 1463 4512 comes
1479 4443 1719 4512 advocatorem
1735 4447 1905 4524 nostrum,
1923 4444 1982 4530 qui
1998 4447 2051 4513 est
2063 4462 2169 4512 unum
2186 4443 2230 4511 de
2244 4443 2326 4530 ipsa
2347 4443 2405 4511 he·

548 4598 707 4677 reditate,
725 4615 767 4666 00
781 4598 869 4684 quod
886 4602 968 4668 ante
990 4599 1176 4687 subscripti
1193 4599 1296 4668 testes
1310 4615 1374 4684 per
1391 4599 1516 4666 bonam
1539 4599 1813 4667 convenientiam
1829 4598 1961 4684 guadia
1984 4597 2083 4666 nobis
2105 4596 2288 4684 dederunt,
2300 4610 2404 4681 gara·

550 4769 609 4818 mu
631 4753 667 4819 et
681 4752 801 4837 petrus
816 4752 975 4836 germani
991 4751 1056 4821 filii
1071 4751 1248 4832 dominici,
1268 4750 1426 4822 adstante
1442 4751 1518 4839 ipso
1534 4752 1729 4837 genitorem
1744 4769 1843 4822 suum
1859 4755 1895 4819 et
1909 4769 1973 4836 per
1988 4752 2063 4819 eius
2085 4749 2340 4819 absolutionem
2362 4747 2404 4816 de

547 4907 659 4972 locum
675 4921 810 4990 angre,
828 4905 863 4972 et
879 4903 1086 4974 mediatores
1100 4904 1199 4974 nobis
1214 4907 1405 4992 posuerunt
1419 4906 1539 4991 petrus
1553 4903 1647 4972 fliius
1661 4902 1810 4972 silvestri
1825 4905 1860 4972 et
1875 4901 2009 4971 cicerus
2023 4901 2117 4970 tilius
2132 4903 2271 4971 mastali
2288 4901 2333 4969 de
2347 4917 2402 4970 eo·

548 5057 627 5125 dem
643 5059 755 5125 locum
772 5074 908 5144 angre;
924 5058 959 5125 et
973 5073 1037 5142 per
1052 5055 1164 5141 ipsam
1180 5054 1309 5141 guadia
1325 5055 1569 5142 obligaverunt
1591 5073 1628 5126 se
1650 5055 1788 5141 suisque
1809 5053 1996 5123 heredibus
2019 5051 2144 5122 amodo
2166 5059 2200 5120 et
2222 5070 2333 5138 usque
2355 5051 2404 5118 vi·

547 5209 638 5293 ginti
654 5209 807 5294 quinque
823 5207 908 5276 anni
923 5209 1086 5293 completi
1103 5209 1182 5276 illos
1193 5210 1228 5276 et
1242 5225 1361 5276 eorum
1379 5207 1565 5278 heredibus
1581 5207 1708 5278 ibidem
1725 5210 1883 5278 tenerent
1897 5207 1942 5276 ad
1970 5225 2069 5276 suam
2097 5207 2303 5292 potestatem
2331 5205 2405 5272 tota

547 5365 583 5430 et
598 5361 722 5431 inclita
736 5362 813 5449 ipsa
828 5361 1003 5430 clausuria
1016 5358 1060 5428 de
1075 5362 1169 5428 terra
1184 5376 1262 5427 cum
1278 5361 1429 5430 arbustis
1443 5362 1564 5430 vitatis
1579 5363 1613 5430 et
1624 5379 1770 5430 vacuum
1781 5379 1850 5429 uno
1866 5361 2055 5430 teniontem
2065 5357 2279 5445 pertinentes
2293 5355 2404 5443 ipsius

547 5513 717 5582 hecclesie
732 5512 775 5581 de
791 5513 902 5598 ipsum
916 5516 1030 5582 locum
1046 5530 1171 5600 angre,
1187 5513 1246 5581 ubi
1262 5514 1406 5600 proprio
1422 5514 1627 5582 casamavile
1640 5515 1769 5584 dicitur
1784 5533 1847 5601 per
1862 5518 1926 5582 hec
1938 5514 2019 5582 finis
2031 5515 2066 5584 et
2079 5512 2262 5582 mensuris:
2280 5527 2304 5578 a
2319 5525 2405 5593 pars

546 5666 690 5735 orientis
704 5666 773 5735 fine
789 5665 859 5745 via,
874 5668 926 5736 est
941 5685 1005 5753 per
1019 5667 1098 5752 ipsa
1112 5667 1181 5738 fine
1196 5667 1377 5754 longitudo
1393 5685 1513 5754 passos
1525 5669 1661 5736 centum
1678 5668 1870 5754 nonaginta
1880 5687 1955 5737 sex:
1970 5685 1993 5734 a
2008 5686 2090 5754 pars
2101 5664 2247 5734 meridie
2261 5663 2333 5732 dne
2349 5661 2409 5731 via

547 5817 698 5902 publica,
716 5819 798 5886 sunt
813 5834 877 5902 per
893 5817 971 5902 ipsa
984 5817 1054 5886 tine
1070 5817 1215 5887 latitudo
1231 5835 1349 5905 passos
1364 5821 1500 5888 centum
1523 5817 1703 5904 quadtuor:
1727 5837 1749 5884 a
1772 5836 1854 5903 pars
1876 5817 2076 5896 occidentis,
2101 5813 2269 5902 quomodo
2291 5811 2407 5882 limite
