5286 7098
559 610 602 676 94
1225 589 1389 665 GODEX
1432 589 1666 664 clv-libais

516 842 623 920 tione,
649 843 792 926 bobligo
815 858 871 907 me
893 837 1094 906 nominatus
1116 833 1251 901 cicerus
1274 835 1309 900 et
1332 832 1417 899 meis
1433 831 1515 899 dliis
1529 833 1565 898 et
1579 831 1721 902 heredes
1736 832 1861 900 amodo
1875 835 1911 902 et
1925 851 2062 921 semper
2085 837 2320 908 antistandum
2338 845 2373 909 et

515 992 763 1063 defensandum
782 992 845 1058 tibi
861 969 1041 1059 nominato
1065 988 1145 1056 falci
1169 1005 1273 1073 quam
1296 985 1389 1054 etad
1408 987 1477 1054 tuis
1492 984 1677 1053 heredibus
1692 985 1848 1071 predicta
1860 991 1982 1058 nostra
1996 989 2182 1060 donatione
2198 1010 2276 1058 cum
2299 994 2373 1060 uice

514 1145 558 1213 de
579 1145 635 1214 vie
649 1161 710 1215 sue
732 1162 755 1213 a
770 1163 854 1230 pars
870 1144 973 1212 uxori
989 1161 1065 1212 mee
1080 1141 1176 1211 etde
1198 1142 1312 1208 omnis
1336 1139 1470 1208 omines
1493 1140 1656 1250 omnique
1679 1141 1845 1226 partibus,
1864 1145 1900 1210 et
1914 1159 1985 1209 non
2000 1144 2185 1230 aliquando
2200 1163 2258 1213 eos
2274 1147 2370 1214 vobis

513 1297 636 1363 tollere
658 1297 718 1362 aut
733 1297 896 1363 contrane
910 1313 1109 1380 queramus.
1128 1293 1158 1362 si
1175 1294 1303 1371 autem,
1321 1293 1411 1360 sicut
1425 1291 1556 1360 dictum
1573 1297 1637 1370 est,
1656 1292 1771 1361 taliter
1788 1309 1846 1361 eos
1860 1293 1955 1362 vobis
1970 1312 2042 1364 non
2063 1295 2365 1378 defensaberimus,
2452 1322 2458 1331 ·

516 1448 577 1515 aut
599 1449 630 1516 si
652 1445 837 1531 aliquando
852 1463 911 1514 eos
935 1446 1032 1512 vobis
1054 1447 1176 1512 tollere
1199 1445 1260 1510 aut
1282 1445 1445 1512 contrane
1467 1444 1707 1528 quesierimus,
1733 1446 1815 1511 tunc
1838 1445 1989 1530 primum
2012 1449 2166 1516 omnium
2189 1451 2320 1535 questio
2334 1455 2368 1518 et

514 1602 666 1672 causatio
682 1603 803 1667 nostra
817 1600 852 1666 et
869 1597 912 1668 de
927 1598 1056 1667 nostris
1071 1595 1153 1665 filiis
1169 1598 1204 1664 et
1226 1596 1372 1664 heredes
1394 1595 1505 1663 modis
1527 1596 1687 1664 omnibus
1710 1597 1781 1666 sint
1795 1597 1922 1666 exinde
1944 1599 2051 1668 tacita
2065 1602 2100 1669 et
2116 1602 2234 1681 bacua,
2252 1604 2287 1669 et
2308 1603 2368 1671 tri-

519 1757 621 1842 ginta
641 1753 716 1822 auri
732 1753 859 1821 solidos
874 1753 1111 1822 constantines
1134 1767 1341 1835 componere
1356 1751 1473 1835 obligo
1489 1771 1542 1819 me
1558 1753 1592 1820 et
1607 1751 1692 1819 meis
1708 1749 1791 1819 liliis
1808 1754 1842 1819 et
1856 1749 2002 1820 heredes
2016 1751 2081 1820 tibi
2096 1754 2275 1821 nominato
2289 1755 2366 1823 salci

515 1925 620 1992 quam
635 1907 670 1972 et
685 1905 726 1972 ad
745 1905 815 1973 tuis
829 1903 1012 1973 heredibus
1036 1906 1082 1983 et,
1102 1904 1191 1970 sicut
1213 1901 1424 1980 dictumest,
1444 1903 1709 1987 omnitempore
1725 1921 1787 1986 per
1804 1902 1922 1970 inbitis
1944 1904 2015 1971 tola
2037 1904 2236 1990 supradicta
2250 1907 2365 1974 nostra

515 2053 700 2124 donatione
715 2057 812 2124 vobis
827 2055 1055 2125 defensemus.
1076 2058 1109 2124 et
1125 2055 1242 2123 taliter
1256 2054 1410 2122 scribere
1425 2056 1627 2140 rogabimus
1643 2057 1677 2123 te
1693 2054 1882 2124 madelmus
1898 2056 2067 2125 notarius.
2086 2059 2201 2124 actum
2216 2059 2364 2127 salerno.

574 2177 601 2292 †
617 2223 684 2291 ego
699 2207 758 2292 qui
773 2225 882 2292 supra
896 2207 1051 2276 ioannes.

1243 2712 1655 2794 CCLXXXVII.

1293 2957 1347 3032 A.
1384 2955 1435 3032 D.
1473 2953 1577 3033 975.

569 3217 605 3353 †
620 3272 660 3336 ln
674 3267 815 3336 nomine
829 3265 961 3336 domini
978 3263 1246 3353 quadragesimo
1262 3266 1366 3333 tertio
1381 3285 1473 3335 anno
1489 3268 1704 3354 principatus
1714 3268 1831 3339 domni
1842 3267 1952 3338 nostri
1968 3269 2084 3356 gisolfi
2099 3269 2252 3354 glorioso
2267 3271 2363 3354 prin·

508 3421 598 3506 cipe,
616 3421 651 3488 et
666 3419 816 3490 secundo
839 3439 930 3489 anno
954 3422 1170 3507 principatus
1184 3421 1309 3490 domne
1331 3440 1467 3506 gemme
1482 3423 1641 3508 coniugis
1655 3423 1729 3491 eius
1746 3427 1780 3492 et
1794 3421 1911 3491 domni
1927 3421 2070 3507 paldolfl
2086 3425 2203 3508 optato
2220 3423 2292 3491 lilio
2307 3442 2369 3492 eo-

511 3571 602 3652 rum,
619 3589 736 3642 mense
751 3571 929 3642 december
944 3575 1071 3659 quarta
1086 3571 1285 3641 indictione.
1295 3561 1586 3641 'memoratorium
1607 3574 1698 3640 factu
1714 3590 1736 3640 a
1751 3589 1806 3640 me
1821 3590 1916 3640 sassu
1931 3573 2019 3640 livor
2041 3574 2156 3652 homo,
2181 3573 2238 3658 qui
2253 3573 2303 3640 fui
2317 3591 2363 3641 ex

513 3740 643 3809 genere
658 3723 867 3805 francorum,
886 3741 926 3792 eo
941 3723 1031 3810 quod
1047 3724 1085 3792 in
1099 3741 1216 3791 urvem
1233 3721 1482 3791 salernitanam
1498 3727 1582 3791 ante
1596 3725 1781 3809 subscripti
1797 3727 1900 3794 testes
1915 3742 1978 3810 per
1994 3742 2085 3792 vona
2111 3723 2365 3793 comuenientia

513 3875 730 3946 tradiderunt
750 3876 851 3946 nobis
872 3878 964 3945 mari
986 3876 1080 3946 filius
1096 3875 1201 3946 ciceri
1216 3878 1251 3946 et
1265 3878 1405 3946 amatus
1421 3878 1579 3960 nepotem
1594 3880 1668 3946 eius
1683 3877 1776 3947 lilius
1787 3879 1877 3965 petri
1894 3895 1966 3948 una
1980 3876 2078 3964 pecia
2090 3877 2134 3945 de
2150 3882 2256 3957 terra,
2275 3876 2365 3962 quod

515 4031 622 4098 abunt
637 4029 802 4099 inlocum
817 4028 935 4100 fellino
951 4030 989 4097 in
1005 4029 1195 4116 mortequi
1210 4028 1337 4098 dicitur
1353 4031 1495 4098 vetrano
1509 4029 1634 4099 finibus
1650 4031 1882 4110 salernitanis,
1900 4047 1964 4115 per
1987 4033 2051 4101 heo
2073 4032 2154 4098 finis
2177 4031 2212 4098 et
2226 4041 2363 4099 mensu-

509 4183 576 4250 ria:
601 4181 645 4251 de
666 4180 755 4268 pede
776 4182 846 4251 fine
871 4181 1026 4268 ipsorum
1049 4183 1123 4250 thio
1146 4184 1182 4251 et
1204 4185 1364 4268 nepotem
1388 4185 1423 4251 et
1444 4183 1487 4252 de
1508 4185 1685 4252 consortes
1707 4185 1857 4262 illorum,
1876 4184 1957 4252 sunt
1979 4182 2107 4252 exinde
2122 4181 2267 4251 latitudo
2281 4199 2366 4267 pas·

512 4351 567 4403 sos
583 4334 753 4422 triginta:
778 4335 821 4404 de
843 4353 915 4404 una
937 4336 1037 4420 parte
1059 4335 1129 4403 dne
1152 4334 1195 4403 de
1217 4334 1364 4403 heredes
1389 4336 1460 4404 ursi
1483 4337 1557 4402 thio
1580 4337 1731 4416 illorum,
1750 4337 1785 4403 et
1807 4334 1850 4403 de
1864 4353 1968 4420 super
1984 4351 2006 4403 a
2020 4337 2123 4420 parte
2137 4335 2180 4404 de
2195 4335 2273 4422 ipsa
2294 4352 2367 4402 ser-

511 4505 551 4555 ra
565 4488 635 4555 dne
649 4489 803 4574 ipsorum
819 4488 892 4555 thio
908 4490 943 4558 et
958 4491 1127 4575 nepotem,
1145 4491 1181 4558 et
1197 4488 1278 4558 inde
1292 4491 1374 4557 sunt
1397 4490 1542 4557 latitudo
1565 4509 1685 4575 passos
1706 4489 1874 4576 triginta:
1900 4487 1942 4558 de
1957 4489 2029 4557 alia
2043 4490 2143 4574 parte
2164 4488 2232 4557 fine
2245 4486 2289 4556 de
2304 4489 2366 4554 be-

512 4639 610 4709 redes
632 4640 735 4726 petri,
760 4643 821 4727 qui
843 4643 996 4712 sellictus
1018 4643 1152 4722 vocabi,
1177 4645 1212 4711 et
1236 4643 1471 4730 coniungente
1493 4644 1531 4712 in
1553 4643 1629 4730 ipsa
1651 4644 1769 4730 priore
1790 4643 1860 4712 dne
1883 4644 1918 4712 et
1939 4645 1992 4712 est
2013 4659 2076 4727 per
2099 4639 2276 4710 mensuria
2290 4641 2368 4708 lon·

511 4791 633 4878 giludo
654 4793 692 4862 in
716 4795 811 4862 omni
832 4795 908 4862 loco
930 4811 1050 4880 passos
1072 4795 1277 4881 octuaginta
1301 4798 1335 4864 et
1357 4796 1394 4863 in
1418 4796 1570 4866 medium
1593 4815 1657 4882 per
1679 4797 1872 4865 traversum
1894 4796 1976 4864 sunt
2002 4810 2123 4880 passos
2145 4795 2294 4880 triginta
2314 4791 2358 4860 ad

510 4943 600 5012 insto
622 4961 763 5030 passum
786 4945 919 5012 homini
942 4947 1190 5015 mensuratum.
1211 4949 1275 5040 hec
1289 4966 1371 5017 vero
1386 4951 1493 5029 terra,
1512 4947 1660 5036 qualiter
1682 4948 1840 5034 superius
1869 4946 1949 5016 linis
1971 4947 2081 5031 posite
2103 4947 2185 5015 sunt
2207 4898 2243 5013 el
2264 4961 2363 5013 men-

509 5093 605 5162 suria
625 5094 705 5181 ipsa
726 5095 913 5180 percurrit,
939 5096 1012 5164 tota
1035 5097 1071 5164 et
1093 5096 1214 5164 inclita
1229 5099 1347 5167 omnia
1362 5099 1457 5166 intra
1479 5101 1669 5168 scabentes
1692 5100 1728 5166 ct
1753 5113 1832 5164 cum
1847 5095 1925 5164 vice
1945 5093 1988 5163 de
2010 5095 2069 5162 bia
2092 5113 2156 5163 sua
2177 5095 2264 5162 mihi
2286 5097 2361 5162 tra-

509 5244 681 5314 diderunt.
708 5244 800 5314 unde
821 5263 887 5331 pro
910 5246 1028 5314 taliter
1050 5264 1114 5333 per
1136 5264 1229 5316 vona
1252 5249 1506 5318 comvenientia
1527 5249 1655 5336 guadia
1676 5248 1762 5317 mihi
1777 5247 1949 5317 dederunt
1970 5247 2005 5314 ct
2019 5245 2245 5314 mediatorem
2267 5243 2360 5312 mihi

513 5399 701 5481 posuerunt
722 5398 910 5480 maraldus,
934 5401 1027 5472 lilius
1049 5401 1251 5487 iannelgari
1274 5403 1338 5471 tali
1362 5383 1497 5483 ordine,
1517 5405 1553 5471 ut
1568 5401 1715 5471 hamodo
1737 5405 1891 5488 eiusque
1913 5399 2070 5470 undecim
2086 5401 2172 5468 anni
2193 5398 2354 5484 completi

508 5549 617 5619 licead
647 5555 759 5620 meet
781 5553 868 5622 meis
890 5553 1076 5625 heredibus
1098 5555 1220 5626 inolita
1243 5556 1443 5643 supradicta
1465 5558 1604 5626 illorum
1626 5555 1835 5626 tradictione
1866 5557 1985 5623 tenere
2014 5553 2058 5622 ad
2083 5555 2240 5622 nostram
2266 5551 2364 5637 pote-

509 5701 645 5783 statem,
662 5704 698 5771 ot
712 5703 837 5773 ibidem
853 5702 1009 5776 laborare
1023 5709 1059 5777 et
1074 5707 1189 5778 foveas
1205 5710 1239 5779 et
1254 5710 1366 5779 omnis
1380 5713 1502 5780 nostra
1522 5711 1706 5781 utilitatem
1724 5709 1772 5777 ibi
1788 5709 1914 5787 lacere,
1932 5709 1967 5775 et
1981 5707 2083 5774 binea
2104 5705 2234 5774 ibidem
2256 5705 2356 5790 plan·

509 5856 608 5932 tare,
634 5855 669 5922 et
691 5854 804 5923 omnis
826 5856 945 5942 fruges
967 5859 1003 5926 et
1023 5858 1144 5930 binum
1167 5863 1202 5930 et
1224 5861 1379 5948 quicquit
1401 5862 1600 5932 annualiter
1623 5859 1750 5929 ibidem
1782 5858 1926 5929 redierit
1952 5861 1987 5926 et
2009 5857 2213 5938 fecerimus,
2237 5853 2363 5925 amodo
