5378 7098
1260 634 1422 730 cousi
1465 635 1698 708 cavensis

1211 1087 1215 1097 ’
1347 1074 1604 1154 CCXXH·

1333 1315 1618 1398 A.btma

608 1573 643 1710 †
658 1630 696 1694 ln
712 1627 853 1698 nomine
868 1627 998 1697 domini
1014 1628 1189 1696 tricesimo
1202 1647 1294 1697 anno
1308 1631 1526 1716 principatus
1541 1629 1659 1698 domni
1675 1631 1785 1699 nostri
1801 1630 1917 1716 gisolfi
1932 1629 2085 1716 glorioso
2100 1629 2274 1714 princeps,
2289 1646 2407 1698 mense

549 1779 718 1848 februarii
734 1784 834 1849 sexta
847 1779 1048 1850 indictione.
1067 1784 1148 1851 ante
1162 1801 1217 1850 me
1233 1784 1352 1868 petrus
1373 1781 1546 1851 castaldus
1560 1783 1716 1850 causavit
1732 1782 1918 1867 gregorius
1934 1781 2105 1868 presbiter
2121 1787 2156 1850 et
2170 1784 2275 1850 abbas
2290 1785 2405 1850 rector

549 1931 693 2002 ecclesie
707 1933 818 2000 sancti
835 1931 978 2000 maximi
993 1950 1064 2000 una
1078 1950 1155 2000 cum
1171 1948 1233 2000 suo
1248 1931 1453 2002 adbocatore
1468 1949 1546 1999 cum
1562 1933 1668 2001 ruffus
1682 1931 1776 2000 filius
1792 1932 1975 2018 guisenolfi
1998 1931 2041 2000 de
2056 1933 2168 1999 locum
2192 1933 2404 2000 barbarianu

548 2083 676 2154 linibus
691 2083 841 2164 nocerie,
868 2089 907 2152 ut
933 2085 1023 2180 malo
1047 2083 1168 2153 ordine
1184 2089 1218 2152 el
1240 2082 1316 2152 sine
1339 2084 1473 2152 ratione
1495 2082 1597 2153 rebus
1621 2087 1756 2153 teneret
1780 2085 1951 2170 prephato
1972 2084 2116 2152 ecclesie
2131 2084 2242 2151 sancti
2259 2081 2404 2151 maximi

445 2327 450 2344 ἣ
549 2238 712 2305 inlocum
740 2235 897 2322 predicto
921 2237 1134 2305 barbazzauu
1161 2254 1249 2321 erga
1275 2234 1351 2322 ipsa
1374 2239 1471 2303 curte
1494 2238 1529 2302 et
1551 2239 1648 2303 terra
1669 2233 1713 2302 de
1735 2252 1780 2302 ex
1803 2233 1924 2303 eadem
1948 2236 2060 2302 locum
2077 2234 2295 2314 barbaciano,
2314 2234 2403 2320 quod

547 2389 675 2458 domna
697 2389 908 2472 rumelgaita
931 2389 969 2455 iu
991 2406 1052 2456 suo
1076 2389 1214 2456 nomine
1237 2389 1478 2473 comparatum
1502 2387 1598 2456 abuit
1622 2385 1795 2472 quondam
1819 2386 1985 2456 iohannes
2008 2386 2100 2454 filius
2122 2387 2311 2471 griselgari
2335 2389 2404 2455 cle-

547 2541 613 2606 rici
636 2539 677 2608 ad
702 2539 926 2608 laborandum
949 2541 1060 2608 tenuit
1082 2538 1125 2606 da
1148 2540 1307 2625 partibus
1329 2539 1438 2625 ipsius
1461 2538 1614 2610 ecclesie.
1640 2557 1708 2625 quo
1731 2538 1848 2607 audito
1870 2539 1945 2624 ipse
1968 2539 2075 2607 roffus
2103 2540 2191 2608 talia
2223 2539 2402 2610 adbersum
2479 2595 2493 2610 ..

547 2707 584 2757 se
607 2690 803 2768 causanter,
821 2705 1024 2774 responsum
1046 2687 1182 2757 reddidi
1205 2707 1323 2759 eorum
1346 2689 1539 2768 dicendum,
1558 2691 1677 2758 tenere
1692 2690 1795 2757 rebus
1817 2689 1854 2756 in
1870 2689 1946 2775 ipso
1962 2692 2076 2757 locum
2091 2689 2301 2760 barbaciano
2314 2707 2402 2774 erga

545 2843 624 2927 ipsa
640 2847 736 2910 curte
751 2846 785 2910 et
810 2847 913 2923 terra,
933 2841 1022 2929 quod
1045 2843 1204 2928 superius
1227 2844 1368 2929 legitur,
1386 2861 1450 2928 pro
1466 2860 1534 2928 qua
1556 2861 1634 2912 mea
1656 2846 1745 2912 esset
1768 2841 1995 2928 pertinentem
2019 2861 2082 2928 per
2105 2861 2183 2912 mea
2205 2845 2352 2922 ratione,
2366 2846 2402 2912 et

545 2999 702 3067 autorem
726 2997 807 3064 inde
831 2999 926 3076 abeo,
945 2998 1004 3082 qui
1020 3000 1121 3066 rebus
1145 2997 1223 3082 ipsa
1246 2997 1332 3064 milri
1356 2996 1573 3067 benumdedi.
1593 2997 1763 3066 undenos
1780 2998 1938 3082 superius
1955 2995 2127 3068 castaldus
2150 2999 2266 3066 taliter
2287 2997 2401 3098 ipsum

541 3151 649 3219 roffus
665 3151 944 3220 manifestantem
967 3153 1002 3218 et
1025 3150 1196 3219 dicentem
1221 3151 1441 3220 baudibimus
1465 3155 1499 3220 et
1523 3152 1742 3238 agnobimus,
1760 3151 1987 3221 iudicavimus
2009 3154 2043 3220 el
2067 3151 2222 3237 utrisque
2245 3151 2402 3237 partibus

540 3303 591 3367 eis
608 3299 780 3384 guadiare
795 3301 950 3379 fecimus,
968 3303 1007 3367 ut
1022 3301 1096 3385 ipse
1113 3301 1219 3368 roffus
1234 3302 1384 3387 plicaret
1398 3321 1435 3372 se
1458 3320 1536 3368 cum
1559 3303 1631 3370 suis
1654 3303 1854 3382 rationibus,
1872 3302 2021 3388 qualiter
2043 3301 2123 3372 inde
2144 3301 2297 3371 dicebam
2319 3303 2399 3372 aba

540 3455 595 3519 ret
611 3459 645 3520 et
661 3471 740 3519 cnm
755 3453 867 3536 ipsum
884 3453 1116 3538 supradictum
1135 3457 1301 3534 autorem,
1320 3457 1403 3540 quot
1419 3454 1500 3523 inde
1514 3455 1613 3522 nobis
1629 3454 1814 3523 secundum
1832 3457 1942 3540 legem
1956 3455 1992 3520 in
2004 3473 2144 3522 manum
2157 3455 2302 3534 mittere,
2317 3457 2399 3525 ante

541 3603 721 3686 p‘resenlia
736 3601 865 3687 superii
882 3603 1027 3688 gloriosi
1045 3604 1198 3689 principi
1213 3609 1248 3673 et
1263 3608 1344 3674 ante
1359 3605 1431 3674 eius
1448 3605 1604 3690 bestigiis
1620 3607 1654 3672 et
1668 3583 1853 3675 secundum
1870 3608 1982 3690 legem
1998 3605 2088 3672 inter
2103 3563 2139 3673 se
2152 3604 2281 3674 exinde
2292 3604 2396 3673 linem
2483 3652 2486 3656 -

541 3757 658 3822 iaciat.
678 3753 768 3822 unde
783 3755 857 3839 ipse
873 3754 980 3821 roilus
996 3753 1037 3824 de
1053 3753 1131 3838 ipsa
1147 3753 1279 3840 guadia
1296 3753 1520 3823 mediatorem
1536 3771 1653 3823 eorum
1670 3754 1785 3840 posuit
1799 3754 1889 3823 mari
1904 3754 1995 3822 filius
2010 3752 2193 3839 adelgardi
2216 3753 2345 3832 clerici,
2362 3757 2398 3824 et

537 3908 612 3990 lpse
630 3904 804 3991 predictus
819 3904 924 3973 abbas
942 3923 1019 3972 cum
1035 3922 1097 3973 suo
1114 3904 1318 3974 adbocatore
1334 3904 1558 3998 mediatorem
1572 3907 1604 3976 ei
1620 3905 1745 3992 posuit.
1763 3908 1797 3976 et
1811 3909 1902 3974 hunc
1925 3904 2115 3974 iudicatum
2139 3905 2292 3974 scribere
2314 3905 2398 3974 feci·

535 4077 612 4126 mus
628 4063 662 4125 te
680 4057 844 4126 ildericus
861 4056 1091 4126 subdiaconus
1108 4059 1141 4124 el
1156 4059 1314 4126 notarius
1332 4059 1608 4142 qui-interfuisti.

593 4183 702 4296 †ego
718 4211 775 4296 qui
792 4230 897 4296 supra
913 4215 1042 4296 petrus.

1317 4810 1599 4890 CCXXHL

1322 5084 1605 5165 A.stlffl3

573 5375 617 5504 †
634 5425 672 5489 ln
688 5423 826 5489 nomine
843 5423 976 5490 domini
992 5424 1165 5494 tricesimo
1182 5428 1295 5512 primo
1309 5446 1399 5498 anno
1416 5431 1636 5515 principatus
1652 5428 1770 5497 domni
1786 5429 1894 5499 nostri
1910 5429 2025 5514 gisolfi
2042 5428 2195 5513 glorioso
2209 5426 2384 5514 princeps,

527 5590 645 5640 mense
668 5575 804 5659 magius
826 5577 924 5643 sexta
946 5574 1146 5647 indictione.
1172 5580 1454 5648 memoratorium
1480 5582 1605 5648 iactum
1632 5598 1723 5648 ame
1746 5597 1866 5648 manso
1889 5581 1981 5648 filius
2005 5578 2177 5664 quondam
2201 5579 2244 5646 de
2267 5596 2389 5647 musco

519 5739 633 5790 comes
649 5724 742 5793 cibes
764 5725 1056 5804 amalfitanorum,
1090 5744 1132 5796 eo
1154 5730 1245 5815 quod
1268 5731 1305 5799 in
1328 5735 1472 5800 nuceria
1495 5737 1575 5801 ante
1599 5734 1766 5800 bonorum
1790 5731 1960 5810 homines,
1979 5733 2101 5816 quibus
2124 5731 2241 5798 subter
2264 5731 2386 5797 scribti

520 5879 614 5947 sunt,
640 5875 784 5944 tradidit
809 5881 913 5964 atque
937 5878 1032 5947 dedit
1047 5881 1135 5965 petri
1152 5883 1243 5952 illius
1259 5885 1428 5969 quondam
1450 5883 1556 5964 madi,
1587 5886 1645 5968 qui
1669 5884 1797 5952 dicitur
1820 5884 2004 5969 rodegbise
2026 5883 2069 5951 de
2092 5886 2205 5952 locum
2229 5882 2382 5960 nuceria,
