5252 7102
951 579 1322 656 DlPLOltlATlCUS
1948 607 2008 668 271
2086 597 2091 602 ’

198 828 379 894 remobere
396 828 455 892 aut
470 827 644 904 contram,
663 827 696 892 et
712 825 800 893 talia
813 825 913 894 nobis
928 827 963 892 et
978 821 1014 892 in
1029 843 1112 911 pars
1128 826 1281 911 predicte
1299 831 1443 899 ecclesie
1465 850 1535 899 non
1558 831 1835 918 adimpleberint,
1857 821 1919 903 'vel
1943 837 1974 904 si
1997 838 2061 905 ali-

199 997 286 1064 quas
301 979 522 1074 causationes
539 998 602 1063 per
619 997 657 1047 se
672 981 731 1046 ant
745 998 808 1064 per
825 979 1043 1048 summissam
1059 999 1154 1048 suam
1171 982 1207 1048 in
1224 983 1378 1066 partibus
1395 985 1512 1053 nostre
1526 986 1671 1054 ecclesie
1694 988 1912 1073 preposuerit
1926 988 1971 1057 de
1983 989 2061 1058 illut

200 1151 268 1217 que
284 1131 443 1217 superius
460 1130 558 1198 nobis
574 1129 700 1210 emisit,
718 1133 802 1198 tunc
818 1150 880 1217 per
897 1150 986 1200 rona
1001 1134 1249 1202 combeuientia
1264 1135 1461 1220 hobligabit
1476 1155 1513 1204 se
1529 1157 1658 1224 suoque
1675 1139 1776 1207 erede
1787 1140 1830 1208 ad
1856 1159 2062 1227 componen-

199 1287 283 1353 dum
309 1288 410 1353 nobis
434 1288 467 1353 et
492 1287 527 1352 in
551 1305 636 1372 pars
658 1288 775 1356 nostre
802 1286 945 1356 ecclesie
966 1285 1217 1373 quinquaginta
1239 1289 1318 1364 auri
1338 1289 1465 1360 solidos
1493 1294 1738 1362 constantinus.
1769 1297 1805 1362 et
1828 1313 1897 1363 unc
1922 1297 2060 1367 brebem
2130 1383 2137 1390 ,

193 1440 321 1526 scripsi
345 1457 412 1524 ego
434 1440 604 1509 iohannes
627 1441 782 1506 notarius
804 1440 864 1525 qui
887 1441 1041 1508 interlui.

255 1564 285 1676 †
308 1610 376 1678 ego
396 1591 543 1660 roderisi

255 1717 286 1830 †
307 1762 375 1831 ego
397 1747 541 1813 ioannes

256 1871 287 1984 †
309 1917 376 1984 ego
398 1900 545 1968 alfanus

991 2411 1260 2490 CCCCXI.

979 2662 1033 2736 A.
1072 2653 1121 2737 D.
1160 2659 1265 2738 989.

187 3013 190 3018 -
258 2923 296 3057 †
317 2977 355 3040 ln
371 2973 511 3040 nomine
525 2972 656 3040 domini
673 2975 771 3041 sexto
788 2990 880 3046 anno
895 2973 1111 3059 principatus
1133 2972 1251 3039 domni
1274 2969 1383 3075 nostri
1401 2972 1555 3053 iohanni,
1575 2978 1609 3040 et
1634 2975 1747 3058 primo
1770 2993 1860 3043 auno
1882 2974 2057 3061 principa-

193 3126 249 3192 tus
264 3124 385 3192 domni
401 3125 572 3210 guaimari
589 3124 661 3194 filio
677 3125 752 3194 eius
767 3125 911 3210 gloriosi
927 3127 1152 3212 principibus
1168 3143 1285 3193 mense
1301 3127 1428 3210 agustu
1444 3125 1594 3194 secunda
1610 3126 1809 3196 indictione.
1821 3125 1964 3211 ideoque
1987 3145 2054 3210 ego

193 3276 411 3362 grimoaldus
427 3277 519 3345 filius
536 3279 681 3361 garelali
697 3278 740 3347 de
755 3281 866 3347 locum
882 3279 1064 3358 mitilianu,
1082 3278 1163 3345 dum
1178 3284 1212 3346 te
1228 3273 1346 3364 puella
1360 3279 1501 3346 nomine
1516 3277 1628 3345 maria
1643 3277 1718 3346 fllia
1734 3279 1940 3346 machenolti
1952 3278 1994 3346 de
2006 3279 2055 3346 lo-

193 3448 272 3497 cum
292 3431 435 3499 nuceria
450 3430 493 3497 ad
510 3450 621 3498 meum
637 3430 782 3498 sociavit
798 3431 1010 3516 coniugium,
1028 3433 1111 3498 tunc
1128 3432 1164 3498 in
1181 3431 1251 3499 alia
1276 3431 1332 3499 die
1354 3430 1556 3516 nuptiarum
1580 3430 1661 3498 ante
1684 3431 1846 3514 parentes
1869 3433 1904 3496 et
1927 3430 2057 3540 amicos

192 3587 334 3650 nostros
357 3583 543 3651 secundum
567 3585 656 3654 ritus
679 3584 794 3670 gentis
820 3587 938 3653 nostre
960 3585 1264 3670 langobardorum,
1294 3603 1398 3671 quam
1426 3589 1461 3653 et
1486 3604 1550 3672 per
1578 3587 1720 3653 herbum
1747 3587 1782 3652 et
1807 3585 2056 3652 absolutionem
2107 3583 2112 3592 '

192 3733 303 3818 ipsius
319 3735 473 3820 genitori
491 3753 567 3802 meo
584 3743 618 3804 et
632 3737 748 3822 ipsum
765 3741 914 3816 astante,
934 3757 997 3823 per
1012 3740 1104 3804 hunc
1119 3739 1288 3822 scriptum
1306 3737 1560 3822 morgincapud
1573 3738 1740 3805 confirmo
1756 3737 1868 3822 adque
1881 3737 1980 3804 trado
1991 3737 2057 3804 tibi

194 3887 376 3956 nominate
392 3887 493 3955 uxori
508 3907 584 3956 mee
600 3891 760 3974 quartam
777 3892 914 3974 partem
930 3889 971 3958 dc
988 3888 1146 3956 omnibus
1162 3891 1264 3956 rebus
1281 3889 1481 3956 substantiis
1511 3887 1596 3956 meis
1606 3911 1615 3976 ;
1633 3889 1723 3958 idest
1739 3889 1783 3956 de
1805 3889 1915 3957 serbis
1938 3892 1973 3956 et
1995 3907 2056 3957 an-

192 4041 285 4109 cillis
301 4040 400 4120 meis,
415 4041 459 4106 de
474 4041 612 4126 peculia
627 4042 751 4109 maiori
767 4046 801 4109 et
817 4042 956 4120 minori,
974 4044 1085 4127 parba
1101 4043 1136 4108 et
1151 4059 1295 4126 magna,
1315 4041 1356 4110 de
1371 4041 1459 4108 casis
1475 4059 1578 4125 quam
1594 4043 1629 4106 et
1644 4039 1854 4107 intrinsecus
1870 4041 1970 4120 casis
1989 4041 2058 4108 ter-

193 4191 330 4272 ritorie,
349 4195 467 4272 curtis,
486 4196 620 4275 ortulis,
638 4195 759 4276 vineis,
778 4199 932 4276 arbusta,
952 4197 1089 4275 olibeta,
1108 4196 1326 4274 abellanieta,
1346 4194 1548 4272 castanieta,
1574 4194 1729 4266 inseteta,
1761 4192 1943 4278 quertieta,
1963 4210 2057 4259 cam-

190 4347 246 4430 pis
257 4350 293 4414 et
306 4348 415 4428 silbis,
431 4322 555 4432 pratis,
569 4351 705 4435 pascuis
720 4353 753 4418 et
766 4351 877 4436 aquis,
896 4349 932 4417 in
950 4351 1123 4418 montibus
1139 4367 1239 4435 quam
1252 4348 1332 4418 etin
1346 4345 1468 4433 planis
1487 4365 1563 4414 cum
1581 4345 1660 4413 finis
1675 4348 1710 4412 et
1721 4345 1787 4412 viis
1802 4345 1886 4424 suis,
1901 4363 1980 4412 cum
1993 4365 2054 4415 usu

196 4516 371 4582 aquarum
387 4503 513 4566 etcum
532 4500 689 4568 omnibus
706 4498 777 4567 suis
800 4499 1022 4585 pertinentiis
1046 4503 1080 4566 et
1103 4500 1197 4566 infra
1219 4518 1256 4567 se
1279 4497 1496 4576 habentibus,
1522 4497 1564 4566 de
1587 4497 1710 4564 starile
1732 4499 1767 4564 et
1790 4496 1833 4564 de
1849 4498 1985 4575 movile,
2014 4496 2058 4566 de

191 4652 314 4717 omnia
328 4655 364 4718 et
380 4653 417 4718 in
433 4654 601 4732 omnibus,
620 4673 686 4738 que
703 4673 794 4720 nunc
810 4655 912 4722 modo
928 4657 1040 4723 habeo
1054 4657 1090 4721 et
1116 4653 1203 4740 quod
1228 4653 1265 4720 in
1289 4659 1391 4719 antea
1414 4651 1651 4735 undecumque
1667 4651 1728 4717 aut
1744 4649 2059 4738 quomodocumque

195 4823 328 4888 parare
345 4811 405 4872 aut
422 4809 629 4893 conquidere
645 4811 870 4894 potuerimus
885 4829 945 4878 seu
961 4809 1050 4895 quod
1067 4829 1111 4876 ex
1127 4813 1271 4894 paterna
1282 4809 1337 4875 vel
1354 4811 1509 4874 materna
1533 4804 1723 4872 substantia
1739 4803 1831 4872 'mihi
1848 4807 2057 4889 pertinentes

194 4956 306 5024 luerit
320 4960 515 5037 habere,de
527 4963 636 5027 totum
655 4960 719 5028 tihi
733 4961 910 5028 nominate
927 4962 1027 5028 uxori
1046 4979 1118 5028 mee
1134 4964 1291 5046 quartam
1307 4962 1442 5044 partem
1459 4956 1602 5044 tradidi;
1620 4975 1660 5024 ea
1676 4925 1817 5037 ratione,
1834 4963 1872 5025 ut
1887 4961 1930 5025 ab
1946 4959 2058 5027 odier-

195 5128 284 5176 num
302 5110 394 5191 diem
412 5111 456 5178 ad
474 5116 569 5180 tuam
585 5133 652 5200 que
667 5133 774 5200 supra
790 5117 891 5182 uxori
908 5133 984 5181 mee
1000 5115 1045 5182 sit
1060 5118 1261 5199 potestatem
1277 5114 1366 5182 iusta
1381 5115 1495 5198 legem
1512 5110 1703 5178 laciendum
1729 5111 1816 5195 quod
1846 5113 2005 5192 uolueris,
2024 5116 2058 5182 et

197 5281 314 5349 neque
329 5281 349 5330 a
364 5284 433 5331 nos
444 5265 605 5350 superius
620 5269 791 5336 nominati
808 5269 1024 5354 grimoaldus
1039 5273 1074 5336 et
1089 5271 1269 5354 garosalus
1284 5269 1359 5334 viro
1375 5271 1409 5334 et
1423 5283 1541 5334 socero
1563 5269 1635 5343 tuo,
1654 5282 1759 5349 neque
1775 5281 1797 5328 a
1812 5264 1941 5331 nostris
1963 5267 2061 5332 hero-

189 5417 307 5495 dibus,
324 5437 436 5503 neque
459 5438 482 5486 a
504 5422 620 5487 nullus
635 5438 840 5506 quemquam
856 5420 1053 5490 hominibus
1069 5422 1225 5489 habeatis
1240 5420 1367 5490 exinde
1399 5421 1586 5507 aliquando
1625 5387 1779 5496 aliquam
1801 5415 2061 5502 requisitionem

189 5574 250 5637 aut
266 5573 589 5656 reprehensionem,
607 5577 658 5642 set
672 5575 849 5659 perpetuis
864 5577 1074 5661 temporibus
1090 5576 1257 5645 securiter
1279 5580 1314 5644 et
1335 5579 1483 5645 firmiter
1505 5597 1562 5647 eos
1608 5575 1740 5642 habere
1763 5572 1798 5639 et
1816 5571 1994 5657 possidere
2009 5591 2069 5642 va-

189 5724 303 5804 leatis,
322 5725 411 5811 quod
428 5745 509 5826 rero
525 5732 692 5816 scriptum
708 5732 957 5816 morgincapud
975 5734 1011 5798 in
1026 5751 1067 5801 eo
1082 5733 1203 5802 ordine
1218 5735 1356 5802 firmum
1372 5754 1569 5821 permanea.
1587 5741 1690 5826 quadr
1714 5736 1748 5802 te
1791 5729 1972 5815 guisouem
2002 5745 2065 5794 no·

188 5877 321 5947 tarium
339 5878 492 5949 scribere
507 5885 721 5968 rogavimus.
741 5887 854 5953 actum
871 5889 1024 5954 nuceria.
