5216 7092
603 600 666 662 lta
1262 577 1424 650 CODEX
1461 575 1694 650 CAVENSIS

559 825 602 896 de
618 827 719 912 quale
734 826 837 894 rebus
853 841 931 890 cum
947 839 1025 889 eum
1040 818 1202 906 causavi3
1220 820 1297 888 etsi
1315 818 1445 886 dixerit
1461 818 1537 903 ipse
1553 835 1663 896 ursus,
1683 820 1721 884 ut
1736 818 1839 885 rebus
1862 817 1941 903 ipsa
1963 835 2060 884 suam
2084 821 2163 888 exet
2185 821 2402 904 pertinentes,

559 996 624 1064 per
640 979 759 1063 partes
776 976 931 1061 portaret
945 991 1059 1043 secum
1077 973 1149 1043 suis
1164 973 1356 1040 rationibus
1370 974 1404 1040 et
1420 971 1508 1038 iusta
1523 972 1638 1056 legem
1654 971 1746 1038 inter
1761 989 1798 1039 se
1819 970 1946 1040 exinde
1970 972 2073 1039 finem
2095 971 2227 1042 lacere:
2246 973 2276 1040 si
2300 977 2405 1040 autem

559 1125 746 1211 negaverit
768 1144 838 1193 non
862 1124 941 1192 illut
964 1123 1113 1204 lecisset,
1131 1121 1319 1192 secundnm
1343 1124 1453 1208 legem
1479 1122 1560 1189 inde
1582 1122 1614 1189 ei
1637 1123 1774 1206 iurare3
1790 1120 1882 1188 unde
1904 1121 1978 1206 ipse
2001 1140 2100 1191 ursus
2115 1121 2232 1207 posuit
2248 1119 2406 1189 mediator

561 1279 734 1348 atenolfus
757 1279 956 1346 atrianense
979 1278 1073 1345 lilius
1096 1277 1263 1355 iohanni,
1289 1280 1323 1344 et
1346 1277 1422 1361 ipse
1445 1277 1516 1344 alio
1539 1295 1636 1344 ursus
1659 1276 1775 1361 posuit
1797 1274 1967 1342 mediator
2002 1275 2054 1343 leo
2089 1277 2290 1344 atrianense
2324 1276 2406 1344 fliius

557 1431 683 1500 stefani
706 1429 883 1514 piliosinu.
901 1430 936 1498 et
959 1429 1076 1497 taliter
1099 1387 1251 1496 scribere
1275 1427 1418 1496 fecimus
1440 1429 1473 1496 te
1497 1427 1656 1495 alderissi
1680 1426 1854 1493 notarium
1878 1426 1936 1512 qui
1959 1425 2177 1495 interfuistis.

614 1553 643 1666 †
658 1597 725 1664 ego
742 1580 800 1664 qui
818 1596 926 1664 supra
942 1578 1088 1646 ioannes
1103 1576 1220 1644 iudex.

1376 2077 1597 2160 CCCLI.

1339 2327 1394 2402 A.
1431 2326 1481 2404 D.
1519 2323 1623 2403 983.

620 2589 655 2724 †
677 2643 716 2706 In
732 2637 872 2704 nomine
888 2634 1019 2702 domini
1035 2632 1183 2704 secundo
1199 2650 1289 2700 anno
1311 2634 1526 2719 principatus
1541 2632 1660 2701 domni
1683 2633 1795 2700 nostri
1818 2634 1980 2700 mansoni
2004 2632 2180 2718 imperiali
2204 2635 2354 2720 patricio
2372 2637 2402 2702 et

554 2789 673 2857 domni
688 2789 832 2856 iohanni
850 2787 924 2854 eius
940 2787 1013 2854 fllio
1029 2787 1174 2871 gloriosi
1190 2786 1419 2871 principibus,
1438 2803 1558 2852 mense
1573 2786 1704 2870 aprelis
1716 2784 1900 2853 undecima
1913 2785 2114 2853 indictione.
2130 2786 2401 2856 memoratorium

554 2942 648 3008 iactu
663 2957 685 3008 a
701 2959 755 3007 me
772 2939 862 3006 mari
878 2939 950 3006 illio
967 2938 1141 3006 hamuniti
1157 2937 1200 3006 de
1215 2938 1370 3016 nuceria,
1389 2956 1429 3006 eo
1445 2937 1535 3023 quod
1553 2939 1633 3006 ante
1649 2937 1833 3022 subscripti
1850 2940 1955 3007 testes
1971 2956 2035 3022 per
2054 2938 2143 3003 bona
2158 2937 2402 3004 combenientia

553 3090 698 3158 tradidit
712 3091 798 3157 milri
816 3091 909 3158 maio
925 3089 1018 3158 iilius
1034 3087 1207 3174 quondam
1222 3088 1351 3154 maioni
1368 3107 1438 3155 una
1455 3106 1532 3154 cum
1550 3087 1726 3156 hademari
1743 3087 1878 3153 notario
1895 3085 2138 3156 adbocatorem
2161 3104 2263 3154 suum
2286 3087 2398 3154 inclita

550 3245 736 3311 sortionem
754 3261 853 3310 suam
868 3242 911 3308 de
926 3245 1022 3309 terra
1037 3244 1147 3308 bacua
1163 3239 1205 3307 de
1221 3239 1407 3307 medietate
1431 3257 1602 3324 campum,
1621 3237 1679 3324 qui
1696 3239 1825 3305 dicitur
1840 3241 1926 3306 hare
1942 3238 2056 3324 ibique
2072 3239 2109 3307 in
2126 3241 2201 3325 ipso
2216 3241 2331 3307 locum
2346 3259 2401 3306 nu·

552 3393 644 3462 cerie
659 3411 723 3479 per
739 3395 803 3460 hec
819 3393 912 3460 finis:
931 3392 976 3459 de
991 3390 1079 3476 pede
1094 3391 1163 3458 fine
1180 3389 1318 3475 viaque
1336 3389 1432 3456 badit
1448 3389 1491 3456 ad
1508 3392 1623 3474 ponte,
1643 3389 1735 3456 etde
1752 3389 1867 3474 capite
1881 3391 2044 3458 similiter
2059 3392 2129 3460 fine
2141 3392 2200 3459 via
2211 3411 2279 3476 que
2290 3391 2402 3477 pergit

554 3543 597 3612 ad
613 3545 714 3614 stavi.
733 3564 796 3630 per
813 3545 887 3630 ipse
902 3544 982 3611 finis
998 3545 1122 3612 inclita
1136 3544 1320 3612 medietate
1331 3543 1374 3610 de
1387 3543 1463 3628 ipso
1479 3559 1605 3627 campu
1620 3561 1683 3610 sua
1698 3543 1850 3613 sortione
1866 3543 1953 3610 milri
1969 3543 2125 3631 tradidit3
2146 3545 2238 3612 unde
2254 3563 2319 3630 pro
2333 3546 2400 3613 tali·
2452 3573 2461 3621 s

553 3698 607 3764 ter
622 3696 756 3781 guadio
771 3697 857 3763 mihi
873 3695 969 3763 dedit
983 3715 1053 3764 una
1068 3715 1146 3764 cum
1162 3697 1275 3782 ipsum
1292 3715 1392 3764 suum
1408 3694 1652 3762 adbocatorem
1674 3697 1709 3763 et
1725 3695 1952 3763 mediatorem
1976 3697 2063 3764 mihi
2089 3698 2203 3781 posuit
2225 3697 2315 3764 mari
2338 3695 2402 3762 filio

555 3848 687 3917 maioni
703 3849 762 3915 tali
780 3848 939 3928 hordine,
958 3850 997 3914 ut
1013 3848 1137 3916 amodo
1151 3850 1185 3916 et
1201 3866 1309 3934 usque
1325 3847 1483 3916 sexenni
1499 3849 1661 3934 completi
1678 3848 1791 3916 licead
1808 3867 1864 3917 nie
1879 3850 1913 3918 et
1928 3820 2015 3916 meis
2037 3849 2223 3917 heredibus
2244 3851 2280 3917 et
2302 3847 2402 3915 homi·

555 4017 617 4067 nes
632 4017 731 4083 quem
747 4015 811 4066 nos
828 3999 874 4065 ibi
890 3998 1099 4077 miserimus,
1114 3996 1299 4068 medietate
1315 3998 1392 4082 ipso
1408 4015 1534 4083 campu
1546 3997 1589 4065 ad
1603 4002 1721 4066 nostra
1736 4001 1904 4084 potestate
1919 4002 2050 4078 tenere,
2065 4002 2100 4068 et
2115 4001 2234 4067 fobeas
2249 4003 2284 4066 et
2298 3998 2399 4065 omnis

554 4150 673 4217 nostre
689 4149 848 4218 utilitatis
862 4149 988 4216 ibidem
1006 4151 1130 4228 facere,
1149 4152 1184 4217 et
1200 4167 1263 4234 per
1286 4155 1440 4234 tempore
1464 4151 1543 4216 illut
1566 4169 1705 4218 aremus
1731 4155 1766 4217 et
1793 4150 2004 4217 seminemus
2030 4151 2065 4216 et
2091 4150 2352 4236 recolligamus,
2369 4153 2398 4216 et

552 4304 718 4388 quantum
734 4304 862 4371 victum
880 4302 962 4370 inde
977 4304 1099 4370 tollere
1115 4304 1170 4369 vel
1185 4305 1290 4370 abere
1305 4304 1519 4386 potuerimus
1535 4322 1643 4388 usque
1660 4304 1733 4388 ipso
1750 4305 1983 4383 constitutum,
1997 4307 2108 4372 totum
2119 4311 2239 4372 nostre
2254 4305 2302 4371 sit
2315 4305 2401 4388 pote·

551 4453 653 4520 statis
665 4453 862 4520 iaciendum
877 4454 957 4524 inde
971 4455 1089 4522 omnia
1100 4454 1189 4539 quod
1205 4456 1429 4544 boluerimus;
1446 4458 1581 4522 tantum
1598 4456 1641 4524 de
1656 4456 1746 4542 quod
1763 4474 1825 4541 per
1843 4460 1999 4541 tempore
2011 4455 2059 4522 ibi
2071 4456 2277 4524 seminatum
2291 4454 2397 4529 suerit,

551 4601 671 4670 demus
687 4602 767 4670 inde
782 4603 814 4672 ei
830 4605 1034 4671 terraticum
1050 4605 1239 4673 secundum
1256 4607 1540 4674 consuetudinem
1556 4607 1599 4674 de
1616 4607 1692 4691 ipso
1709 4610 1836 4693 locum3
1854 4609 1889 4674 et
1904 4626 1967 4692 per
1978 4608 2069 4674 bona
2080 4607 2332 4675 combenientia
2342 4623 2398 4689 per

553 4755 628 4838 ipsa
644 4753 774 4838 guadia
789 4755 958 4838 obligavit
975 4773 1010 4824 se
1027 4774 1175 4842 suosque
1190 4757 1333 4826 heredes
1350 4758 1471 4826 amodo
1488 4761 1523 4826 et
1538 4778 1643 4843 usque
1658 4759 1734 4844 ipso
1750 4759 1976 4828 constitutum
1993 4760 2174 4828 defensare
2198 4761 2285 4828 milri
2307 4763 2339 4828 et
2359 4756 2398 4824 ad

549 4907 638 4974 meis
656 4907 840 4977 heredibus
856 4908 979 4975 inclita
993 4910 1071 4994 ipsa
1087 4910 1271 4978 medietate
1286 4911 1329 4978 de
1345 4913 1421 4996 ipso
1436 4930 1560 4997 campu
1576 4931 1639 4979 sua
1652 4913 1802 4981 sortione
1817 4931 1896 4980 cum
1914 4913 1988 4980 vice
2003 4913 2045 4980 de
2068 4913 2125 4980 via
2140 4932 2237 4980 suaa
2253 4931 2330 4996 pars
2345 4929 2400 4996 ge

549 5059 681 5130 metrice
697 5063 732 5128 et
748 5061 965 5128 consortibus
980 5062 1067 5128 meis
1085 5063 1119 5128 et
1136 5062 1203 5127 hab
1219 5063 1380 5130 omnibus
1395 5065 1592 5132 hominibus
1609 5064 1771 5150 omnique
1786 5065 1946 5150 partibus
1969 5067 2005 5132 et
2026 5083 2097 5132 non
2122 5066 2199 5133 illut
2215 5067 2269 5134 vel
2284 5061 2399 5132 exinde

551 5214 634 5280 ante
650 5213 726 5298 ipso
742 5213 963 5281 constitutum
980 5215 1081 5282 nobis
1103 5216 1226 5282 tollere
1249 5218 1308 5282 sut
1330 5218 1501 5286 contrare.
1521 5217 1564 5284 ad
1589 5221 1763 5304 completo
1787 5219 1862 5305 ipso
1885 5220 2110 5288 constitutum
2138 5219 2248 5286 licead
2276 5235 2327 5284 me
2352 5217 2397 5282 eis

553 5363 739 5433 heredibus
755 5365 837 5433 inde
852 5367 953 5436 exire
968 5385 1045 5434 cum
1070 5366 1206 5434 edificio
1228 5385 1330 5452 quem
1358 5369 1429 5437 illis
1455 5369 1581 5452 diebus,
1601 5370 1730 5438 ibidem
1757 5371 1954 5439 abuerimus
1980 5374 2015 5439 et
2040 5390 2118 5438 cum
2145 5373 2260 5439 omnis
2286 5374 2396 5438 nostra

549 5530 666 5592 causa,
686 5516 721 5581 et
735 5515 788 5583 ire
805 5533 882 5584 cum
896 5516 960 5584 illo
981 5516 1040 5582 ubi
1064 5518 1276 5586 boluerimus
1298 5518 1374 5586 sine
1397 5521 1644 5588 contrarietate
1668 5521 1777 5606 ipsius
1800 5521 1931 5588 maioni
1954 5526 1989 5588 et
2011 5521 2054 5590 de
2076 5522 2151 5589 eius
2178 5520 2320 5588 heredes
2340 5521 2396 5584 aut

551 5667 675 5751 cuique
689 5667 886 5735 hominibus
901 5672 936 5737 et
951 5671 1122 5754 partibus,
1140 5669 1230 5758 quod
1247 5671 1277 5740 si
1293 5675 1412 5742 taliter
1428 5675 1494 5742 etc.
1513 5671 1654 5744 &utute
1668 5675 1778 5743 multa
1792 5675 1910 5740 docem
1925 5691 2112 5742 aureorum
2126 5672 2311 5739 solidorum
2324 5684 2396 5736 cour

551 5819 855 5888 stoutictcoorum.
873 5825 990 5889 etune
1005 5824 1142 5892 brebem
1159 5823 1281 5911 scripsi
1298 5843 1365 5910 ego
1381 5825 1564 5895 radoaldus
1580 5827 1739 5896 notarius
1754 5828 1814 5912 qni
1830 5826 1984 5896 interfui.
