5216 7092
1006 553 1380 627 olrtollarlcbs
2008 579 2069 640 227

251 796 418 878 dedisset,
435 801 470 867 61
494 800 585 869 inter
608 801 659 866 eis
682 799 869 867 iudicatum
892 792 1019 878 suerat,
1045 802 1083 866 ut
1105 799 1181 885 ipse
1205 818 1348 870 maurus
1370 803 1556 872 secundum
1581 805 1695 889 legem
1719 805 1848 887 iurare,
1868 811 1906 876 ut
1930 810 2007 896 ipsa
2021 829 2114 892 casa,

254 951 346 1019 sicut
367 950 528 1019 edificata
550 955 614 1029 est,
632 952 667 1020 et
682 950 758 1037 ipsa
781 953 878 1018 16116
900 951 1086 1050 1166661116
1102 953 1137 1019 et
1153 953 1228 1038 ipse
1244 954 1383 1039 genitor
1399 955 1473 1024 eius
1488 975 1552 1042 per
1567 957 1718 1043 triginta
1735 978 1845 1029 annos
1867 963 2113 1047 possedissent,

258 1107 294 1174 et
315 1107 450 1173 nullum
474 1123 614 1176 censum
638 1103 681 1172 ad
703 1124 785 1191 pars
808 1105 916 1191 ipsius
939 1106 1083 1174 ecclesie
1106 1105 1185 1174 inde
1207 1106 1380 1188 dedisset,
1407 1111 1442 1177 61
1463 1111 1598 1195 pariter
1620 1131 1726 1197 super
1749 1114 1828 1200 ipsa
1850 1117 1947 1185 terra
1979 1120 2014 1186 61
2037 1137 2116 1186 casa

253 1258 485 1342 perrexerant
506 1259 542 1325 et
565 1258 820 1325 monstraberat
842 1255 918 1342 ipse
941 1275 1079 1324 maurus
1101 1258 1177 1342 ipsa
1200 1277 1291 1337 casa,
1317 1259 1418 1328 sicuti
1440 1261 1600 1331 edificata
1626 1265 1702 1332 erat
1724 1265 1770 1333 da
1796 1267 1913 1335 andito
1936 1269 1995 1354 qui
2019 1273 2071 1338 est
2093 1289 2115 1338 a

252 1407 338 1474 16116
362 1407 439 1492 ipso
462 1407 595 1493 pariete
617 1406 660 1475 de
683 1407 798 1474 fronte
821 1407 863 1473 de
885 1408 962 1493 ipsa
986 1400 1067 1475 casa
1089 1410 1123 1475 et
1145 1408 1266 1494 pergit
1297 1427 1405 1494 usque
1438 1412 1507 1479 alio
1542 1411 1672 1493 audito,
1699 1433 1762 1500 per
1796 1420 1974 1488 mensuria
2008 1421 2113 1507 pedes

256 1561 494 1647 quadraginta
516 1562 669 1648 quinque
692 1565 726 1630 et
749 1562 792 1629 de
815 1562 995 1648 longitudo
1020 1581 1125 1648 usque
1147 1564 1223 1648 ipsa
1246 1563 1325 1650 ripa
1346 1567 1380 1633 et
1396 1565 1438 1632 de
1455 1583 1560 1650 super
1576 1567 1645 1635 fine
1661 1569 1738 1654 ipsa
1754 1571 1845 1656 ripa,
1863 1575 1897 1640 61
1912 1573 1993 1641 inde
2009 1573 2113 1659 pedes

252 1715 486 1802 quadraginta
508 1715 671 1801 quinque.
690 1715 733 1782 de
756 1717 821 1782 hec
843 1734 925 1785 vero
948 1718 1045 1783 terra
1061 1717 1202 1796 cleosa,
1227 1717 1376 1802 qualiter
1398 1717 1558 1785 edificata
1580 1722 1666 1798 erat,
1693 1721 1767 1806 ipse
1781 1741 1923 1790 maurus
1938 1724 2110 1794 iuraberat

250 1867 297 1934 ad
322 1868 441 1935 sancta
463 1865 517 1934 dei
541 1866 744 1952 ei'bangelia
767 1869 801 1936 et
824 1865 975 1944 dixerat,
1000 1867 1084 1952 quia
1106 1868 1182 1953 ipsa
1204 1886 1295 1948 casa,
1314 1868 1404 1936 sicut
1419 1872 1624 1938 monstrabit
1646 1876 1680 1941 et
1696 1873 1857 1940 edificata
1871 1879 1923 1944 est
1938 1894 2016 1944 uum
2039 1881 2111 1946 solo

248 2020 344 2088 terre
367 2023 401 2087 et
424 2019 579 2088 sedimen
602 2037 722 2098 suam,
747 2023 782 2089 et
804 2021 882 2104 ipsa
905 2023 1001 2089 terra
1023 2039 1132 2088 vacua
1155 2040 1233 2088 cum
1258 2025 1379 2090 ambus
1401 1987 1521 2090 andita
1544 2043 1608 2108 per
1637 2025 1712 2110 ipse
1746 2025 1826 2092 finis
1861 2030 1896 2094 61
1921 2029 2107 2108 mensurio,

250 2174 342 2242 sicut
357 2175 558 2244 mensurata
575 2175 641 2240 1611
656 2173 699 2241 ad
716 2191 853 2240 manum
870 2173 980 2258 ipsius
995 2174 1143 2240 dauferii
1161 2135 1279 2254 iudici,
1298 2177 1348 2243 616
1364 2176 1445 2244 11166
1467 2177 1526 2245 1116
1548 2179 1582 2244 61
1605 2178 1681 2262 ipse
1704 2179 1843 2263 genitor
1866 2181 1940 2250 eius
1963 2200 2026 2267 per
2049 2184 2112 2250 tri-

253 2327 357 2409 g'inta
372 2343 479 2394 annos
496 2325 702 2411 possedisset
717 2328 752 2393 61
767 2325 990 2404 (1661666661,
1010 2331 1045 2393 61
1061 2329 1193 2444 nullam
1212 2346 1351 2395 censum
1368 2329 1405 2396 in
1421 2329 1580 2414 partibus
1595 2330 1705 2416 ipsius
1727 2333 1871 2401 ecclesie
1893 2333 1972 2402 inde
1995 2333 2107 2404 dedis-

245 2481 302 2546 set
315 2499 325 2564 3
359 2480 394 2544 et
418 2477 491 2562 ipse
515 2478 622 2544 61166
644 2495 721 2545 66111
747 2478 823 2563 ipso
847 2495 909 2544 suo
933 2477 1172 2545 advocatorem
1197 2497 1259 2564 per
1282 2483 1477 2564 susceptum
1501 2480 1671 2564 launegilt
1693 2481 1735 2546 ad
1761 2482 1839 2548 aliis
1862 2487 2112 2554 sacramentale

246 2632 321 2700 6166
339 2633 416 2716 ipsa
430 2634 648 2702 sacramenta
670 2631 825 2710 donabit,
844 2635 878 2698 et
901 2631 968 2717 ipsi
992 2632 1163 2700 nominati
1187 2633 1370 2711 iudicibus
1397 2632 1478 2700 dum
1494 2634 1612 2700 taliter
1634 2634 1746 2718 ipsum
1769 2654 1912 2704 maurus
1935 2639 2108 2706 iurantem

247 2784 419 2864 audierat,
434 2783 659 2862 iudicaberat‚
679 2787 717 2852 ut
732 2785 827 2850 omui
844 2788 999 2870 tempore
1016 2784 1084 2869 ipsi
1099 2786 1272 2852 nominati
1289 2803 1429 2852 maurus
1446 2789 1480 2853 61
1495 2787 1640 2854 mastalo
1652 2790 1687 2854 et
1698 2804 1816 2854 eorum
1833 2789 2016 2858 heredibus
2031 2803 2109 2876 pre

173 3009 176 3013 ,
252 2935 343 3002 dicta
357 2953 438 3002 casa
453 2937 487 3003 61
501 2939 596 3003 16116
612 2955 675 3021 per
690 2936 764 3020 ipse
780 2936 860 3003 finis
875 2938 910 3003 et
926 2937 1113 3004 mensuriis
1128 2937 1297 3004 securiter
1313 2939 1414 3005 61616
1430 2939 1464 3004 61
1479 2937 1657 3021 possidere
1671 2939 1746 3005 sine
1762 2941 2011 3007 contrarietate
2023 2961 2105 3026 pars

251 3088 362 3172 ipsius
377 3090 520 3158 ecclesie
535 3091 569 3156 et
585 3089 626 3156 de
642 3089 717 3156 eius
732 3091 938 3176 rectoribus3
955 3093 990 3157 et
1005 3091 1093 3156 aliut
1107 3089 1308 3159 continebat
1324 3091 1399 3175 ipse
1422 3090 1603 3174 scriptum.
1621 3091 1657 3157 et
1678 3091 1845 3175 scriptum
1871 3095 1948 3158 erat
1972 3111 2035 3176 per
2058 3095 2106 3160 io-

247 3241 380 3309 hannes
394 3243 566 3322 notarius
584 3245 618 3313 et
633 3243 760 3312 ibidem
778 3247 855 3312 6161
870 3244 993 3330 scripti
1009 3244 1185 3313 dauferius
1200 3246 1235 3311 et
1248 3244 1483 3329 radelgrimus
1499 3244 1682 3324 iudicibus,
1696 3245 1731 3310 et
1747 3247 1868 3328 petrus
1883 3209 2052 3322 notarius,
2071 3249 2106 3314 et

247 3393 325 3480 ipse
340 3413 441 3464 ursus
457 3397 627 3482 presbiter
651 3401 686 3464 et
708 3397 875 3464 notarius.
896 3414 973 3462 cum
997 3398 1111 3464 autem
1136 3397 1212 3482 ipsa
1229 3397 1403 3481 scriptore
1418 3397 1559 3464 fuerunt
1574 3398 1712 3476 relecta,
1732 3395 1823 3464 dixit
1838 3397 1912 3482 ipse
1928 3398 2045 3482 ligeri,
2071 3403 2110 3465 ut
2228 3413 2231 3418 ·

242 3546 318 3632 ipse
331 3548 513 3632 scriptum,
532 3567 636 3634 quam
653 3549 728 3634 ipse
744 3567 846 3616 ursus
863 3547 998 3628 ostedit‚
1019 3550 1144 3616 salsum
1161 3566 1249 3628 6666,
1268 3551 1303 3615 61
1319 3550 1394 3634 ipsa
1412 3551 1507 3616 terra
1521 3567 1599 3615 cum
1615 3567 1704 3628 casa,
1724 3567 1788 3634 que
1805 3549 1915 3634 ipsum
1936 3549 2104 3633 scriptum
2136 3516 2140 3522 Ι

244 3701 355 3787 ipsius
369 3702 443 3770 ursi
460 3703 626 3782 continet,
647 3723 820 3790 nunquam
838 3705 897 3770 ille
919 3705 1087 3770 tenuisset
1110 3705 1170 3770 aut
1192 3702 1413 3770 dominasset.
1439 3703 1530 3772 unde
1553 3703 1768 3787 interrogabi
1792 3703 1906 3788 ipsum
1931 3703 2049 3788 ligori,
2075 3707 2105 3771 si

245 3855 397 3939 potuerit
413 3873 476 3940 per
492 3856 689 3924 testimonia
704 3860 763 3923 aut
778 3875 842 3942 per
858 3856 1011 3942 qualibet
1025 3858 1196 3958 rationem
1213 3857 1365 3934 firmare,
1383 3855 1531 3940 qualiter
1548 3855 1607 3922 ille
1622 3855 1701 3940 ipsa
1715 3857 1810 3922 terra
1826 3859 1861 3922 61
1876 3873 1959 3922 6666
1974 3857 2103 3924 tenuis-

239 4009 291 4074 set
306 4010 367 4074 aut
384 3985 601 4078 dominasse't.
630 4009 687 4076 ille
709 4010 824 4075 autem
849 4008 1093 4086 manifestabit,
1115 4008 1197 4075 talia
1220 4008 1334 4074 166616
1357 4023 1427 4073 11611
1451 4008 1591 4090 potere:
1619 4005 1694 4089 ipse
1717 4024 1819 4073 ursus
1842 4005 1985 4078 dixit.u
2025 4009 2101 4091 ipso

238 4161 408 4245 scriptum
424 4178 524 4246 quam
540 4161 677 4240 ostedit‚
696 4179 852 4229 veracem
870 4178 955 4238 esse,
974 4162 1009 4227 et
1025 4161 1116 4226 iusta
1132 4161 1244 4244 legem
1261 4160 1360 4227 illum
1377 4155 1542 4227 adverare
1565 4159 1696 4242 potere.
1711 4157 1807 4226 Unde
1830 4157 1920 4224 inter
1943 4158 1994 4227 eis
2009 4157 2099 4224 iudi·
2235 4149 2237 4156 ‘

247 4312 321 4379 cabi
339 4315 374 4380 et
388 4312 545 4398 utrisque
561 4313 630 4381 illis
646 4313 816 4398 guadiare
833 4313 910 4390 1661,
929 4313 969 4378 61
983 4313 1058 4396 ipse
1082 4312 1186 4396 ligeri
1210 4328 1339 4396 parare
1360 4310 1567 4394 eubangelia
1589 4313 1624 4375 et
1645 4307 1719 4394 ipse
1742 4327 1844 4376 ursus
1868 4308 1960 4376 iusta
1982 4310 2097 4392 legem

238 4462 409 4534 adverare
425 4467 501 4550 ipso
515 4465 682 4550 scriptum
699 4484 802 4550 quam
820 4464 956 4544 ostedit‚
975 4469 1010 4532 et
1033 4465 1069 4531 in
1094 4464 1206 4549 ipsum
1232 4464 1488 4530 sacramentum
1512 4462 1667 4539 firmare,
1685 4461 1724 4528 ut
1747 4461 1823 4546 ipsa
1846 4463 1940 4526 terra
1963 4461 2100 4527 616666

240 4637 305 4704 per
320 4621 457 4704 expleta
472 4621 686 4705 possessione
701 4621 869 4689 tenuisset
885 4621 919 4687 et
935 4619 1159 4705 dominasset3
1177 4621 1211 4684 et
1226 4616 1285 4684 ubi
1300 4618 1419 4684 taliter
1434 4607 1516 4683 inde
1532 4615 1714 4696 iuraberit,
1732 4617 1816 4682 tunc
1839 4614 1912 4698 ipse
1934 4631 2038 4681 ursus
2059 4615 2095 4682 et

240 4771 314 4842 eius
329 4771 474 4842 heredes
489 4772 584 4840 omni
599 4775 753 4857 tempore
767 4774 840 4839 tota
855 4771 1094 4856 suprascripta
1108 4773 1206 4838 16116
1221 4788 1298 4836 cum
1315 4785 1396 4836 6666
1410 4785 1474 4853 per
1489 4766 1563 4852 ipse
1578 4767 1659 4835 finis
1674 4768 1709 4834 et
1724 4767 1918 4846 mensuriis,
1936 4785 2003 4853 que
2020 4766 2095 4852 ipse

240 4925 407 5010 scriptum
423 4925 498 4994 eius
514 4926 691 5005 continet,
709 4925 876 4993 securiter
898 4927 934 4990 61
955 4924 1102 4992 firmiter
1125 4924 1202 4991 illut
1225 4926 1328 4992 abere
1351 4925 1385 4992 et
1408 4921 1611 5008 possidere,
1636 4921 1806 4989 61166616
1829 4887 1956 4988 exinde
1979 4922 2094 4987 omnia

236 5073 328 5160 quod
352 5077 467 5144 volere
490 5076 564 5144 sine
587 5076 830 5143 contrarietate
853 5077 906 5144 vel
930 5073 1153 5160 requisitione
1175 5074 1286 5159 ipsius
1308 5072 1415 5158 ligori
1447 5074 1483 5140 et
1504 5072 1547 5140 de
1580 5072 1655 5140 eius
1689 5071 1858 5158 heredes3
1893 5070 1984 5139 unde
2017 5071 2093 5156 ipse

233 5227 343 5313 ligori
367 5229 482 5313 posuit
505 5225 729 5296 mediatorem
754 5247 855 5296 ursus
879 5227 1103 5307 atrianensis,
1122 5227 1181 5312 qui
1204 5226 1332 5296 dicitur
1355 5226 1594 5303 boccabitellu‚
1620 5224 1750 5309 etipse
1773 5240 1871 5290 ursus
1894 5221 2009 5306 posuit
2024 5239 2095 5288 me-

232 5381 404 5450 diatorem
432 5402 534 5452 ursus
555 5381 650 5450 filius
672 5380 795 5450 mauri.
814 5383 849 5450 61
863 5383 980 5450 1611161
1003 5382 1157 5468 66111616
1179 5382 1323 5450 fecimus
1346 5383 1380 5450 te
1396 5377 1621 5466 aghenardus
1644 5375 1799 5442 notarius
1814 5373 1873 5459 qui
1889 5373 2088 5441 interfuisti.

295 5507 415 5619 †ego
436 5535 493 5621 qui
519 5552 625 5620 supra
648 5533 804 5602 ademari
829 5533 945 5601 iudex.

302 5687 333 5751 A
357 5689 454 5772 16116
477 5687 577 5754 batos
597 5687 818 5756 6166116666
839 5686 927 5754 haec
948 5687 1144 5769 sequuntur.

293 5810 907 5924 10661661661166661111116111166
935 5836 1075 5904 luerunt
1100 5837 1240 5914 1616616,
1259 5833 1351 5902 dixit
1376 5833 1452 5918 ipse
1477 5832 1597 5918 ligeri,
1624 5833 1663 5900 ut
1690 5833 1766 5917 ipso
1792 5830 1960 5916 scriptum
1987 5847 2089 5916 quam
