5378 7098
1283 605 1444 676 ullbnx
1483 603 1717 676 cavensis

1344 1061 1655 1141 CCXXXII'.

1357 1307 1411 1383 A.
1451 1306 1502 1384 D.
1539 1301 1642 1382 965.

630 1572 664 1710 †
681 1628 720 1691 ln
738 1621 877 1689 nomine
892 1620 1023 1688 domini
1041 1636 1135 1685 anno
1150 1617 1325 1687 tricesimo
1341 1617 1445 1684 tertio
1461 1615 1678 1701 principatus
1693 1616 1810 1684 domni
1827 1619 1937 1684 nostri
1955 1618 2070 1702 gisolfi
2085 1619 2237 1703 glorioso
2254 1623 2423 1706 principe,

572 1793 690 1843 mense
705 1761 821 1842 i'unius
838 1773 955 1839 octaba
970 1769 1170 1838 indictione.
1190 1767 1472 1854 memoratorium
1489 1767 1581 1833 factu
1598 1767 1733 1834 anolus
1757 1767 1983 1852 truppoaldus
2010 1772 2045 1836 et
2072 1771 2164 1837 maio
2192 1773 2226 1846 et
2250 1771 2425 1856 iaquintus

567 1924 730 2014 germani
747 1923 812 1991 tilii
829 1915 1002 2008 quondam
1019 1922 1160 2000 maioni,
1181 1939 1222 1988 eo
1245 1919 1335 2006 quod
1360 1923 1441 1998 ante
1464 1920 1649 2004 subscripti
1674 1897 1778 1988 testes
1802 1922 2007 1989 volumtarie
2031 1940 2092 1990 sue
2108 1922 2240 2007 guadio
2255 1924 2355 1992 nobis
2369 1923 2426 1991 de

568 2082 620 2148 dit
635 2083 759 2148 corbus
775 2077 861 2146 liber
877 2080 980 2145 horno
998 2081 1032 2144 ot
1047 2075 1139 2144 lilius
1156 2073 1262 2158 (deest
1277 2073 1411 2159 norrreo)
1435 2075 1470 2140 et
1493 2073 1567 2158 ipse
1579 2073 1644 2140 sivi
1662 2072 1832 2141 mediator
1848 2073 1955 2152 exivi,
1974 2077 2009 2141 et
2026 2091 2088 2158 per
2105 2075 2181 2159 ipsa
2196 2051 2326 2161 guedia
2342 2079 2426 2144 obli-

572 2233 733 2320 garitae,
753 2236 792 2303 ut
806 2232 930 2300 amodo
948 2236 984 2300 et
1001 2249 1106 2316 usque
1122 2230 1273 2316 quinque
1290 2230 1372 2296 anni
1390 2229 1548 2314 complet
1567 2230 1685 2296 tenere
1700 2231 1734 2295 et
1750 2229 1910 2326 lavorare
1925 2231 2021 2295 terra
2035 2233 2153 2295 nostra
2175 2248 2252 2297 curn
2268 2231 2369 2298 vinea
2393 2237 2425 2298 ot

530 2363 535 2370 ¹
567 2407 715 2458 vacuum
732 2406 802 2456 uno
819 2387 983 2464 tenuante,
1002 2405 1068 2470 qne
1084 2384 1249 2454 habemus
1271 2384 1356 2450 soris
1379 2386 1482 2468 porta
1499 2384 1636 2450 rotense
1652 2383 1752 2448 iuxta
1775 2382 1919 2449 ecclesia
1935 2383 2046 2450 sancti
2064 2384 2161 2468 pauli
2184 2387 2220 2451 et
2242 2385 2356 2454 sancti
2372 2404 2425 2453 eo

569 2561 643 2610 sme
658 2559 721 2626 per
735 2543 800 2608 hec
815 2539 918 2607 linis:
937 2539 981 2606 de
997 2541 1114 2608 subter
1130 2539 1230 2623 parte
1245 2537 1315 2605 fine
1330 2537 1390 2604 bia
1405 2556 1471 2622 que
1488 2535 1645 2622 pervadit
1659 2534 1701 2602 ad
1719 2536 1796 2620 ipsa
1812 2539 1935 2620 porta:
1954 2534 1996 2603 de
2012 2535 2081 2603 alia
2098 2553 2245 2621 namque
2260 2557 2342 2624 pars
2358 2541 2424 2608 line

570 2694 667 2760 terra
683 2691 857 2776 episcopio
875 2690 1104 2765 salernitano,
1124 2688 1293 2774 quomodo
1309 2689 1460 2756 cristone
1474 2687 1642 2756 discernit
1658 2707 1664 2750 :
1684 2686 1727 2754 de
1744 2704 1849 2770 super
1864 2704 1944 2770 pars
1959 2686 2028 2753 fine
2044 2687 2195 2772 qualiter
2218 2690 2352 2760 ballone
2373 2690 2424 2757 di-

569 2847 722 2914 scernit:
748 2845 817 2913 alia
832 2863 915 2913 vero
932 2849 1031 2929 parte
1046 2844 1114 2912 fine
1131 2862 1220 2930 aqua
1236 2863 1300 2930 que
1316 2843 1358 2911 de
1374 2843 1486 2910 canali
1503 2840 1692 2919 descendit,
1712 2841 1771 2926 qui
1788 2839 1889 2907 modo
1905 2859 1967 2924 per
1984 2840 2135 2909 medium
2160 2843 2272 2927 ipsum
2290 2845 2424 2912 ballone

569 2996 743 3081 percurrit
757 3017 766 3082 3
785 2996 879 3064 infra
895 2961 970 3080 ipso
985 2995 1066 3062 finis
1081 2995 1155 3080 ipse
1170 2993 1309 3080 quidem
1326 2993 1421 3059 corbi
1437 2991 1559 3059 eadem
1575 2991 1676 3058 vinea
1692 2987 1901 3074 temporibus
1917 2989 1988 3056 suis
2005 2990 2178 3070 lavorare‚
2195 2995 2328 3077 potare,
2347 3011 2424 3078 pro-

569 3149 752 3235 paginare,
771 3150 898 3234 ligare,
918 3167 1081 3236 zappare,
1100 3151 1134 3216 et
1150 3166 1208 3216 eas
1223 3146 1397 3214 custodire
1413 3149 1449 3214 et
1463 3147 1561 3214 salba
1577 3144 1691 3213 faeere
1708 3146 1742 3211 et
1763 3143 1988 3222 bindemiare,
2008 3151 2043 3211 et
2069 3144 2186 3212 vinum
2214 3144 2328 3230 ipsum
2355 3163 2425 3214 me

568 3299 733 3370 dietatem
749 3303 848 3370 nobis
864 3301 950 3370 dare
965 3305 999 3370 et
1014 3300 1229 3370 medietatem
1243 3316 1302 3367 eos
1315 3299 1379 3368 sivi
1396 3299 1541 3367 habere:
1558 3301 1592 3366 et
1603 3297 1740 3383 quando
1751 3315 1813 3364 nos
1829 3296 1955 3364 ibidem
1969 3314 2052 3364 casa
2068 3297 2183 3366 facere
2198 3300 2422 3384 potuerimus,

571 3454 631 3520 ille
645 3457 762 3521 autern
780 3470 857 3519 eum
876 3469 985 3520 uxore
1002 3470 1064 3520 sua
1079 3451 1206 3522 ibidem
1222 3450 1376 3520 residere
1391 3453 1426 3519 et
1441 3450 1609 3528 habitare,
1628 3453 1663 3518 et
1678 3451 1790 3517 omnis
1806 3467 1868 3516 sua
1883 3448 2031 3518 utilitate
2053 3449 2100 3516 ibi
2125 3450 2251 3532 faeere,
2270 3455 2306 3520 et
2327 3453 2426 3520 vinea

572 3607 651 3690 ipsa
665 3607 731 3671 hoc
746 3622 876 3673 annum
892 3603 1066 3674 custodire
1082 3607 1116 3674 et
1131 3606 1229 3673 salba
1244 3603 1306 3671 illa
1321 3604 1421 3672 nobis
1437 3605 1563 3682 lacere,
1582 3605 1617 3670 et
1631 3605 1800 3688 quantum
1827 3603 1943 3669 vinum
1973 3606 2008 3669 et
2034 3603 2191 3688 frugiens
2216 3607 2282 3672 hoo
2297 3622 2424 3673 annum

571 3757 653 3827 inde
668 3757 809 3838 exierit,
829 3761 939 3827 totum
955 3775 1014 3825 eos
1029 3757 1130 3825 nobis
1145 3756 1231 3824 dare
1247 3758 1281 3824 et
1296 3758 1394 3824 nulla
1409 3755 1581 3824 sortiones
1597 3755 1696 3822 nobis
1711 3753 1792 3822 inde
1807 3756 1929 3824 tollere
1943 3759 2074 3841 querat.
2089 3761 2208 3844 preter
2220 3760 2320 3828 tollat
2330 3760 2428 3829 exin-

568 3911 611 3979 de
628 3912 694 3978 hoc
710 3891 840 3979 annum
856 3909 1041 3996 pectiolunr
1059 3901 1085 3996 ¹)
1104 3927 1220 3987 unum,
1235 3927 1318 3976 nam
1333 3907 1379 3975 da
1394 3909 1459 3975 hoe
1476 3925 1603 3976 annum
1621 3908 1776 3976 inantea
1801 3908 1901 3978 binca
1928 3909 2003 3993 ipsa
2029 3911 2188 3978 lavorare
2218 3929 2325 3997 usque
2351 3911 2427 3997 ipso

571 4061 806 4141 constitutum,
840 4061 929 4130 siout
951 4061 1195 4147 superlegitnr,
1215 4065 1249 4132 et
1272 4063 1438 4146 quantum
1463 4061 1619 4146 frugium
1636 4059 1681 4126 da
1696 4063 1762 4128 hoc
1778 4078 1906 4128 annum
1923 4062 1960 4128 in
1976 4066 2082 4132 antea
2098 4063 2177 4134 inde
2193 4065 2332 4144 exierit,
2359 4087 2428 4138 me

569 4213 666 4282 dium
689 4214 768 4282 illut
791 4215 889 4281 nobis
912 4213 997 4282 dare
1019 4218 1052 4282 ot
1077 4213 1228 4282 medium
1253 4230 1311 4281 eos
1334 4213 1401 4281 siri
1425 4214 1580 4301 habere;
1606 4215 1640 4282 ot
1664 4213 1694 4281 si
1718 4212 1793 4298 ipso
1817 4213 1974 4280 vacibum
2000 4233 2063 4283 nos
2089 4217 2273 4300 pastenare
2308 4221 2425 4303 potue

570 4368 692 4444 rimus
709 4369 793 4434 tunc
811 4367 898 4446 ¹hubi
921 4368 1001 4435 illut
1022 4369 1239 4452 pastenatum
1263 4369 1441 4446 habemus
1468 4367 1527 4436 ille
1552 4368 1667 4436 autem
1692 4366 1820 4436 exinde
1843 4385 1962 4435 curarn
1987 4375 2021 4436 et
2039 4369 2277 4454 bigilationem
2300 4373 2426 4442 habere

571 4521 606 4586 et
621 4519 755 4586 salbum
773 4518 853 4586 illut
869 4517 968 4586 nobis
985 4519 1111 4595 lacere,
1126 4520 1242 4585 tamen
1258 4535 1279 4584 a
1294 4518 1388 4586 circo
1404 4519 1441 4584 in
1457 4518 1536 4603 giro
1553 4522 1648 4588 terra
1665 4519 1743 4604 ipsa
1758 4537 1837 4624 cunr
1853 4519 1954 4589 vinea
1969 4523 2004 4588 et
2016 4539 2161 4590 vacuum
2175 4540 2219 4591 ex
2236 4523 2330 4592 omni
2346 4541 2426 4608 par-

569 4672 604 4738 te
620 4670 769 4748 cludere,
788 4674 830 4738 ut
849 4671 976 4740 ibidem
992 4673 1179 4741 animalem
1196 4671 1404 4740 maiorinum
1421 4673 1555 4740 intrare
1572 4691 1642 4740 non
1657 4676 1783 4758 posset.
1803 4675 1880 4742 etsi
1898 4675 2015 4742 taliter
2031 4677 2157 4755 omnia,
2183 4696 2248 4762 que
2264 4679 2421 4764 superius

572 4821 716 4908 legitur,
734 4823 856 4891 amodo
873 4826 1030 4910 eiusque
1046 4825 1120 4910 ipso
1136 4825 1360 4894 constitutum
1376 4827 1558 4895 nohisnon
1576 4826 1829 4911 adimpleverit,
1850 4831 1929 4895 tuno
1958 4849 2021 4913 per
2048 4830 2164 4901 eadem
2186 4831 2317 4917 guadia
2341 4834 2424 4902 obli-

569 4975 669 5061 gavit
684 4975 727 5044 ad
746 4975 1021 5063 componendum
1037 4978 1135 5046 nobis
1151 4977 1267 5047 decem
1284 4979 1412 5048 solidos
1428 4981 1700 5049 costantinianos
1724 4985 1758 5048 et
1773 4981 1891 5048 omnia
1907 4981 2006 5049 nobis
2029 4983 2232 5069 adimplere,
2259 4987 2347 5054 sicut
2369 5007 2425 5056 su·

567 5128 686 5212 penius
708 5128 876 5214 scripturn
894 5131 957 5214 est.
976 5133 1010 5198 et
1026 5133 1118 5218 hunc
1135 5133 1271 5200 brebem
1288 5133 1412 5218 scripsi
1430 5151 1497 5218 ego
1512 5133 1673 5205 radechis
1690 5135 1845 5202 notarius
1861 5139 1894 5202 et
1918 5135 2068 5204 interfui.

625 5251 655 5364 †
670 5297 737 5366 ego
752 5279 941 5348 audualdus
962 5371 967 5382 Ι

628 5403 740 5517 †eg0
757 5436 887 5516 petrus.

571 5597 642 5605 ——...
654 5597 756 5604 --—
764 5597 999 5606 ——--.....-—---..

634 5697 657 5767 ⁴)
672 5699 831 5764 Pectiolurm
848 5697 923 5754 idest.
936 5701 1049 5757 modica
1066 5709 1158 5758 lorrno
1174 5721 1249 5776 pars.
1270 5707 1437 5763 ¹irlrlrndnm
1454 5709 1509 5763 huc
1524 5709 1690 5780 exemploru
1707 5709 1750 5764 illi
1767 5710 1854 5763 allato
1871 5711 1898 5762 in
1916 5710 1958 5764 llu
1977 5707 2074 5782 Carrge
2090 5713 2142 5766 sub
2159 5728 2228 5768 voce
2248 5715 2390 5770 Poliolurn.
