5216 7092
1259 547 1420 620 CODEX
1465 547 1699 620 btvnllsls

1329 901 1575 982 CCCXL.

1316 1119 1371 1190 A.
1408 1115 1459 1192 D.
1496 1111 1600 1194 982.

595 1354 687 1492 †ln
702 1405 843 1473 nomine
858 1404 990 1474 domini
1006 1405 1120 1491 primo
1143 1424 1236 1473 anno
1261 1405 1480 1491 principatus
1502 1405 1621 1473 domni
1644 1407 1754 1474 nostri
1779 1409 1938 1476 mansoni
1961 1409 1996 1476 et
2018 1407 2137 1476 domni
2160 1411 2307 1478 iohanni
2332 1411 2395 1478 filii

536 1559 611 1626 eius
627 1557 772 1643 gloriosi
787 1557 1017 1644 principibus,
1037 1576 1155 1627 mense
1170 1558 1308 1642 magius
1323 1557 1456 1624 decima
1478 1557 1679 1626 indictione.
1700 1559 1983 1626 memoratorium
2007 1560 2134 1628 sactum
2157 1563 2255 1630 a'me
2277 1563 2399 1630 marti-

536 1731 604 1780 nus
620 1710 750 1778 domini
766 1711 1005 1779 misericordia
1020 1712 1126 1794 abbas
1141 1712 1284 1782 ecclesie
1299 1711 1411 1797 sancti,
1426 1712 1585 1790 maximi,
1599 1713 1658 1798 qui
1674 1713 1778 1780 situm
1795 1715 1848 1780 est
1864 1714 1958 1782 intus
1972 1715 2065 1782 hanc
2080 1713 2330 1782 salernitanam
2353 1716 2399 1781 ci·

537 1863 693 1958 bitatem
713 1864 747 1930 et
763 1879 831 1930 una
846 1880 980 1930 mecum
998 1861 1133 1932 adesset
1148 1861 1337 1947 guaiferius
1353 1861 1527 1931 castaldus
1542 1862 1784 1932 advocatorem
1801 1881 1928 1942 meum,
1942 1879 1984 1931 eo
1999 1861 2089 1948 quod
2105 1866 2185 1932 ante
2207 1865 2399 1948 supscripti

535 2013 681 2097 ydoneis
698 2014 894 2081 hominibus
910 2031 973 2098 per
990 2015 1078 2081 bona
1092 2012 1346 2080 combenientia
1361 2030 1423 2096 per
1435 2011 1617 2097 largiente
1631 2015 1666 2081 et
1680 2013 1896 2082 absolutione
1910 2013 1953 2081 de
1968 2013 2114 2083 heredes
2129 2013 2246 2081 domni
2267 2013 2399 2098 guaife-

536 2167 580 2234 rii
598 2164 765 2251 principis
782 2167 817 2232 et
830 2163 1048 2232 dominorum
1064 2165 1174 2249 ipsius
1189 2164 1334 2232 ecclesie
1356 2163 1482 2230 tradidi
1508 2163 1673 2248 guinardi
1697 2164 1786 2232 liber
1808 2166 1911 2231 homo
1933 2167 2028 2244 terra
2050 2184 2127 2233 cum
2150 2164 2398 2234 abellanietum

535 2324 570 2386 et
587 2293 732 2386 bacuum
746 2335 816 2386 uno
831 2318 995 2396 teniente,
1009 2317 1098 2403 quod
1116 2336 1197 2403 pars
1213 2318 1323 2403 ipsius
1338 2317 1483 2385 ecclesie
1499 2320 1577 2385 abet
1592 2318 1629 2384 in
1646 2321 1758 2386 locum
1775 2318 1963 2387 flumicellu
1977 2319 2037 2386 ubi
2053 2319 2196 2404 proprio
2212 2321 2398 2388 bolaczanu

534 2475 676 2540 bocatur
690 2465 847 2559 linibus⁴)
860 2468 967 2556 (deest
978 2470 1114 2561 nomen)
1126 2490 1188 2556 per
1199 2489 1238 2538 ec
1249 2471 1330 2575 finis
1341 2473 1375 2539 et
1386 2471 1571 2540 mensurie:
1588 2489 1609 2538 a
1621 2489 1704 2557 pars
1717 2471 1902 2540 occidentis
1914 2473 1983 2540 fine
1994 2472 2054 2540 bia
2065 2473 2164 2552 caba,
2178 2473 2261 2540 sunt
2271 2471 2398 2540 exinde

536 2643 656 2711 passos
672 2624 909 2711 quadraginta
923 2623 1010 2692 duo:
1030 2626 1156 2708 Apars
1172 2623 1316 2692 meridie
1338 2623 1407 2692 tine
1429 2624 1581 2708 predicte
1605 2626 1759 2703 ecclesie,
1779 2626 1860 2691 sunt
1878 2624 2005 2692 exinde
2028 2641 2149 2710 passos
2172 2625 2398 2710 septuaginta

536 2777 725 2862 quadtuor:
744 2777 787 2844 de
803 2777 872 2844 alia
888 2777 1000 2862 parte,
1018 2775 1108 2861 quod
1125 2779 1177 2843 est
1200 2777 1245 2843 ab
1268 2775 1424 2856 orientis,
1444 2778 1604 2845 similiter
1626 2778 1695 2846 fine
1717 2778 1828 2863 ipsius
1850 2777 2004 2856 ecclesie,
2023 2779 2105 2844 sunt
2127 2775 2255 2846 exinde
2278 2792 2399 2862 passos

537 2930 688 3015 triginta
703 2947 829 2997 unum:
849 2946 966 3014 apars
981 2929 1276 3014 septemtrionalis
1292 2929 1362 2997 fine
1379 2928 1533 3014 predicte
1549 2930 1704 3009 ecclesie,
1723 2932 1803 2996 sunt
1825 2895 1952 2997 exinde
1974 2947 2093 3014 passos
2116 2928 2301 3013 sexaginta
2324 2945 2396 3005 sex,

531 3085 649 3168 totum
667 3081 711 3149 ad
727 3081 817 3149 iusto
832 3099 939 3165 passu
955 3081 1089 3147 homini
1105 3083 1356 3150 mensuratum.
1376 3083 1441 3148 hec
1458 3083 1540 3149 bero
1556 3083 1669 3161 rebus,
1688 3083 1838 3167 qualiter
1854 3081 2014 3167 superius
2030 3080 2111 3149 linis
2126 3079 2237 3166 posite
2259 3082 2344 3148 sunt
2365 3083 2398 3144 et

527 3233 719 3334 ⁴mensurie
733 3234 809 3320 ipsa
824 3234 1011 3318 percurrit,
1029 3215 1136 3301 totum
1160 3237 1195 3303 et
1217 3233 1375 3301 inolitum
1399 3235 1477 3301 illut
1499 3235 1531 3301 ei
1554 3233 1761 3300 tradidimus
1785 3234 1846 3300 tali
1871 3232 2003 3312 ordine,
2022 3241 2060 3299 ut
2081 3232 2204 3299 amodo
2227 3233 2262 3300 et
2286 3249 2395 3316 usque

539 3385 658 3454 decem
674 3387 757 3453 anni
774 3387 936 3472 completi
952 3385 1062 3454 licead
1078 3386 1178 3452 illum
1193 3384 1319 3452 eteius
1335 3383 1480 3451 heredes
1494 3385 1568 3451 tota
1583 3384 1782 3469 supradicta
1797 3386 1898 3452 rebus
1921 3402 1982 3452 sue
2004 3384 2183 3468 potestatis
2207 3387 2348 3470 tenere3
2364 3385 2398 3452 et

541 3542 571 3608 si
586 3537 736 3606 voluerit
750 3536 876 3607 ibidem
894 3537 1050 3607 residere
1071 3542 1106 3609 et
1128 3538 1261 3609 abitare
1284 3541 1319 3606 et
1341 3537 1454 3605 omnis
1476 3556 1537 3605 sue
1560 3538 1705 3604 utilitati
1728 3537 1856 3604 ibidem
1879 3489 1995 3605 iacere
2016 3537 2109 3604 iusta
2131 3537 2279 3615 ratione,
2299 3537 2336 3602 et
2357 3533 2400 3601 de

540 3691 631 3778 quod
647 3692 844 3761 annualiter
860 3691 985 3761 ibidem
1002 3692 1206 3762 seminatum
1222 3692 1327 3759 fuerit
1342 3689 1464 3756 amodo
1480 3691 1514 3757 et
1528 3707 1635 3775 usque
1651 3690 1726 3774 ipso
1742 3691 1978 3768 constitutum,
1995 3687 2100 3756 deant
2114 3686 2240 3754 exinde
2256 3686 2293 3751 in
2311 3703 2394 3771 pars

541 3846 651 3931 ipsius
666 3846 811 3914 ecclesie
827 3845 1030 3914 terraticum
1046 3844 1233 3915 secundum
1249 3842 1531 3912 consuetudinem
1548 3840 1591 3910 de
1607 3843 1684 3927 ipso
1700 3843 1825 3921 locum,
1844 3846 1878 3911 et
1893 3843 1925 3910 si
1940 3843 2100 3921 noluerit,
2125 3841 2218 3910 omni
2242 3843 2398 3927 tempore

541 3997 720 4066 licentiam
737 4000 863 4066 abeant
876 3999 953 4089 ipse
967 3996 1163 4083 guidardus
1178 4000 1212 4066 et
1227 3997 1300 4066 eius
1314 3995 1458 4064 heredes
1473 3996 1547 4062 tota
1561 3995 1640 4079 ipsa
1663 3995 1766 4062 rebus
1789 4012 1853 4080 per
1876 3993 2040 4063 iamdicta
2063 3994 2144 4064 finis
2166 3997 2201 4064 et
2223 4001 2399 4068 mensurie

541 4169 619 4218 cum
636 4143 711 4218 bice
726 4151 769 4217 de
786 4150 844 4217 bia
858 4167 923 4218 sua
939 4151 1057 4218 tenere
1071 4148 1114 4216 ad
1132 4167 1193 4218 sue
1208 4148 1371 4233 potestati
1389 4150 1424 4215 et
1439 4147 1552 4216 omnis
1568 4164 1629 4214 sue
1645 4147 1789 4214 utilitati
1806 4146 1931 4215 ibidem
1947 4148 2060 4215 tacere
2082 4148 2171 4216 iusta
2193 4151 2347 4230 ratione,
2365 4157 2399 4219 et

539 4309 650 4372 totum
666 4306 743 4389 ipso
758 4305 1001 4372 abellanietum
1015 4304 1105 4372 alitis
1128 4303 1342 4387 temporibus
1364 4320 1466 4369 arare
1489 4303 1524 4370 et
1546 4301 1711 4379 stodiam,
1729 4304 1766 4369 et‘
1779 4320 1863 4368 cura
1885 4300 2011 4368 exinde
2035 4303 2150 4380 abere,
2175 4306 2210 4369 et
2233 4305 2400 4390 colligere

542 4459 617 4543 ipse
635 4459 793 4528 abellane
808 4459 844 4526 et
858 4475 996 4527 seccare
1011 4461 1047 4527 et
1061 4475 1125 4543 per
1140 4456 1293 4525 medium
1310 4457 1370 4524 ille
1385 4437 1553 4524 dividere:
1571 4473 1652 4542 pars
1668 4455 1778 4540 ipsius
1794 4457 1938 4526 ecclesie
1953 4457 2055 4524 tollat
2070 4456 2150 4523 illut
2164 4457 2397 4536 medietatem,

541 4613 576 4676 et
590 4611 650 4676 ille
665 4613 699 4678 et
713 4611 788 4678 eius
810 4609 956 4679 heredes
979 4609 1213 4696 medietatem3
1230 4611 1267 4677 et
1289 4611 1392 4694 quale
1416 4608 1559 4675 missum
1583 4606 1712 4674 ibidem
1735 4606 1907 4676 direxerit
1930 4625 2011 4693 pars
2034 4606 2143 4692 ipsius
2166 4609 2312 4676 ecclesie
2334 4625 2399 4693 pro

517 4761 776 4844 xrecipiendum
800 4762 878 4846 ipsa
899 4761 1051 4831 sortione
1073 4715 1117 4828 de
1140 4763 1215 4847 ipsa
1238 4757 1398 4840 ecclesia,
1424 4760 1506 4827 dum
1528 4778 1633 4846 usque
1657 4759 1785 4827 ibidem
1810 4761 1946 4828 steterit
1967 4777 2032 4845 pro
2056 4761 2294 4846 recipiendum
2326 4761 2400 4846 ipse

541 4916 710 4992 abelleno,
730 4914 788 4982 ille
803 4915 917 4982 autem
931 4915 966 4982 et
980 4913 1055 4982 eius
1069 4912 1215 4981 heredes
1229 4931 1307 4981 eum
1330 4913 1463 4980 notrire
1485 4911 1672 4981 secundum
1688 4931 1753 4980 sua
1777 4913 2004 4998 possibilitate
2025 4913 2061 4980 et
2080 4867 2232 4998 recipiat
2254 4931 2333 4980 eum
2357 4913 2395 4978 in

541 5082 622 5134 casa
637 5083 708 5132 sua.
729 5068 763 5132 et
777 5063 819 5132 ad
837 5065 1000 5149 completi
1016 5064 1084 5150 ipsi
1101 5062 1219 5133 decern
1235 5065 1320 5133 anni
1336 5066 1396 5134 ille
1411 5067 1527 5132 autem
1542 5067 1578 5132 et
1593 5066 1665 5132 eius
1681 5064 1827 5133 heredes
1842 5066 1951 5133 totum
1966 5063 2043 5149 ipso
2055 5065 2214 5143 bacuum,
2229 5065 2289 5148 qui
2304 5064 2397 5130 intro

539 5219 614 5303 ipse
628 5215 709 5283 linis
725 5218 789 5296 est,
807 5218 910 5284 abeat
925 5217 1175 5286 abellanietum
1191 5217 1319 5284 factum
1335 5218 1369 5284 et
1384 5219 1553 5285 cultatum
1577 5219 1613 5284 et
1634 5219 1868 5302 cooperatum,
1888 5216 1978 5284 sicut
1999 5216 2095 5282 locus
2118 5216 2191 5312 ipse
2214 5216 2392 5292 meruerit,

540 5373 575 5437 et
589 5371 677 5440 sicut
693 5370 736 5438 de
750 5371 863 5438 tantos
882 5387 995 5438 annos
1010 5370 1256 5439 abellanietum
1273 5371 1442 5439 meruerit
1456 5388 1549 5459 essc3
1568 5375 1604 5440 et
1626 5371 1669 5438 da
1692 5372 1863 5456 completo
1886 5371 1962 5456 ipso
1985 5369 2209 5438 constitutum
2234 5369 2272 5437 in
2294 5371 2394 5436 antea

540 5522 817 5606 omnitempore,
835 5521 864 5592 si
882 5538 1001 5590 eorum
1017 5521 1203 5607 placuerit,
1221 5523 1331 5588 totum
1347 5521 1425 5588 illut
1440 5541 1502 5607 per
1518 5521 1679 5591 iamdicta
1695 5522 1776 5588 finis
1800 5525 1834 5589 et
1857 5521 2031 5590 mensurie
2046 5523 2165 5590 tenere
2186 5521 2229 5588 ad
2253 5539 2314 5590 sue
2334 5538 2395 5606 po-

537 5675 651 5743 testati
665 5691 743 5740 cum
760 5675 835 5743 bice
851 5673 894 5742 de
910 5675 968 5743 bia
984 5693 1059 5756 sua,
1078 5677 1112 5744 et
1127 5676 1237 5743 totum
1255 5675 1334 5744 illut
1349 5677 1510 5743 laborare
1532 5677 1567 5742 et
1583 5676 1717 5744 cultare
1732 5675 1822 5743 sicut
1836 5675 2013 5752 meruerit,
2033 5677 2069 5743 et
2083 5677 2211 5759 quante
2233 5675 2392 5741 abellane

598 5899 621 5970 ⁴)
643 5901 755 5955 Finitus
776 5898 971 5955 salernitanis.
