5210 7098
952 593 1322 669 lllPLOllATlCUS
1947 615 2006 678 341

199 857 263 924 per
279 837 429 906 medium
446 837 642 906 dividamus
658 856 737 906 cum
753 854 833 922 pars
849 833 1013 904 iamdicta
1027 825 1195 906 hecclesie
1209 839 1263 906 vel
1281 837 1355 908 eius
1371 841 1578 910 rectoribus:
1598 857 1680 924 pars
1696 839 1861 910 iamdicte
1881 843 2055 912 hecclesie

198 991 341 1077 eiusque
358 990 553 1058 rectoribus
569 991 693 1058 tollant
707 988 833 1057 exinde
847 987 1078 1069 medietatem,
1098 991 1134 1057 et
1149 1006 1212 1058 nos
1228 993 1428 1078 nostrosque
1444 991 1588 1060 heredes
1605 993 1768 1061 tollamus
1784 993 1910 1061 exinde
1926 993 2055 1063 medie-

202 1143 323 1208 tatem.
343 1145 377 1208 et
392 1139 434 1208 de
448 1159 549 1226 quem
567 1139 694 1207 ibidem
710 1140 1009 1219 seminaverimus
1025 1159 1126 1208 omne
1143 1159 1272 1209 annum
1285 1141 1405 1210 demus
1420 1141 1462 1209 ad
1475 1160 1557 1228 pars
1572 1142 1733 1212 iamdicta
1745 1143 1916 1211 hecclesie
1929 1143 2054 1212 exinde

198 1297 402 1363 terraticum
420 1295 609 1364 secundum
627 1294 905 1363 consuetudinem
923 1295 1034 1379 ipsius
1052 1297 1147 1374 locis,
1165 1299 1199 1382 et
1215 1297 1293 1382 ipsa
1308 1297 1463 1366 sortione
1479 1315 1597 1366 eorum
1613 1297 1657 1365 de
1673 1297 1748 1383 ipso
1771 1298 1901 1376 vinum,
1919 1316 1986 1384 que
2009 1297 2053 1366 ad

196 1464 283 1531 pars
298 1447 460 1514 iamdicte
476 1447 620 1515 ecclesie
635 1447 852 1526 devenerint,
871 1465 934 1515 nos
950 1449 1153 1532 nostrosque
1168 1447 1311 1516 heredes
1335 1449 1413 1517 illos
1436 1466 1558 1516 eorum
1583 1450 1763 1534 portamus
1786 1450 1828 1516 et·
1843 1465 2052 1533 reponamus

197 1603 235 1670 in
251 1619 410 1687 organea
425 1601 581 1688 ipsorum
598 1602 642 1669 ad
667 1603 734 1688 ipsi
758 1603 864 1687 pariti
889 1603 932 1669 de
955 1603 1111 1680 nuceria,
1131 1603 1189 1670 ubi
1213 1603 1371 1688 reposita
1394 1603 1529 1670 abuerit
1552 1620 1705 1688 organea
1728 1601 1769 1670 ad
1794 1603 1909 1688 ipsum
1932 1604 2052 1670 vinum

193 1755 443 1856 recipiendum,
461 1759 495 1824 et
513 1755 655 1824 missum
672 1775 772 1824 suum
797 1774 897 1842 quem
922 1749 969 1821 ibi
994 1755 1165 1822 direxerit
1189 1774 1251 1840 per
1276 1755 1351 1840 ipse
1374 1755 1560 1834 vindemie,
1579 1773 1642 1824 nos
1666 1753 1765 1823 illum
1788 1756 1981 1822 nutriamus
2007 1753 2051 1821 de

193 1910 316 1976 nostra
332 1907 492 1988 vibenda,
510 1909 590 1977 dum
608 1909 734 1978 ibidem
752 1911 888 1978 steterit
905 1909 949 1978 ad
967 1911 1043 1996 ipso
1059 1909 1178 1976 vinum
1196 1910 1445 1994 recipiendum,
1465 1912 1500 1977 et
1515 1909 1635 1978 demus
1657 1911 1708 1977 eis
1733 1908 1807 1994 ipso
1831 1909 2053 1993 palmentati-

194 2078 286 2139 cum,
304 2061 394 2129 sicut
408 2062 619 2130 consuetudo
634 2065 696 2130 est.
715 2062 805 2147 quod
821 2063 851 2128 si
868 2064 988 2131 taliter
1004 2063 1070 2130 etc:
1093 2059 1231 2132 Stututu
1241 2078 1333 2145 pecu
1347 2063 1472 2147 cipitata
1494 2062 1575 2130 ouri
1597 2061 1783 2127 solidorum
1805 2062 2052 2130 coustanrmto-
2150 2104 2151 2108 =

193 2229 331 2293 amaru,
350 2231 413 2296 pro
430 2217 549 2296 pactis
570 2231 638 2280 acu
660 2218 817 2284 soractis.
837 2215 963 2283 iterum
987 2219 1022 2284 et
1045 2235 1108 2302 per
1132 2217 1252 2285 eadem
1280 2216 1412 2302 guadia
1435 2216 1666 2302 obligavimus
1694 2232 1768 2294 nos,
1795 2232 1897 2282 omne
1921 2233 2049 2282 annum

193 2369 391 2437 conciemus
406 2368 449 2435 ad
467 2388 547 2454 pars
565 2370 727 2438 iamdicta
752 2372 918 2439 hecclesie
942 2373 1053 2439 sancti
1079 2372 1224 2439 maximi
1248 2372 1361 2457 ipsum
1387 2390 1577 2456 organeum
1601 2370 1644 2438 de
1667 2370 1825 2437 nostrum
1842 2369 1973 2448 ordine,
1993 2369 2051 2435 ubi

197 2540 405 2606 reponamus
429 2497 507 2606 ipsa
530 2524 683 2590 sortione
707 2541 826 2590 eorum
849 2522 892 2590 de
914 2524 991 2608 ipsc
1014 2524 1145 2604 vinum,
1165 2525 1223 2591 ubi
1248 2525 1386 2592 abuerit
1409 2541 1565 2608 organea
1588 2521 1740 2607 reposita
1763 2519 1806 2586 ad
1831 2521 1904 2605 ipso
1929 2519 2049 2590 vinum

194 2675 447 2762 recipiendum.
1607 2639 1608 2642 Ἴ

251 2799 280 2908 †
304 2846 370 2912 ego
395 2828 497 2913 guiso
519 2830 677 2895 notarius
701 2827 843 2897 interfui
865 2833 899 2896 et
922 2831 1015 2895 hunc
1039 2831 1177 2897 brebem
1201 2830 1325 2914 scripsi

234 2953 281 3067 †
304 3000 370 3068 ego
393 3001 582 3051 cernamus
605 2984 775 3068 presbiter
798 2987 833 3053 et
854 2986 958 3051 abbas

251 3106 281 3219 †
303 3154 369 3220 ego
392 3140 511 3220 petrus
533 3135 697 3204 diaconus

250 3261 279 3374 †
303 3308 368 3374 ego
393 3292 493 3374 petru

250 3411 279 3522 †
303 3456 370 3524 ego
392 3439 568 3508 maraldus
591 3440 748 3507 notarius
773 3459 828 3507 me
854 3440 1056 3523 subscripsi.

961 4035 1277 4114 GCCCLVI.

947 4315 1032 4414 a.
1071 4315 1121 4391 o.
1160 4311 1264 4392 aaa.

281 4659 514 4726 Surruuurauuc
531 4681 557 4742 »-

248 4757 283 4894 †
306 4809 405 4877 Anno
428 4809 561 4876 decimo
584 4809 802 4896 principatus
825 4807 988 4875 lobannis
1013 4810 1048 4874 et
1069 4809 1192 4892 quarto
1218 4807 1408 4874 Guaimarii
1436 4808 1500 4874 filii
1528 4808 1615 4886 eius,
1634 4826 1752 4876 mense
1770 4809 1931 4876 Ianuario
1948 4813 2050 4877 sexta

192 4959 394 5028 indictione.
413 4963 506 5028 Haec
534 4963 659 5028 charta
685 4960 727 5028 de
753 4959 869 5027 eadem
898 4960 1068 5027 locatione
1095 4960 1271 5045 predictae
1298 4960 1469 5028 clusuriae
1492 4961 1535 5029 de
1558 4964 1653 5029 terra
1677 4961 1712 5026 in
1735 4963 1811 5028 loco
1835 4963 2050 5030 Barbaciano
2154 4993 2157 5000 ,

191 5114 279 5197 agit,
298 5112 341 5181 de
356 5132 423 5199 qua
445 5113 662 5200 antecedens3
689 5116 724 5180 ct
747 5115 800 5180 est
822 5112 1010 5180 declaratio
1035 5113 1200 5179 Gennami
1223 5112 1357 5181 abbatis
1375 5117 1410 5181 et
1426 5091 1570 5182 rectoris
1597 5113 1786 5183 hecclesiae
1810 5113 1919 5182 sancti
1937 5113 2047 5181 Maxi-

193 5265 253 5340 mi,
272 5283 341 5349 qua
364 5265 482 5333 eodem
507 5269 606 5350 pacto
630 5266 815 5351 iisdemque
838 5267 1038 5334 muneribus
1061 5265 1104 5332 ad
1129 5266 1245 5334 decem
1275 5285 1385 5334 annos
1408 5269 1582 5334 clusuram
1605 5265 1802 5331 iamdictam
1821 5265 1912 5330 locat
1940 5267 2044 5332 Petro

194 5414 266 5482 illio
282 5415 360 5487 Ursi
375 5421 410 5485 et
424 5418 542 5486 Cicero
559 5417 631 5484 tilio
647 5417 724 5484 Adi.
744 5417 835 5486 ldcm
853 5419 1011 5486 notarius
1027 5419 1131 5486 Guiso
1147 5421 1236 5486 hanc
1254 5420 1409 5486 chartam
1428 5418 1597 5488 exaravit.

252 5571 390 5638 Adsunt
411 5570 535 5651 fibulae
556 5527 691 5639 testium
715 5596 746 5641 a.

254 5698 284 5809 †
309 5743 375 5810 ego
398 5727 499 5811 guiso
522 5725 674 5796 notamus
698 5728 838 5795 interlui
864 5730 898 5795 et
921 5729 1013 5796 bunc
1037 5730 1172 5796 brebem
1196 5729 1319 5812 scripsi

254 5851 283 5964 †
306 5898 371 5964 ego
395 5885 513 5964 petrus
535 5881 697 5950 diaconus
