5252 7102
856 601 864 614 ‘
979 583 1349 658 DIPLOMATICUS

1037 1039 1276 1120 CCCCL.

1010 1287 1066 1362 A.
1103 1287 1153 1364 D.
1191 1283 1296 1364 992.

293 1545 389 1676 †ln
412 1593 553 1662 nomine
575 1593 708 1662 domini
731 1612 823 1662 nono
847 1611 939 1661 anno
961 1594 1178 1680 principatus
1200 1593 1318 1662 domni
1345 1596 1456 1662 nostri
1483 1594 1627 1663 iohanni
1654 1597 1690 1664 et
1715 1600 1839 1684 quarto
1867 1617 1958 1668 anno
1992 1602 2089 1686 prin-

236 1744 376 1830 cipatus
398 1744 517 1817 domni
542 1747 717 1832 guaimari
744 1747 916 1816 616611116
941 1746 1086 1832 gloriosi
1109 1747 1341 1832 principibus,
1366 1765 1486 1816 mense
1509 1747 1627 1816 iunius
1652 1751 1775 1834 quinta
1789 1751 1991 1821 indictione.
2010 1754 2089 1824 ldeo
2190 1747 2196 1758 '

234 1897 296 1982 qui
319 1914 383 1965 nos
405 1897 576 1966 iohannes
593 1901 782 1966 monachus
804 1898 897 1966 illius
920 1897 1093 1985 quondam
1115 1899 1229 1965 mauri
1251 1899 1426 1978 monachi,
1444 1901 1478 1969 61
1492 1899 1709 1984 grimoaldus
1733 1905 1767 1969 et
1788 1905 1909 1988 661666
1925 1907 2087 1988 germani

232 2048 298 2116 filii
323 2049 495 2135 quondam
518 2050 656 2118 amandi
681 2048 740 2136 qui
762 2069 882 2119 sumus
903 2051 978 2118 thio
999 2053 1034 2119 et
1058 2052 1211 2136 nepotes,
1238 2055 1274 2118 61
1295 2053 1414 2136 petrus
1435 2050 1527 2118 111166
1550 2051 1723 2137 quondam
1746 2055 1886 2138 guisoni
1909 2056 2088 2126 616661661-

234 2219 325 2280 mus,
352 2202 517 2286 quoniam
540 2203 641 2270 nobis
663 2203 854 2271 nominatis
877 2203 951 2270 thio
969 2155 1016 2270 61
1032 2203 1212 2287 nepotibus
1235 2203 1469 2287 pertinentem
1491 2203 1557 2270 1611
1572 2207 1607 2271 61
1622 2207 1675 2271 661
1692 2206 1795 2272 rebus
1811 2223 1927 2290 apars
1940 2206 2089 2291 predicti

235 2352 352 2419 mauri
376 2352 569 2438 genitorem
596 2356 631 2422 61
654 2355 874 2423 abio-nostro
886 2355 923 2423 in
940 2357 1052 2422 locum
1076 2355 1205 2422 laurito
1229 2355 1440 2423 salernitane
1464 2355 1589 2441 finibus
1605 2374 1628 2424 a
1642 2356 1738 2425 ribus
1754 2358 1812 2442 qui
1829 2357 1957 2424 dicitur
1974 2375 2087 2438 cerra,

234 2519 346 2587 usque
374 2503 470 2571 ribus
498 2505 597 2591 altu3
625 2503 668 2573 de
694 2524 764 2591 qua
791 2505 884 2574 inira
910 2505 1088 2591 166611616
1111 2505 1200 2572 mihi
1223 2504 1424 2591 supradicto
1448 2506 1540 2602 petri
1560 2507 1600 2575 in
1617 2507 1819 2576 tamdictum
1835 2512 1948 2577 locum
1965 2511 2092 2578 laurito

235 2657 326 2723 mihi
342 2658 576 2741 pertinentem
597 2660 649 2728 est
670 2659 793 2726 inclita
814 2659 1004 2728 sortionem
1027 2677 1094 2744 que
1117 2659 1184 2726 1611
1206 2659 1416 2744 ragimperti
1440 2661 1601 2727 monachi
1625 2662 1789 2745 germani
1804 2663 1913 2747 ipsius
1931 2665 2043 2731 mauri
2055 2670 2091 2734 et

236 2809 302 2878 filii
328 2809 546 2896 guiselperti,
570 2811 661 2896 quod
684 2811 772 2878 mihi
796 2815 830 2879 61
855 2811 1036 2897 adelghise
1060 2813 1159 2880 uxori
1183 2831 1258 2880 mee
1280 2813 1396 2880 datum
1420 2813 1484 2882 1611
1505 2816 1550 2882 ab
1566 2813 1641 2900 ipso
1657 2814 1889 2900 ragimperto.
1908 2815 2001 2884 unde
2012 2821 2093 2885 ante

234 2965 434 3050 subscripto
456 2965 592 3032 notario
615 2967 651 3032 et
671 2969 777 3034 testes
800 2965 925 3034 ostedit
946 2967 1085 3034 firmam
1110 2967 1278 3034 cartulam
1300 2985 1375 3036 6666
1398 2968 1648 3036 continentem:
1666 2967 1710 3037 de
1725 2968 1986 3054 quartodecimo
2001 2987 2092 3038 anno

236 3114 459 3200 principatus
480 3116 599 3184 domni
627 3117 755 3203 gisolfi,
775 3136 892 3186 meuse
914 3117 1094 3220 16666666
1116 3116 1236 3202 quinta
1252 3117 1452 3198 indictione,
1471 3119 1545 3203 ipse
1560 3121 1765 3205 raginperto
1781 3123 1970 3188 monachus
1994 3139 2092 3190 socer

236 3285 336 3336 meus
363 3267 504 3335 donavit
532 3269 620 3335 mihi
648 3273 683 3336 et
710 3269 820 3355 ipsius
848 3269 1029 3354 adelghise
1055 3270 1129 3337 filia
1157 3287 1220 3338 666
1242 3287 1330 3336 uxor
1351 3288 1438 3350 mea,
1464 3269 1601 3356 quando
1622 3289 1699 3340 eam
1723 3269 1962 3356 disponsatam
1979 3271 2089 3350 abuit,

236 3418 354 3487 omnis
381 3421 483 3490 rebus
507 3422 708 3488 substantiis
730 3422 800 3488 6616
823 3422 911 3507 quod
936 3422 1031 3488 abuit
1047 3420 1082 3490 in
1098 3423 1254 3508 predicto
1277 3424 1390 3489 locum
1414 3423 1555 3500 laurit0,
1573 3422 1662 3508 quod
1678 3421 1748 3489 eia
1769 3441 1853 3507 6666
1869 3421 2093 3506 ipsiusgeni-

235 3569 306 3637 tori
330 3587 393 3639 suo
416 3572 521 3638 abere
542 3573 705 3652 subcessi,
725 3577 759 3641 et
775 3572 1091 3659 quomodocumque
1113 3571 1240 3640 ibidem
1262 3573 1294 3640 ei
1319 3571 1532 3657 pertinentes
1555 3575 1620 3641 1611
1636 3575 1739 3640 abere
1754 3573 1792 3639 in
1806 3575 1922 3639 monte
1939 3589 2043 3656 quam
2059 3574 2095 3638 et

236 3723 413 3808 inplebo,
433 3727 542 3792 totum
567 3727 602 3792 et
624 3724 801 3810 integrum
824 3742 902 3791 oum
926 3725 1007 3792 finis
1030 3728 1065 3792 61
1087 3725 1162 3793 vice
1184 3724 1227 3795 de
1250 3726 1316 3793 biis
1343 3727 1471 3795 suiset
1494 3744 1573 3793 cum
1597 3723 1714 3793 omnia
1736 3725 1827 3791 16166
1849 3744 1887 3792 66
1910 3724 2092 3794 6166611166
2211 3765 2215 3772 -

235 3873 396 3943 funditus
419 3893 478 3944 eos
500 3877 599 3946 nobis
621 3876 764 3944 donavit
786 3876 830 3944 ad
854 3893 973 3944 securo
996 3875 1136 3943 nomine
1157 3893 1221 3943 nos
1244 3879 1278 3942 61
1300 3877 1430 3944 6661616
1452 3876 1611 3944 eredibus
1633 3876 1712 3942 illut
1734 3873 1905 3942 abendum
1930 3876 1965 3940 61
1981 3874 2096 3939 omnia

238 4025 365 4094 exinde
401 4027 595 4097 laciendum
625 4046 691 4113 quc
714 4028 951 4114 boluerimus3
977 4029 1106 4112 preter,
1132 4027 1162 4094 si
1186 4027 1264 4116 ipsa
1287 4044 1375 4093 uxor
1398 4045 1476 4094 mea
1497 4028 1650 4111 habsque
1672 4025 1755 4092 111116
1778 4025 1915 4093 filiabus
1939 4027 2021 4091 6616
2043 4040 2096 4090 me

240 4177 384 4245 defunta
407 4178 525 4257 166611,
550 4178 617 4248 due
639 4179 743 4249 sortis
766 4197 810 4248 ex
823 4180 963 4265 integra
985 4179 1206 4247 donationem
1223 4163 1440 4247 roberterent
1463 4179 1505 4246 ad
1525 4181 1727 4264 potestatem
1752 4179 1860 4264 ipsius
1883 4177 2096 4264 ragimperti

238 4330 400 4396 monachi
424 4330 515 4400 etde
531 4333 605 4400 6166
627 4333 755 4412 credes,
781 4332 914 4417 reliqua
930 4331 1069 4399 tertiam
1077 4335 1220 4417 partem
1238 4332 1361 4401 flerent
1376 4332 1419 4399 ad
1432 4335 1603 4418 potestate
1620 4349 1695 4399 mea
1711 4334 1747 4399 ct
1761 4331 1803 4399 de
1818 4331 1903 4400 meis
1922 4331 2093 4412 eredibus,

237 4479 442 4555 faciendum
465 4505 532 4572 que
554 4486 775 4554 bolucrimus.
795 4485 854 4554 Set
869 4502 947 4554 cum
973 4485 1050 4570 1666
1073 4501 1161 4551 uxor
1183 4503 1259 4554 mea
1281 4485 1427 4552 desunta
1447 4437 1524 4564 1611,
1538 4484 1629 4552 filios
1645 4488 1680 4552 et
1701 4485 1793 4551 filias
1816 4487 1894 4569 6661
1909 4503 2010 4553 suum
2026 4483 2098 4552 dis-

233 4659 380 4713 cessum
406 4640 557 4728 reliquit,
583 4642 685 4708 rebus
711 4640 789 4725 1666
811 4641 948 4726 legibus
963 4658 986 4709 a
1001 4657 1068 4724 quo
1083 4638 1224 4706 mundio
1239 4639 1314 4706 6166
1330 4640 1417 4705 mibi
1433 4639 1645 4724 pertinentes
1657 4638 1734 4716 1611,
1748 4639 1852 4705 rebus
1868 4639 1946 4723 ipsa
1960 4637 2101 4722 integra
2119 4724 2123 4732 .

245 4799 334 4868 mibi
356 4800 459 4866 abere
482 4794 657 4872 successit,
683 4810 748 4878 pro
770 4791 893 4878 quibus
919 4810 995 4861 cam
1021 4809 1085 4876 per
1108 4790 1251 4858 mundio
1274 4808 1387 4858 meam
1411 4791 1503 4858 16611.
1530 4793 1639 4868 Quam
1662 4792 1697 4860 et
1721 4789 1848 4857 ostedit
1869 4808 1935 4875 ego
1958 4789 2096 4868 exinde,

244 4953 400 5038 qualiter
415 4955 493 5038 1666
509 4951 610 5037 guiso
622 4949 761 5035 genitor
777 4967 873 5018 meus
888 4947 932 5015 de
946 4947 1025 5031 ipsa
1040 4947 1144 5015 rebus
1159 4946 1325 5013 66616616
1339 4945 1406 5012 1611
1421 4962 1499 5012 cum
1514 4946 1598 5013 milo
1615 4945 1688 5013 filio
1704 4925 1909 5030 radelgrimi
1926 4903 1969 5011 ed
1987 4991 2097 5008 .....
2199 4997 2205 5004 .

244 5105 373 5174 exinde
396 5103 606 5183 faciendum,
626 5107 661 5172 61
677 5113 742 5188 666
759 5102 833 5169 bico
848 5120 923 5170 mea
939 5099 1064 5168 ostedit
1080 5100 1158 5186 ipsa
1173 5101 1270 5166 66616
1285 5098 1485 5166 donationis
1499 5097 1546 5165 da
1562 5098 1638 5183 ipso
1655 5097 1861 5182 raginperto
1876 5095 2048 5162 monacho
2063 5099 2100 5164 et

246 5258 326 5324 ante
351 5255 528 5341 presentia
551 5254 757 5340 radelgrimi
779 5251 887 5321 iudici
910 5253 1008 5319 carta
1029 5249 1108 5335 ipsa
1131 5252 1268 5318 ostensa
1290 5247 1412 5317 161161
1434 5249 1585 5335 6616616;
1610 5249 1645 5314 61
1668 5245 1790 5313 aderat
1813 5243 1862 5310 ibi
1885 5244 1959 5329 ipse
1982 5260 2101 5312 socero

245 5429 353 5479 meus.
369 5412 403 5479 61
414 5427 491 5477 cum
504 5411 600 5476 carta
610 5409 689 5493 ipsa
704 5407 874 5491 religente
885 5405 1029 5484 audibit,
1044 5401 1286 5472 manisextabit
1296 5420 1334 5470 se
1349 5400 1546 5480 dicendum,
1565 5403 1611 5477 61,
1629 5398 1720 5465 61661
1734 5355 1924 5475 continere,
1943 5395 1980 5461 in
1993 5394 2103 5462 omni-

247 5565 309 5630 bus
325 5579 466 5631 veraces
481 5561 592 5630 exeet
606 5576 664 5628 666
678 5559 860 5628 defensare
875 5558 975 5626 nobis
990 5557 1163 5642 poterent,
1184 5557 1218 5623 et
1233 5573 1297 5640 per
1313 5553 1477 5622 iudicium
1494 5552 1604 5636 ipsius
1628 5548 1832 5635 radelgrimi
1848 5547 1955 5617 iudici
1971 5548 2050 5614 illut
2066 5548 2104 5615 in

247 5734 387 5784 manum
411 5713 573 5783 conmisit
595 5713 705 5800 ipsius
722 5713 809 5792 mili,
828 5713 863 5781 ct
878 5710 968 5780 inter
984 5731 1019 5781 se
1034 5711 1176 5778 suerunt
1192 5707 1351 5795 guadiati
1366 5704 1431 5791 pro
1447 5705 1523 5822 bico
1538 5722 1617 5772 mea
1632 5721 1695 5788 per
1711 5704 1830 5788 666166
1847 5700 2048 5786 plicaudum
2066 5719 2103 5768 se

248 5885 327 5937 cum
353 5865 426 5935 suis
450 5865 643 5935 rationibus
666 5867 701 5933 et
723 5863 910 5935 secundum
934 5865 1048 5948 legem
1071 5861 1153 5930 inde
1175 5861 1280 5929 finem
1302 5859 1467 5926 16666661.
1493 5862 1592 5928 Ν666
1615 5860 1729 5926 autem
1753 5856 1841 5923 bnos
1864 5853 2024 5920 omnibus
2046 5867 2103 5918 66-
