5216 7092
619 582 682 644 lll
1285 571 1449 644 CODEX
1493 573 1726 646 CAVENSIS

575 811 716 894 legitur,
735 811 873 878 firmum
898 812 946 877 im
970 811 1127 896 predicta
1149 813 1294 882 ecclesia
1311 817 1346 881 et
1369 814 1412 882 ad
1436 815 1509 882 eius
1532 817 1682 884 rectores
1706 817 1848 884 maneat
1870 815 1917 884 im
1941 819 2158 902 perpetuum.
2187 819 2328 888 sicutte
2350 842 2415 891 ma-

573 960 763 1045 gelgardus
786 959 953 1029 diaconus
985 965 1021 1030 et
1044 963 1200 1031 notarius
1225 964 1344 1032 taliter
1366 967 1519 1034 scribere
1542 966 1757 1051 rogavimus.

631 1081 744 1196 †ego
759 1115 880 1197 petrus
894 1115 1067 1197 presbiter
1086 1119 1121 1184 et
1143 1116 1234 1184 abba

632 1232 662 1346 †
677 1279 744 1346 ego
765 1263 868 1330 teolri

632 1386 744 1500 †ego
767 1416 921 1485 stelenus
944 1419 1115 1502 presbiter
1334 1505 1338 1518 ι

631 1537 661 1653 †
677 1585 743 1652 ego
766 1569 929 1636 ademari.

1347 2099 1672 2178 CCCXLIV.

1370 2348 1425 2423 A.
1462 2347 1512 2423 D.
1551 2343 1655 2424 982.

635 2605 723 2743 †ln
743 2654 884 2722 nomine
906 2652 1038 2722 domini
1062 2654 1175 2738 primo
1197 2671 1289 2721 anno
1323 2653 1540 2739 principatus
1573 2653 1691 2722 domni
1724 2655 1835 2723 nostri
1869 2659 2032 2725 mansoni
2064 2661 2099 2726 et
2132 2657 2252 2726 domni
2289 2659 2419 2727 iohanni

568 2807 644 2876 eius
664 2807 737 2874 tllio
759 2808 904 2892 gloriosi
928 2809 1156 2893 principibus,
1182 2825 1300 2874 mense
1324 2779 1505 2891 erigamus,
1530 2807 1666 2876 decima
1688 2809 1889 2878 indictione.
1916 2810 1995 2879 ldeo
2017 2829 2084 2897 que
2107 2830 2174 2896 ego
2206 2813 2333 2880 mulier
2363 2830 2416 2880 no

570 2959 665 3028 mine
691 2978 832 3044 gemma
853 2959 926 3027 filia
948 2959 1118 3046 quondam
1142 2959 1298 3027 mauroni
1321 2961 1357 3026 et
1382 2960 1505 3027 relicta
1527 2960 1593 3026 fuit
1616 2960 1752 3028 cuidam
1786 2961 1952 3040 mirandi,
1978 2979 2019 3030 eo
2053 2962 2141 3049 quod
2175 2966 2258 3032 ante
2293 2963 2417 3032 idoneis

570 3111 766 3180 hominibus
788 3113 985 3193 clarefacm,
1011 3113 1174 3199 quoniam
1199 3114 1279 3182 ante
1303 3129 1342 3181 os
1364 3130 1473 3180 annos
1495 3130 1560 3198 pro
1582 3116 1707 3198 quarta
1728 3133 1808 3183 mea
1833 3115 1914 3184 data
1936 3119 1972 3184 ct
2005 3115 2134 3184 tradita
2156 3117 2222 3184 fuit
2244 3117 2332 3186 mihi
2363 3137 2418 3203 per

568 3267 822 3352 maghenollus
841 3267 901 3351 qui
917 3266 984 3333 luit
998 3283 1117 3334 socero
1133 3284 1229 3334 meus
1252 3268 1288 3334 et
1309 3266 1448 3350 genitor
1472 3264 1623 3333 richardi
1645 3266 1704 3351 qui
1721 3267 1787 3334 luit
1809 3267 1928 3352 priora
1949 3269 2027 3336 viro
2049 3287 2158 3347 meus,
2184 3287 2258 3336 una
2273 3267 2418 3354 peciade

568 3420 665 3487 terra
686 3437 751 3487 sua
773 3437 851 3486 oum
875 3420 1056 3489 arboribus
1079 3421 1196 3488 bitatis
1219 3439 1323 3506 quam
1348 3421 1423 3506 ipsc
1446 3421 1690 3506 maghenoltbs
1711 3422 1831 3489 habuit
1854 3422 1891 3488 in
1914 3425 2026 3490 locum
2048 3423 2192 3492 nuceria
2215 3425 2338 3508 procul
2352 3424 2419 3507 ipso

569 3575 692 3640 balneo
714 3573 854 3657 puplico
877 3573 935 3658 qui
958 3576 1010 3641 esi
1031 3572 1075 3641 da
1097 3574 1175 3659 ipsa
1197 3573 1358 3642 diaconia
1381 3574 1423 3642 de
1445 3574 1635 3665 predictum
1660 3577 1773 3642 locum
1795 3575 1949 3654 nuceria,
1975 3575 2034 3660 qui
2059 3576 2140 3643 abet
2162 3575 2262 3642 linis:
2290 3573 2332 3642 de
2358 3591 2419 3641 uno

569 3725 690 3803 latere,
715 3727 864 3810 qualiter
886 3725 998 3794 limite
1021 3730 1055 3793 et
1076 3744 1160 3810 sepe
1182 3724 1360 3806 discernit,
1386 3727 1456 3794 fine
1484 3726 1527 3794 de
1561 3727 1706 3794 heredes
1730 3727 1943 3812 ermengari,
1969 3731 2004 3795 et
2033 3729 2232 3796 rebolbente
2255 3747 2319 3814 per
2350 3729 2418 3813 ipsa

570 3878 640 3945 fine
663 3879 698 3945 et
721 3877 1009 3962 coniungentead
1026 3877 1096 3944 line
1118 3879 1235 3944 sancte
1250 3878 1360 3946 marie
1376 3878 1419 3945 de
1441 3879 1597 3955 nuceria,
1623 3881 1658 3945 ct
1680 3897 1744 3962 per
1766 3880 1844 3962 ipsa
1865 3879 1936 3946 fine
1959 3879 2114 3946 rediente
2136 3882 2171 3947 et
2194 3881 2363 3950 exienlam
2387 3879 2418 3945 in

571 4030 628 4099 via
642 4031 795 4117 puplica:
813 4029 856 4098 de
872 4031 984 4116 capite
997 4030 1067 4099 fine
1082 4031 1161 4115 ipsa
1177 4031 1244 4098 bia:
1264 4031 1307 4098 de
1324 4031 1394 4098 alio
1410 4033 1482 4099 latu
1497 4033 1567 4099 fine
1583 4030 1626 4098 de
1642 4032 1841 4100 hominibus
1857 4031 2061 4110 atrianensi
2081 4035 2115 4101 ot
2131 4033 2332 4102 rebolbente
2351 4047 2415 4099 mo

567 4183 681 4250 dicum
701 4200 764 4268 per
779 4183 855 4268 ipsa
870 4183 951 4262 tine,
971 4185 1005 4252 et
1019 4183 1100 4252 inde
1116 4201 1180 4268 per
1203 4183 1282 4268 ipsa
1304 4203 1385 4268 sepe
1408 4187 1443 4252 et
1464 4185 1576 4251 limite
1599 4185 1834 4268 coniungente
1857 4183 1895 4250 in
1916 4183 1989 4250 alia
2012 4183 2070 4250 bia
2094 4185 2254 4269 puplica:
2273 4183 2317 4251 de
2339 4181 2417 4269 pede

568 4338 645 4422 ipsa
671 4339 914 4422 prenominata
939 4337 1009 4416 bia,
1036 4341 1070 4406 et
1097 4356 1158 4422 per
1185 4337 1263 4420 ipsa
1286 4337 1344 4404 bia
1367 4339 1600 4422 coniungente
1623 4337 1666 4404 ad
1691 4339 1769 4422 ipsa
1792 4337 1909 4422 priore
1932 4337 2000 4406 fine
2022 4335 2066 4404 de
2089 4335 2233 4405 heredes
2256 4335 2419 4403 nominati

569 4490 782 4574 ermengart.
802 4491 866 4556 hec
880 4491 1002 4567 totum,
1020 4490 1111 4557 sicut
1127 4488 1258 4556 dictum
1274 4491 1338 4567 est,
1358 4489 1433 4572 ipse
1448 4505 1567 4558 socero
1581 4507 1678 4556 meus
1695 4490 1773 4556 illut
1796 4489 1881 4555 mihi
1899 4489 1937 4555 in
1952 4491 2077 4573 quarta
2100 4486 2208 4567 dedit,
2234 4487 2328 4555 sicut
2350 4502 2420 4554 mea

572 4643 715 4726 scriptio
731 4644 783 4710 est
797 4644 1048 4729 continentem3
1067 4643 1168 4710 modo
1184 4645 1300 4711 autem
1317 4660 1511 4727 congruum
1536 4644 1588 4710 est
1610 4643 1696 4709 mihi
1720 4643 1878 4709 inclitum
1903 4643 1982 4709 illut
2005 4641 2135 4708 donare
2159 4640 2302 4707 tannaci
2325 4637 2422 4706 atria-

570 4809 678 4860 nense
694 4793 768 4861 lilio
784 4793 875 4860 ursi:
894 4797 929 4860 et
945 4791 1033 4873 ideo,
1051 4795 1140 4862 sicut
1156 4795 1242 4863 mihi
1259 4813 1449 4880 congruum
1464 4797 1528 4872 est,
1547 4813 1608 4879 per
1624 4813 1690 4861 anc
1702 4796 1834 4860 cartam
1850 4808 1928 4859 mea
1942 4793 2131 4859 volumtate
2145 4809 2208 4875 per
2223 4805 2420 4858 consensum

573 4927 609 5016 et
626 4949 814 5018 volumtate
829 4949 920 5034 petri
936 4947 1008 5015 lilio
1023 4969 1130 5028 meuc,
1148 4949 1185 5016 in
1201 4949 1297 5016 cuius
1312 4949 1489 5016 mundium
1505 4967 1559 5016 me
1573 4948 1750 5032 supiaoere
1765 4945 1981 5033 palamiacio,
1999 4944 2089 5012 dono
2104 4947 2207 5029 atque
2222 4943 2267 5012 ad
2291 4957 2421 5026 semper

570 5099 761 5169 habendum
779 5101 947 5167 confirmo
970 5101 1033 5168 tibi
1057 5101 1214 5170 iamdicti
1229 5102 1366 5169 iannaci
1383 5101 1505 5168 inclita
1520 5101 1598 5185 ipsa
1613 5101 1712 5167 rebus
1735 5116 1799 5184 per
1821 5097 1982 5166 iamdicta
1996 5097 2077 5163 linis
2093 5114 2169 5163 cum
2194 5093 2312 5162 omnia
2335 5090 2421 5160 inira

571 5269 608 5318 se
623 5252 789 5320 habentes
805 5252 1030 5337 omnibusque
1046 5253 1117 5320 suis
1133 5253 1355 5337 pertinentiis
1377 5256 1411 5319 et
1434 5269 1511 5318 cum
1536 5251 1611 5318 bice
1626 5251 1669 5318 de
1685 5250 1741 5316 bia
1754 5267 1830 5338 sua;
1845 5255 1879 5317 ct
1902 5249 1980 5332 ipsa
2003 5247 2148 5332 scriptio
2171 5245 2299 5316 exinde
2322 5242 2422 5330 perti·
2477 5249 2482 5256 '

572 5405 694 5470 nentes
711 5403 771 5470 tibi
789 5402 930 5469 iannaci
945 5401 1069 5470 donabi
1094 5407 1130 5469 at
1151 5403 1320 5470 securiter
1337 5405 1372 5468 et
1395 5402 1542 5468 tirmiter
1566 5401 1689 5467 amodo
1711 5404 1747 5467 et
1769 5418 1907 5484 semper
1928 5402 1967 5466 tu
1989 5405 2024 5468 et
2046 5401 2102 5467 cui
2125 5418 2188 5486 per
2210 5403 2246 5468 te
2269 5400 2350 5467 illut
2371 5396 2420 5461 vel

572 5554 698 5622 exinde
713 5554 831 5622 datum
845 5557 1014 5640 paruerit,
1029 5561 1063 5625 et
1075 5557 1199 5625 vestris
1214 5559 1248 5624 et
1263 5546 1357 5624 illius
1374 5556 1556 5624 heredibus
1571 5554 1649 5622 illut
1663 5554 1872 5634 habendum,
1887 5553 2149 5630 dominandum,
2164 5548 2419 5638 possidendum,

570 5707 685 5774 omnia
701 5706 781 5776 inde
796 5707 988 5776 laciendum
1006 5710 1097 5794 quod
1114 5711 1292 5780 volueritis
1307 5685 1436 5794 absque
1453 5710 1546 5776 omni
1562 5709 1807 5776 contrarietate
1822 5710 1876 5776 vel
1892 5707 2120 5794 requisitione
2136 5723 2214 5772 mea
2229 5723 2295 5789 que
2317 5714 2423 5784 supra

571 5861 722 5938 mulieri,
741 5862 776 5930 ot
791 5860 833 5928 de
849 5879 941 5931 meos
958 5863 1100 5931 heredes
1115 5869 1176 5932 aut
1191 5865 1351 5950 cuiquam
1368 5865 1578 5932 hominibus.
1596 5867 1630 5933 et
1653 5883 1716 5948 pro
1741 5865 1805 5929 hoc
1827 5863 1955 5930 donum
1979 5860 2187 5928 firmandum
2210 5853 2382 5939 launegilt
2403 5867 2422 5914 a
