5216 7092
612 599 674 662 als
986 645 992 652 .
1279 582 1440 656 CODEX
1478 582 1710 656 CAVENSIS

481 811 484 824 ’
569 829 698 898 exinde
710 829 880 909 habuerit,
899 833 935 898 et
950 829 994 896 ad
1009 830 1214 914 prephatam
1230 829 1449 907 hecclesiam,
1468 829 1511 896 ad
1528 846 1586 898 eos
1601 845 1735 912 semper
1751 827 1944 895 habendum
1960 827 1998 893 in
2013 826 2167 913 predicta
2190 829 2322 898 ratione
2343 831 2413 916 ipsa

488 1071 491 1078 Ι
569 983 741 1052 hecclesia
753 982 864 1052 sancti
880 980 1023 1048 martini
1039 980 1164 1047 eteius
1180 981 1343 1050 rectores.
1362 997 1465 1067 quam
1482 981 1515 1047 te
1530 978 1707 1064 guisonem
1723 977 1894 1044 notarium
1911 977 2060 1046 scribere
2075 977 2290 1064 rogavimus.
2307 980 2412 1046 actum

565 1133 720 1202 nuceria.

623 1260 653 1372 †
676 1305 744 1372 ego
766 1287 824 1374 qui
848 1306 953 1373 supra
975 1289 1029 1356 leo

626 1409 653 1524 †
678 1455 745 1522 ego
768 1437 936 1506 iohannes
958 1437 1131 1523 presbiter

626 1561 745 1676 †ego
767 1593 887 1675 petrus
909 1589 1075 1658 diaconus
1171 1677 1172 1680 Ἴ

624 1714 654 1828 †
677 1761 744 1828 ego
767 1743 963 1812 lonbardus

1317 2246 1667 2327 GCCLXXII.

1351 2493 1406 2568 A.
1442 2492 1494 2568 D.
1532 2488 1636 2568 984.

627 2757 662 2890 †
686 2809 725 2870 ln
740 2802 881 2872 nomine
896 2801 1027 2869 domini
1042 2801 1193 2870 secundo
1209 2818 1301 2868 anno
1316 2799 1536 2884 principatus
1550 2797 1668 2865 domni
1684 2799 1793 2866 nostri
1818 2797 1959 2865 iohanni
1982 2799 2017 2864 et
2039 2795 2157 2862 domni
2181 2794 2326 2880 guidoni
2347 2795 2410 2862 eins

567 2953 632 3021 filii
655 2953 800 3037 gloriosi
825 2952 1053 3038 principibus,
1073 2969 1190 3018 mense
1211 2949 1390 3018 december
1414 2947 1655 3017 tertiadecima
1678 2947 1874 3016 indictione.
1901 2947 2182 3014 Memoratorium
2207 2945 2302 3012 sactu
2322 2961 2343 3010 a
2363 2961 2409 3008 me

567 3107 738 3173 martinus
755 3105 926 3190 presbiter
942 3107 977 3172 et
994 3103 1100 3170 abbas
1115 3100 1259 3169 ecclesie
1275 3101 1384 3168 sancti
1401 3100 1545 3166 maximi
1569 3118 1641 3166 una
1663 3117 1741 3166 cum
1765 3097 1960 3183 guaiferius
1982 3095 2158 3164 castaldus
2181 3095 2361 3162 advocator
2380 3097 2408 3161 et

569 3276 676 3324 unum
692 3257 735 3324 de
751 3255 942 3324 dominium
960 3256 1115 3341 predicte
1131 3253 1274 3324 ecclesie
1290 3252 1496 3320 tradidimus
1512 3252 1556 3320 ad
1572 3251 1757 3320 tenendum
1774 3253 1809 3319 et
1823 3267 1904 3318 casa
1915 3249 2108 3318 faciendum
2120 3248 2306 3317 costantini
2318 3246 2410 3316 atria-

569 3428 674 3479 nense
689 3410 761 3477 filio
778 3410 950 3495 quondam
967 3408 1154 3476 costantini
1171 3409 1253 3476 ante
1269 3408 1455 3494 subscripti
1471 3410 1574 3477 testes
1591 3413 1687 3476 terra
1702 3409 1897 3494 pertinente
1912 3407 2067 3492 predicte
2081 3408 2230 3477 ecclesie
2245 3408 2335 3475 intus
2355 3423 2411 3473 auc

567 3562 814 3628 salernitanam
832 3561 974 3628 cibitate
997 3579 1019 3628 a
1042 3563 1161 3645 suptus
1183 3561 1262 3645 ipsa
1284 3561 1428 3628 ecclesia
1451 3563 1562 3629 sancti
1579 3561 1734 3638 maximi,
1749 3579 1813 3645 que
1827 3560 1992 3627 coniunta
2013 3563 2064 3629 est
2086 3559 2131 3627 ad
2154 3559 2296 3628 furuum
2317 3557 2411 3644 perti·

568 3713 676 3777 nente
692 3708 802 3794 ipsius
818 3713 935 3778 nostre
951 3711 1095 3779 ecclesie
1111 3710 1205 3777 infra
1220 3727 1259 3777 eo
1274 3710 1355 3776 finis
1374 3712 1409 3778 et
1424 3709 1599 3777 mensuria
1616 3730 1625 3775 :
1650 3711 1695 3778 ab
1718 3709 1894 3776 occidente
1916 3709 1987 3776 fine
2010 3708 2129 3777 andito
2146 3709 2367 3785 conmunalis,
2383 3711 2412 3773 ct

566 3859 648 3927 inde
664 3864 743 3928 sunt
759 3861 864 3946 pedes
880 3862 1007 3947 biginti
1024 3865 1118 3948 septe
1134 3865 1169 3930 et
1185 3863 1379 3931 summisse:
1399 3865 1434 3930 et
1447 3863 1491 3931 de
1506 3865 1627 3948 supter
1642 3881 1664 3930 a
1680 3861 1826 3930 meridie
1841 3863 1909 3930 line
1923 3864 2017 3930 terra
2031 3861 2185 3948 predicte
2211 3861 2360 3938 ecclesie,
2382 3863 2410 3928 et

568 4010 650 4080 inde
665 4017 746 4080 sunt
762 4013 824 4081 alii
840 4013 966 4098 biginti
983 4015 1113 4099 septem
1130 4013 1234 4098 pedes
1249 4015 1285 4080 et
1299 4015 1491 4081 summisse:
1511 4015 1570 4082 het
1587 4017 1631 4080 ab
1649 4015 1783 4081 oriente
1797 4013 1866 4082 tine
1877 4016 1971 4081 terra
1982 4013 2135 4099 predicte
2149 4015 2296 4083 ecclesie
2310 4015 2343 4082 iu
2353 4029 2409 4098 quo

571 4161 644 4246 ipso
661 4162 798 4230 furnum
815 4165 966 4241 abemus,
977 4166 1012 4231 et
1027 4163 1109 4230 iude
1124 4167 1206 4231 sunt
1220 4164 1324 4249 pedes
1336 4162 1453 4232 decem
1471 4167 1505 4232 et
1520 4149 1597 4232 octo
1609 4167 1644 4231 et
1655 4163 1848 4232 summisse:
1863 4168 1898 4231 et
1912 4163 2069 4250 desuper
2084 4165 2154 4232 fine
2165 4169 2264 4234 terra
2273 4163 2410 4252 predicte

572 4316 690 4382 nostre
704 4315 847 4384 ecclesie
862 4316 898 4382 in
914 4333 981 4401 quo
996 4319 1138 4400 putenm
1162 4317 1317 4395 abemus
1337 4320 1372 4384 et
1388 4337 1450 4402 per
1466 4317 1583 4386 eadem
1599 4318 1669 4386 fine
1685 4318 1840 4403 predicte
1863 4318 2004 4387 ecclesie
2026 4320 2264 4386 rebolbentem
2287 4321 2321 4386 iu
2341 4335 2409 4402 pars

567 4465 828 4550 septemtrionis
843 4470 878 4534 et
893 4468 1128 4553 coniungente
1144 4469 1188 4535 ad
1205 4469 1362 4537 anditum
1381 4470 1536 4555 predicte
1552 4471 1708 4545 ecclesie,
1724 4473 1759 4539 et
1774 4489 1836 4556 per
1854 4472 1930 4556 ipso
1946 4470 2101 4538 anditum
2125 4473 2285 4557 periente
2298 4474 2330 4539 et
2343 4485 2410 4535 con·

553 4615 741 4698 ‘iungente
755 4634 863 4702 usqne
885 4617 928 4684 ad
952 4619 1064 4703 ipsum
1082 4620 1235 4704 priorem
1253 4620 1421 4700 anditum,
1441 4623 1476 4687 et
1490 4624 1572 4689 sunt
1595 4641 1658 4705 per
1681 4623 1757 4707 ipso
1781 4621 1938 4689 anditum
1961 4621 2066 4707 pedes
2088 4621 2366 4708 quadtuordecim
2380 4623 2408 4685 et

566 4765 759 4846 summisse,
774 4768 884 4833 totum
900 4773 1136 4869 mensuratum
1154 4788 1217 4856 per
1234 4789 1375 4840 manum
1392 4791 1505 4840 meam
1524 4775 1583 4859 qui
1600 4792 1705 4860 supra
1720 4775 1827 4854 abati,
1845 4793 1912 4861 que
1926 4778 1979 4844 est
1994 4775 2037 4844 de
2052 4775 2240 4844 latitudine
2253 4775 2404 4862 quantum

568 4915 637 4982 ista
652 4915 788 4982 cartula
804 4915 841 4982 in
856 4915 972 5000 capito
986 4919 1060 4984 leta
1076 4921 1128 4986 est
1140 4917 1177 5006 ⁸).
1197 4937 1236 4986 eo
1251 4921 1324 5002 ¹tota
1340 4923 1375 4988 et
1391 4921 1511 4991 inclita
1527 4923 1606 5009 ipsa
1621 4927 1724 4994 rebus
1739 4943 1802 5010 per
1819 4925 1982 4995 iamdicte
2004 4925 2085 4994 finis
2108 4930 2143 4995 et
2159 4925 2332 4996 mensuris
2352 4939 2404 4990 uos

563 5066 595 5136 ei
612 5065 820 5136 tradidimus
835 5086 899 5154 per
915 5068 1074 5156 iupsione
1088 5073 1365 5157 supradictorum
1383 5078 1528 5162 gloriosi
1544 5079 1772 5163 principibus,
1787 5078 1847 5164 qui
1862 5083 1943 5148 sunt
1957 5079 2100 5147 dominii
2112 5079 2154 5149 do
2169 5081 2249 5167 ipsa
2263 5079 2401 5153 ecclesia,

565 5219 601 5284 in
618 5219 677 5287 tali
696 5219 829 5299 ordine,
848 5223 887 5289 ut
902 5224 1106 5307 potestatem
1124 5227 1252 5294 abeant
1267 5226 1326 5296 ille
1340 5229 1374 5296 et
1389 5229 1463 5298 eius
1479 5229 1598 5299 eredes
1614 5231 1649 5298 et
1664 5231 1795 5298 omines
1810 5249 1911 5317 quam
1928 5231 1997 5301 illis
2013 5232 2140 5300 ibidem
2155 5234 2301 5310 miserit,
2319 5230 2403 5298 incli-

592 5461 694 5469 --——

620 5582 643 5654 ⁴)
665 5583 798 5642 tiensnra
811 5587 900 5643 huius
913 5587 1099 5644 membraneo
1114 5592 1208 5644 metro
1228 5587 1426 5663 aequiparata,
1449 5597 1564 5647 constat
1584 5589 1703 5663 triginta
1724 5591 1854 5665 quinque
1874 5591 2064 5651 centimetris.

1459 5779 1487 5826 st
2034 5785 2073 5834 101
