5216 7092
958 581 1325 655 DlPLOMATlCUS

931 1053 936 1064 ·
1031 1016 1279 1097 CCCLX.

1006 1263 1061 1338 A.
1101 1262 1150 1341 D.
1189 1260 1293 1340 983.

281 1522 316 1660 †
334 1575 374 1638 ln
389 1569 530 1638 nomine
545 1568 676 1636 domini
692 1569 843 1638 secundo
860 1588 953 1638 anno
968 1570 1185 1656 principatus
1199 1571 1318 1639 domni
1333 1573 1443 1640 nostri
1459 1573 1618 1640 mansoni
1640 1575 1675 1640 et
1689 1573 1807 1643 domni
1830 1575 1971 1642 iohanni
1995 1575 2068 1643 filio
2181 1665 2183 1670 Ι

212 1724 290 1792 eius
304 1723 451 1809 gloriosi
466 1721 698 1809 principibus
718 1741 837 1792 mense
852 1723 955 1792 iulius
971 1723 1154 1792 undecima
1173 1723 1374 1791 indictione.
1394 1725 1675 1795 memoratorium
1691 1727 1814 1794 lactum
1829 1745 1851 1795 a
1865 1745 1920 1795 me
1937 1728 2069 1797 cicerus

210 1875 306 1943 filius
323 1874 497 1960 quondam
514 1875 675 1944 cennami
689 1875 733 1945 do
749 1878 861 1944 locum
878 1877 1033 1956 nuceria,
1051 1877 1194 1963 eoquod
1210 1878 1245 1945 in
1262 1879 1375 1945 locum
1391 1879 1536 1947 nuceria
1552 1881 1633 1946 ante
1649 1879 1834 1965 subscripti
1856 1881 1959 1949 testes
1974 1879 2069 1948 dedit

211 2028 249 2093 et
264 2023 407 2096 tradidit
423 2025 510 2092 mihi
526 2025 673 2096 domnus
688 2029 864 2097 martinus
878 2028 1048 2113 presbiter
1063 2030 1096 2096 et
1112 2030 1220 2096 abbas
1236 2029 1405 2096 hecclesie
1429 2030 1541 2097 sancti
1564 2031 1723 2110 maximi,
1742 2033 1777 2099 et
1799 1986 1968 2100 unacum
1991 2051 2069 2101 eum

208 2180 324 2250 essent
339 2179 539 2248 romoaldus
550 2180 644 2248 filius
658 2182 763 2248 allani
778 2181 924 2249 castaldi
937 2181 1175 2250 advocatorem
1188 2200 1287 2249 suum
1303 2181 1361 2266 qni
1375 2185 1428 2250 est
1443 2201 1550 2251 unum
1561 2181 1605 2251 de
1614 2181 1763 2251 dominis
1780 2183 1888 2270 ipsius
1900 2187 2068 2254 hecclesie

214 2331 329 2399 sancti
345 2331 506 2410 maximi,
522 2331 565 2398 ad
579 2329 776 2409 tenendum,
791 2335 826 2398 et
841 2329 1101 2404 dominandum,
1119 2333 1154 2400 et
1169 2331 1406 2454 ¹frugiandum,
1426 2333 1461 2398 et
1483 2331 1736 2417 pastenandum
1760 2352 1832 2402 una
1854 2335 2005 2402 clusoria
2027 2333 2070 2402 de

215 2485 310 2554 terra
325 2482 433 2552 bacua
448 2485 483 2550 et
497 2501 576 2550 cum
592 2485 831 2562 castanietum,
851 2501 916 2568 que
931 2483 1097 2551 iamdicta
1111 2485 1285 2551 hecclesia
1301 2485 1432 2552 habent
1455 2486 1493 2553 in
1515 2487 1628 2553 locum
1642 2487 1757 2571 agella
1772 2486 1899 2554 finibus
1914 2486 2067 2564 nucerie,

212 2643 381 2710 babentes
403 2641 484 2708 finis
500 2643 535 2707 et
551 2638 737 2708 mensuriis
752 2639 830 2724 ipsa
845 2638 1045 2724 supradicta
1068 2637 1239 2706 clusoria:
1258 2653 1379 2722 apars
1393 2635 1646 2721 septemtrionis
1668 2638 1739 2705 dne
1760 2637 1817 2705 via
1839 2639 1988 2722 publica,
2005 2657 2070 2724 que

209 2794 331 2880 pergit
345 2793 389 2860 ad
406 2795 481 2878 ipse
496 2793 585 2859 turri
603 2795 638 2861 et
652 2791 696 2859 ad
713 2792 781 2877 ipsi
797 2792 915 2878 periti,
935 2791 1017 2860 sunt
1033 2790 1114 2858 inde
1130 2791 1225 2876 passi
1239 2790 1372 2858 decem:
1392 2809 1512 2876 apars
1528 2789 1727 2869 occidentis,
1747 2791 1917 2876 quomodo
1939 2791 2070 2858 termiti

126 3029 129 3034 ,
207 2943 285 3012 ficti
299 2949 394 3024 sunt,
409 2947 489 3014 sunt
506 2943 587 3012 inde
599 2945 693 3030 passi
710 2943 933 3030 septuaginta
948 2946 1092 3028 septem:
1106 2958 1225 3026 apars
1240 2941 1386 3008 meridie
1400 2942 1471 3008 flue
1482 2941 1593 3026 ipsius
1606 2944 1718 3009 sancti
1731 2941 1887 3020 maximi,
1902 2941 2070 3027 quomodo

213 3095 326 3166 limite
342 3097 522 3176 discernit,
541 3098 621 3164 sunt
636 3095 717 3164 inde
732 3096 827 3181 passi
845 3094 1038 3162 duodecim:
1057 3113 1177 3181 apars
1194 3092 1347 3171 orientis,
1365 3093 1534 3180 quomodo
1555 3093 1685 3161 termiti
1701 3094 1773 3161 ficti
1795 3095 1887 3172 sunt,
1905 3095 1975 3164 fine
1996 3111 2072 3162 mea

209 3253 273 3336 qni
291 3269 400 3337 supra
415 3250 533 3331 ciceri,
550 3253 632 3318 sunt
647 3249 727 3318 inde
742 3250 835 3336 passi
851 3247 1074 3352 septuaginta
1089 3250 1233 3333 septem,
1252 3251 1339 3317 etse
1361 3248 1584 3333 reconiungit
1605 3249 1648 3352 in·
1665 3249 1743 3334 ipsa
1765 3248 1824 3315 via
1845 3249 1983 3334 publica
2005 3266 2071 3333 que

212 3405 266 3473 est
282 3403 403 3490 priore
418 3403 499 3471 fine.
517 3405 582 3472 hec
596 3422 678 3473 vero
693 3422 751 3471 res
766 3421 830 3488 per
845 3401 1044 3488 supradicte
1062 3401 1144 3468 linis
1166 3403 1201 3471 et
1216 3401 1400 3469 mensuriis
1422 3404 1533 3467 totum
1557 3402 1593 3468 et
1614 3401 1773 3470 inclitum
1798 3400 1883 3468 illud
1906 3401 1993 3468 mibi
2015 3402 2072 3486 qui
2181 3469 2185 3478 .

210 3574 321 3641 supra
339 3556 444 3623 ciceri
460 3555 629 3624 dederunt
643 3557 678 3625 et
693 3553 911 3622 tradiderunt
926 3553 968 3621 ad
984 3551 1245 3638 pastenandum,
1264 3559 1299 3621 et
1314 3552 1511 3632 tenendum,
1529 3559 1565 3621 et
1579 3552 1840 3632 dominandum,
1858 3555 1893 3621 et
1915 3554 2072 3640 frngian-

211 3709 295 3776 dum
313 3693 419 3794 usque
434 3708 551 3776 decem
566 3709 648 3776 anni
665 3709 838 3794 completi.
857 3707 948 3775 unde
964 3725 1029 3792 pro
1043 3709 1162 3775 taliter
1177 3726 1240 3793 per
1255 3709 1380 3775 bonam
1397 3707 1671 3776 convenientiam
1693 3711 1728 3774 et
1750 3725 1812 3774 sua
1838 3708 1926 3772 bona
1942 3709 2072 3774 volum-
2109 3801 2117 3810 ἢ

210 3863 309 3946 ptate
325 3859 455 3944 guadia
470 3859 556 3926 mihi
574 3862 647 3945 ipse
662 3851 807 3927 domnus
822 3860 994 3926 martinus
1010 3859 1180 3944 presbiter
1195 3863 1230 3926 et
1247 3861 1352 3926 abbas
1367 3877 1444 3925 cum
1460 3859 1537 3943 ipso
1557 3858 1756 3944 supradicto
1778 3858 1987 3926 advocatore
2011 3877 2073 3926 suo

210 4013 383 4080 dederunt
398 4015 433 4080 et
448 4011 672 4080 mediatorem
689 4013 777 4080 mihi
793 4015 984 4097 posuerunt
1002 4011 1180 4081 mirandus
1194 4012 1287 4079 filius
1302 4010 1484 4078 madellrid
1501 4010 1545 4079 de
1558 4011 1677 4081 eodem
1701 4013 1813 4078 locum
1836 4011 1989 4089 nuceria,
2007 4013 2072 4078 tali

212 4165 347 4246 ordine,
367 4168 405 4232 ut
419 4164 541 4232 amodo
556 4173 593 4233 et
606 4185 716 4251 usque
730 4165 848 4234 decem
865 4167 949 4234 anni
964 4166 1127 4252 completi
1143 4165 1210 4251 ipsi
1226 4165 1395 4233 nominati
1411 4163 1557 4232 domnus
1577 4165 1683 4230 abbas
1705 4167 1740 4230 ct
1760 4180 1971 4232 successores
1993 4180 2073 4230 suos

211 4323 247 4385 et
264 4336 349 4403 pars
364 4317 527 4388 iamdicta
542 4320 712 4387 hecclesie
727 4320 836 4388 sancti
852 4320 997 4386 maximi
1013 4319 1091 4404 ipsa
1102 4318 1300 4404 supradicta
1310 4321 1412 4387 rebus
1426 4318 1525 4386 nobis
1539 4319 1593 4386 vel
1604 4315 1646 4383 ad
1659 4313 1787 4386 nostris
1798 4314 1942 4384 heredes
1954 4314 2073 4384 defen·

208 4473 305 4538 saret
320 4489 384 4556 per
400 4469 597 4556 supradicte
612 4471 692 4538 finis
706 4472 741 4540 et
754 4470 939 4540 mensuriis
955 4489 1031 4536 cum
1049 4471 1125 4538 vice
1139 4469 1183 4538 de
1198 4470 1257 4536 via
1271 4488 1336 4536 sua
1349 4469 1396 4537 da
1418 4469 1530 4536 omnis
1554 4467 1722 4546 homines
1741 4467 1776 4534 et
1797 4482 1867 4532 non
1890 4482 1947 4533 eos
1970 4465 2070 4532 nobis

209 4625 332 4692 tollere
347 4626 408 4690 aut
429 4627 592 4692 contrare
614 4627 696 4691 ante
718 4626 832 4709 ipsum
856 4623 1091 4709 supradictum
1109 4576 1353 4708 constitutum
1369 4613 1403 4691 et'
1416 4638 1478 4691 nos
1500 4623 1613 4688 autem
1635 4622 1691 4688 vel
1713 4620 1842 4689 nostris
1866 4618 2008 4689 heredes
2031 4619 2073 4688 li-

209 4773 362 4840 centiam
378 4777 413 4842 et
427 4775 631 4858 potestatem
648 4775 835 4842 habeamus
858 4775 896 4840 in
919 4773 994 4858 ipsa
1009 4773 1127 4842 eadem
1152 4774 1253 4841 rebus
1276 4774 1373 4840 lobee
1398 4775 1434 4839 et
1456 4771 1569 4866 omnis
1589 4776 1711 4839 nostra
1734 4727 1917 4842 utilitatem
1943 4771 2069 4840 ibidem

209 4923 336 5000 facere,
355 4925 391 4990 et
406 4941 465 4990 eos
479 4926 610 5001 tenere,
629 4923 664 4992 et
678 4923 868 5000 dominare,
886 4925 922 4990 et
936 4923 1106 5008 frugiare,
1125 4927 1161 4988 et
1176 4924 1359 5007 pastenare
1382 4923 1527 4991 arbores
1549 4925 1584 4992 et
1606 4922 1694 4992 vites
1741 4977 1748 4991 .
1801 4975 1808 4991 .
1861 4976 1868 4990 .
1917 4923 2070 4992 castanei

208 5071 399 5153 succidere,
418 5075 453 5140 et
468 5073 547 5160 ipsa
561 5076 663 5142 rebus
678 5077 755 5160 ipsa
768 5075 909 5144 cludere
924 5077 963 5141 ut
983 5075 1076 5142 siant
1099 5075 1239 5152 salvam,
1257 5076 1292 5141 et
1315 5075 1507 5142 faceremus
1522 5024 1585 5142 nos
1600 5073 1729 5141 ibidem
1744 5074 1918 5160 pastinum
1941 5074 2068 5140 bonum

210 5229 380 5295 collatum
396 5230 430 5297 et
445 5229 639 5312 operatum,
657 5227 745 5295 sicut
760 5229 854 5296 locos
870 5229 945 5314 ipse
961 5229 1129 5324 meruerit
1142 5231 1178 5295 et
1193 5226 1236 5295 de
1252 5229 1368 5299 tantos
1384 5243 1493 5295 annos
1510 5227 1627 5306 suerit,
1641 5227 1681 5293 ut
1695 5244 1781 5294 vene
1796 5225 1923 5310 paread
1938 5227 2071 5326 lavora-

209 5379 288 5442 tum
304 5379 339 5444 et
354 5378 534 5464 cullatum3
552 5379 588 5444 et
601 5377 726 5444 amodo
742 5379 777 5446 et
791 5396 899 5464 usque
913 5377 1030 5446 decem
1048 5379 1132 5447 anni
1148 5379 1311 5463 completi
1323 5377 1366 5445 de
1376 5379 1544 5462 quantum
1556 5375 1674 5443 vinum
1690 5377 1745 5443 vel
1768 5375 1887 5442 lavore
1901 5377 1936 5443 et
1950 5375 2069 5462 fruges

209 5526 341 5595 exinde
356 5528 477 5594 tollere
491 5529 526 5594 et
540 5528 747 5613 recolligere
763 5529 952 5614 potuerint,
969 5531 1081 5597 totum
1104 5533 1139 5596 et
1155 5528 1310 5596 inclitum
1328 5528 1406 5595 illos
1430 5525 1530 5594 nobis
1551 5525 1754 5604 habeamus,
1773 5529 1808 5594 et
1830 5525 1874 5592 de
1896 5525 1972 5609 ipso
1995 5526 2067 5594 iru-

209 5678 308 5761 gium
326 5677 492 5746 iaciamus
514 5679 643 5748 exinde
670 5681 799 5760 omnia,
817 5700 884 5766 que
911 5683 1011 5750 nobis
1037 5683 1220 5767 placuerit,
1239 5683 1364 5765 absque
1388 5678 1483 5747 omni
1509 5679 1789 5747 contrarietatem
1817 5677 1927 5763 ipsius
1949 5677 2067 5745 domni

216 5832 353 5899 abbatis
370 5835 405 5898 et
420 5831 463 5901 de
476 5850 690 5902 successores
705 5852 785 5904 suos
800 5837 854 5903 vel
871 5835 917 5902 da
932 5836 1088 5922 partibus
1103 5835 1212 5920 ipsius
1234 5833 1401 5904 hecclesie
1423 5832 1534 5900 sancti
1558 5833 1716 5900 maximi.
1736 5835 1881 5912 tantum,
1900 5830 1943 5898 de
1965 5849 2067 5917 quem
