5216 7092
612 587 675 648 loo
701 493 716 516 ‘
1281 557 1443 632 CODEX
1481 558 1713 631 cnvnNsls

565 811 849 900 supradiximus.
865 772 903 875 et
918 806 964 872 ud
980 801 1123 888 scriptio
1139 802 1206 870 ista
1222 802 1258 868 in
1273 801 1351 869 aliis
1367 799 1479 868 modis
1494 818 1563 868 non
1580 802 1689 886 possit
1703 802 1779 871 fieri
1795 804 1974 885 traamota,
1993 805 2060 875 ista
2074 808 2212 894 quidem
2225 813 2322 880 robis
2338 818 2413 882 emi·

564 967 621 1046 sit,
640 969 674 1034 et
689 963 796 1032 aliam
814 962 917 1028 talem
935 976 998 1044 per
1026 975 1094 1024 uno
1122 955 1280 1023 ordinem
1309 955 1473 1040 scriptam
1503 955 1594 1040 apud
1622 973 1685 1023 nos
1712 956 1912 1025 retinemus.
1931 961 1966 1030 et
1992 960 2055 1028 tali
2081 962 2200 1032 ordine
2226 969 2260 1033 to
2287 969 2413 1035 amatus

562 1119 716 1187 notarius
731 1117 894 1185 scribere.
911 1115 1026 1181 actum
1042 1113 1187 1180 salerne.

1322 1611 1682 1696 CCCXXXV.

1363 1859 1416 1934 A.
1456 1857 1507 1935 D.
1544 1856 1641 1935 981.

615 2125 650 2261 †
673 2175 835 2242 chartule
858 2173 1056 2242 securitatis
1079 2175 1183 2258 atque
1205 2169 1425 2238 diffinitionis
1448 2187 1469 2236 a
1493 2189 1548 2237 me
1578 2171 1717 2254 sergius
1740 2171 1832 2238 filius
1855 2172 1979 2238 stefani
2010 2173 2190 2243 calendola
2213 2193 2235 2241 a
2264 2179 2412 2260 presenti

560 2327 615 2396 die
638 2325 863 2412 prontissima
886 2326 1075 2391 volumtate
1099 2323 1370 2391 deliveravimus
1393 2324 1496 2406 atque
1520 2325 1555 2389 et
1578 2322 1616 2389 in
1639 2324 1813 2406 presentis
1836 2323 2061 2392 diffinivimus
2091 2324 2185 2394 vobis
2213 2325 2340 2394 domno
2366 2331 2413 2396 lu-

555 2479 638 2564 pino
654 2480 727 2546 filio
744 2479 904 2546 mauroni
928 2479 1065 2545 comitis
1087 2477 1131 2545 de
1153 2478 1361 2562 pantaleone
1385 2477 1511 2544 comite
1534 2477 1578 2543 de
1601 2477 1814 2556 causatione,
1841 2497 1942 2564 quam
1967 2479 2140 2547 vobiscum
2164 2481 2351 2549 habuimus
2372 2482 2409 2549 de

557 2630 676 2698 omnia
699 2630 792 2714 ipsas
815 2627 1037 2707 hereditates,
1063 2627 1153 2714 quod
1176 2629 1346 2696 habemus
1369 2628 1407 2694 in
1431 2629 1531 2706 sonti,
1551 2627 1698 2695 dicendo
1716 2631 1854 2714 aparte
1869 2632 2001 2709 nostra,
2020 2632 2104 2716 quia
2119 2632 2157 2699 in
2172 2633 2288 2700 omnia
2305 2633 2411 2718 ipsam

555 2781 783 2850 hereditatem
798 2778 887 2865 quod
905 2781 943 2846 in
958 2779 1046 2846 fonti
1061 2780 1207 2853 habetis,
1226 2780 1391 2846 habemus
1415 2777 1543 2845 ividem
1567 2779 1679 2864 ipsam
1696 2780 1893 2864 portionem
1916 2784 2073 2848 nostram
2096 2784 2130 2850 et
2152 2782 2197 2850 ad
2221 2785 2413 2852 niciforium

553 2953 758 3019 germanum
786 2937 940 3001 nostrum
959 2934 1092 3000 tantum
1114 2933 1224 3012 nohis,
1252 2933 1418 3018 quantum
1441 2931 1568 2999 exinde
1591 2951 1655 3017 per
1680 2935 1876 3002 chartulam
1900 2935 2096 3004 donationis
2111 2936 2256 3006 donavit
2270 2941 2305 3006 et
2321 2939 2413 3006 dedit

556 3089 662 3155 michi
680 3090 714 3155 et
730 3092 766 3156 at
781 3089 983 3156 niciforium
1000 3106 1210 3174 germanum
1225 3089 1381 3156 nostrum
1398 3087 1525 3154 domno
1540 3106 1621 3154 urso
1637 3087 1686 3182 tio
1702 3089 1821 3156 nostro
1837 3088 1910 3157 filio
1928 3089 2047 3174 lupino
2069 3090 2112 3158 de
2135 3093 2269 3170 hareni,
2296 3097 2331 3160 et
2356 3110 2413 3162 ros

554 3240 736 3308 dicendoa
758 3241 861 3324 parte
884 3242 1000 3310 vestra
1023 3260 1145 3309 verum
1173 3239 1301 3319 dicitis,
1327 3240 1410 3326 quia
1433 3239 1690 3325 suprascriptus
1715 3259 1816 3308 ursus
1839 3241 1908 3310 tius
1932 3245 2045 3310 vester
2067 3241 2200 3309 dimisit
2222 3243 2320 3310 vobis
2345 3247 2414 3311 tan·

552 3397 624 3459 tum
650 3392 694 3459 de
717 3393 829 3476 ipsam
852 3390 1047 3476 portionem
1070 3409 1181 3468 suam,
1207 3391 1376 3475 quantum
1399 3389 1476 3474 ipsa
1499 3391 1661 3457 chartula
1676 3392 1789 3458 vestre
1804 3389 2001 3459 donationis
2017 3394 2225 3479 proclamat3
2242 3396 2295 3460 set
2309 3394 2413 3460 finem

551 3547 670 3613 latiam
693 3547 862 3612 habemus
885 3544 1011 3614 exinde
1034 3545 1208 3613 vobiscum
1230 3543 1460 3624 medietatem,
1486 3545 1587 3612 nobis
1609 3544 1735 3614 exinde
1758 3546 1905 3612 firmasti
1929 3564 1992 3630 per
2016 3549 2213 3615 chartulam
2237 3547 2327 3630 quod
2354 3565 2413 3614 nos

552 3700 730 3778 habemus,
749 3699 840 3766 sicut
861 3698 937 3784 ipsa
962 3699 1123 3765 chartula
1148 3699 1269 3764 nostra
1292 3714 1356 3782 per
1381 3695 1537 3764 ordinem
1561 3698 1692 3782 scripta
1715 3699 1791 3783 est3
1808 3700 1843 3765 et
1867 3697 1909 3766 de
1932 3699 2009 3782 ipsa
2032 3699 2167 3783 reliqua
2191 3697 2412 3766 medietatem

551 3851 610 3936 qui
626 3852 723 3919 vohis
746 3849 871 3920 exinde
894 3851 1074 3930 remansit,
1100 3852 1281 3936 postquam
1305 3851 1382 3934 ipsa
1405 3850 1565 3918 chartula
1587 3817 1860 3916 nostra'feoistis
1883 3849 2047 3928 scribere,
2074 3849 2217 3916 lecimus
2233 3849 2361 3919 exinde
2375 3849 2413 3916 li-

552 4023 633 4073 nem
657 4006 833 4071 vobiscum
856 4006 937 4070 ante
959 4003 1116 4070 homines
1140 4006 1258 4082 bonos
1285 4005 1323 4070 ut
1346 4001 1444 4072 daret
1467 4003 1563 4070 vobis
1586 4002 1629 4070 de
1652 4004 1727 4086 ipse
1750 4003 1843 4072 terre
1860 4004 1968 4069 hacue
1982 4001 2108 4071 ividem
2126 4001 2265 4069 insonti
2288 4001 2332 4069 de
2347 4003 2412 4069 ista

552 4158 652 4240 parte
676 4158 788 4223 sancti
813 4154 922 4224 felicis
945 4174 1008 4240 per
1031 4155 1284 4223 nominatibum
1311 4171 1419 4238 supra
1441 4153 1555 4238 ipsum
1579 4171 1742 4237 quercum
1765 4155 1894 4222 maiore
1922 4156 1959 4220 at
1982 4153 2059 4238 ipsa
2081 4155 2173 4222 lama
2201 4153 2291 4220 idest
2317 4155 2411 4238 passi

550 4311 744 4378 cammisali
758 4305 785 4396 ¹)
801 4307 1036 4395 quadraginta
1050 4307 1094 4374 de
1110 4307 1376 4392 longitudinem,
1392 4308 1426 4373 et
1437 4323 1556 4390 passos
1572 4305 1790 4372 cammisales
1801 4305 1929 4390 viginti
1945 4305 1988 4372 de
2003 4305 2237 4388 latitudinem
2255 4309 2291 4372 et
2306 4325 2412 4390 quan·

551 4466 595 4531 do
619 4483 677 4532 eos
699 4465 856 4548 incipere
879 4466 917 4531 at
940 4462 1181 4549 scippandum,
1208 4461 1293 4529 dare
1309 4460 1407 4531 vobis
1430 4461 1500 4528 tari
1524 4461 1697 4546 quattuor,
1724 4461 1759 4527 et
1782 4458 1918 4544 quando
1941 4457 2070 4527 ividem
2099 4475 2236 4527 armare
2259 4459 2407 4532 vineam,

552 4620 681 4685 iterum
696 4616 782 4684 dare
804 4617 901 4684 vobis
922 4617 1009 4683 alios
1032 4615 1101 4683 tari
1125 4615 1300 4700 quattuor3
1325 4615 1361 4680 et
1383 4610 1522 4696 quando
1547 4609 1616 4678 ista
1638 4611 1742 4678 finem
1765 4611 1920 4686 lecimus
1939 4609 2033 4677 stetit
2057 4607 2147 4712 inter
2169 4609 2280 4685 nobis,
2301 4611 2339 4674 ut
2353 4625 2410 4674 ne-

550 4787 618 4853 que
641 4767 684 4835 de
707 4767 819 4852 ipsam
843 4733 1037 4852 portionem
1061 4771 1212 4834 vestram
1235 4768 1297 4833 aut
1320 4765 1362 4834 de
1385 4763 1579 4849 predictum
1604 4763 1801 4830 niciforium
1824 4779 2030 4847 germanum
2054 4760 2207 4830 vestrum
2237 4760 2316 4844 plus
2338 4776 2409 4826 non

554 4938 701 5006 querere
716 4918 760 4988 de
773 4921 849 4986 tota
875 4919 1087 5004 pertinentia
1109 4918 1152 4986 de
1175 4919 1275 4985 lenti.
1296 4920 1422 4986 iterum
1446 4916 1593 4985 dicendo
1617 4935 1639 4983 a
1661 4917 1762 5000 parte
1785 4915 1907 4980 nostra
1930 4913 2022 4980 absit
2044 4914 2110 4979 hoo
2132 4913 2167 4978 et
2189 4911 2317 4978 veritas
2339 4927 2409 4976 non

551 5080 615 5154 est,
635 5077 672 5142 ut
692 5053 737 5144 de
758 5075 871 5159 ipsam
894 5074 1090 5160 portionem
1113 5073 1156 5142 de
1178 5073 1379 5142 niciforium
1402 5090 1607 5158 germanum
1623 5072 1780 5138 nostrum
1797 5067 1997 5136 fecissemus
2011 5066 2128 5144 finem,
2146 5067 2198 5132 set
2216 5066 2351 5132 tantum
2366 5061 2410 5128 de

551 5230 825 5315 suprascriptam
849 5229 1043 5314 portionem
1066 5247 1182 5297 meam
1205 5229 1349 5297 lecimus
1371 5227 1644 5312 suprascriptam
1669 5223 1773 5292 finem
1797 5241 1899 5307 quem
1923 5238 1983 5287 vos
1999 5219 2125 5298 dicitis,
2144 5219 2226 5305 quia
2240 5219 2313 5303 ipsa
2330 5235 2411 5302 por·

551 5380 681 5448 tionem
704 5379 747 5449 de
769 5379 964 5465 predictum
986 5378 1186 5446 niciforium
1210 5396 1275 5464 per
1297 5379 1415 5445 vestra
1438 5376 1649 5444 absolutione
1672 5376 1787 5460 postea
1811 5371 2009 5458 comparavi
2034 5371 2170 5437 alcone
2186 5371 2353 5436 monacho
2369 5367 2410 5433 fl-

551 5528 599 5594 lio
623 5545 698 5597 suo.
717 5529 846 5597 iterum
860 5528 1008 5598 dicendo
1031 5523 1176 5616 aparte
1199 5531 1315 5598 vestra
1329 5545 1451 5595 verum
1467 5525 1596 5606 dicitis,
1614 5525 1694 5610 quia
1709 5541 1773 5610 per
1788 5522 2038 5590 absolutionem
2055 5519 2209 5586 nostram
2225 5535 2300 5585 eam
2315 5535 2411 5583 com·

612 5847 633 5918 ⁴)
648 5847 725 5902 Porri
737 5847 901 5917 commiscui,
917 5843 992 5901 idest
1006 5845 1083 5916 passi
1099 5845 1134 5900 od
1149 5858 1317 5901 mensuram
1331 5842 1457 5915 perticae
1473 5843 1501 5913 (a
1516 5855 1586 5896 voce
1606 5827 1735 5912 κάμαξ).
1751 5836 1838 5894 Deest
1859 5836 1888 5891 in
1902 5833 1946 5889 Du
1962 5830 2068 5905 Gange.
