5378 7098
1033 623 1399 693 ruruomlmcus
1715 697 1717 701 ,
1836 613 1838 618 ’
2049 647 2090 710 aa

282 877 413 946 lumnie
437 873 519 943 inde
541 873 638 939 vobis
661 870 892 946 omiserimus,
919 871 1000 934 tunc
1025 866 1176 950 primum
1200 863 1353 930 omnium
1376 865 1508 949 questio
1530 869 1565 934 et
1588 870 1741 936 causatio
1765 873 1886 939 nostra
1901 873 1994 942 etde
2008 877 2138 945 nostris

282 1028 365 1096 filiis
387 1031 421 1094 et
442 1023 625 1094 heredibus
649 1021 759 1088 modis
782 1021 940 1087 omnibus
963 1019 1008 1086 sit
1031 1016 1158 1086 exinde
1181 1016 1285 1084 tacita
1308 1018 1343 1082 et
1365 1032 1484 1094 vacua,
1503 1019 1538 1084 et
1552 1017 1696 1104 duplum
1712 1027 1948 1109 suprascripto
1971 1028 2135 1110 pretium,

283 1179 373 1264 quod
396 1177 536 1245 suntin
559 1175 663 1242 simul
687 1173 762 1242 auri
786 1171 855 1239 tari
878 1171 958 1238 voni
983 1171 1178 1255 nonaginta
1201 1186 1275 1246 sex,
1302 1187 1365 1236 nos
1388 1167 1582 1253 nostrisque
1605 1167 1686 1238 fllii's
1708 1173 1744 1238 et
1766 1174 1910 1272 heredes
1933 1193 2138 1262 componere

285 1329 516 1414 obligavimus
538 1327 636 1394 vobis
659 1325 852 1410 vestrisque
875 1323 1084 1409 heredibus;
1108 1325 1141 1391 ot
1164 1343 1228 1407 que
1252 1325 1336 1407 aput
1358 1343 1419 1388 vos
1442 1324 1494 1390 vel
1517 1323 1641 1392 vestris
1657 1325 1838 1394 heredibus
1853 1327 1956 1394 suerit
1971 1331 2062 1396 hanc
2077 1349 2139 1398 no·

283 1485 358 1549 stra
373 1439 585 1547 rindictione
607 1478 865 1547 remelioratam
890 1477 945 1543 vel
970 1477 1098 1544 tactum
1122 1475 1307 1554 edificium,
1334 1477 1396 1544 sub
1419 1475 1639 1544 estimatione
1662 1476 1766 1572 pretii
1789 1496 1847 1545 eos
1871 1481 1967 1548 vobis
2000 1483 2139 1550 vestris-

282 1651 347 1718 que
370 1631 554 1701 heredibus
577 1631 825 1698 restituamus:
852 1627 894 1696 de
917 1628 1065 1696 colludio
1087 1630 1200 1695 autem
1224 1628 1360 1712 legibus
1383 1626 1480 1694 vobis
1502 1629 1653 1694 iuremus
1675 1647 1738 1713 per
1760 1628 1814 1698 dei
1838 1631 2006 1700 misteria.
2034 1634 2063 1700 si
2079 1653 2140 1702 au-

281 1794 363 1866 tem,
389 1784 526 1870 quando
549 1802 609 1852 vos
631 1785 823 1868 vestrisque
846 1781 1031 1851 heredibus
1049 1781 1227 1848 volueritis
1249 1799 1313 1866 per
1336 1799 1395 1848 vos
1419 1780 1505 1865 ipsis
1527 1780 1608 1850 inde
1631 1783 1720 1852 esset
1735 1793 1910 1852 auctorem
1926 1789 1961 1853 et
1983 1786 2140 1855 defenso-

282 1958 355 2007 rem
379 1939 507 2024 quante
529 1938 622 2005 vices
646 1937 826 2005 volueritis
845 1990 853 2014 ‚
879 1938 1083 2022 potestatem
1107 1935 1263 2004 habeatis
1286 1954 1348 2020 per
1371 1953 1431 2001 vos
1453 1933 1539 2020 ipsis
1562 1933 1644 2002 inde
1667 1953 1740 2005 esse
1763 1940 1939 2006 auctorem
1964 1943 1998 2008 et
2020 1940 2137 2008 desen-

282 2107 393 2158 sorem
410 2111 419 2175 3
437 2108 519 2156 nam
537 2089 673 2174 quando
688 2107 749 2156 vos
771 2090 962 2172 vestrisque
978 2087 1162 2158 heredibus
1177 2087 1451 2172 quesieritisnos
1466 2086 1660 2172 nostrisque
1674 2086 1757 2155 filiis
1771 2091 1807 2156 et
1822 2089 1966 2160 heredes
1981 2092 2061 2161 inde
2077 2095 2140 2161 ha·

284 2243 365 2310 bere
386 2244 575 2318 auctorem,
602 2259 665 2308 nos
690 2244 804 2320 autem
828 2240 1021 2324 nostrisque
1036 2241 1119 2307 filiis
1141 2244 1177 2307 et
1192 2239 1335 2308 heredes
1351 2239 1565 2307 defensemus
1580 2241 1615 2306 et
1630 2237 1881 2323 adimpleamus
1896 2242 1995 2308 vobis
2016 2246 2137 2312 vestri-

281 2413 347 2479 que
370 2393 553 2464 heredibus
577 2393 705 2471 omnia,
732 2400 896 2476 quantum
919 2395 954 2457 et
976 2392 1144 2475 quomodo
1168 2393 1326 2476 superius
1349 2392 1489 2492 legitur.
1516 2395 1551 2456 et
1572 2391 1688 2458 taliter
1711 2391 1863 2458 scribere
1887 2395 2090 2476 rogavimus
2104 2397 2140 2463 te

281 2511 401 2632 petrus
423 2548 593 2615 notarius.
620 2549 735 2612 actum
759 2548 906 2613 salerno.

339 2671 450 2784 †ego
466 2700 522 2782 qui
540 2717 648 2783 supra
665 2702 783 2782 petrus
799 2697 903 2764 iudex

341 2825 370 2935 †
385 2869 451 2934 ego
466 2847 666 2917 romoaldus
682 2850 838 2915 notarius
862 2869 918 2916 me
933 2851 1122 2934 subscripsi

341 2975 370 3090 †
385 3019 452 3088 ego
468 3002 605 3069 alfanus

339 3128 448 3240 †ego
465 3155 631 3221 iohannes
649 3153 808 3220 notarius
825 3171 879 3220 me
896 3154 1097 3236 subscripsi.

1008 3602 1398 3737 ccxxxunr.

1065 3901 1119 3976 A.
1159 3901 1211 3978 D.
1250 3897 1353 3982 966.
1388 3927 1393 3938 ·

324 4207 547 4273 thartharea
563 4206 757 4286 supradicti
775 4207 858 4274 unni
875 4207 1013 4287 penitus
1036 4207 1180 4273 (cormac
1203 4209 1336 4273 tranium
1359 4206 1556 4270 actitemus
1577 4207 1814 4272 anticameram.

337 4307 595 4443 †Trigesimo
617 4361 741 4442 quarto
765 4375 856 4423 anuo
880 4357 1101 4442 principatus
1123 4359 1246 4424 Domni
1269 4357 1385 4426 Gisolfi
1410 4357 1603 4442 principis.
1656 4409 1663 4422 .
1716 4411 1722 4422 .
1775 4409 1781 4420 .
1835 4410 1841 4422 .
1895 4375 2026 4424 .nona
2049 4357 2137 4424 indi-

274 4513 402 4579 ctione.
418 4512 559 4580 Locatio
586 4511 730 4577 (tuarum
750 4511 921 4594 petiarum
941 4513 1111 4579 terrarum
1135 4513 1205 4613 loco
1230 4514 1361 4579 anieno
1386 4531 1409 4576 a
1423 4528 1526 4593 super
1549 4513 1625 4594 ipse
1647 4512 1765 4579 statue
1787 4513 1863 4578 octo
1886 4511 2024 4578 rzuccrr‘c
2046 4513 2136 4578 sacta

278 4663 398 4731 abbati
429 4665 462 4730 S.
489 4664 632 4730 Maximi
666 4666 710 4730 ab
734 4665 855 4730 hmato
886 4665 1087 4748 presbytero
1113 4666 1187 4732 filio
1216 4667 1316 4740 Ursi,
1346 4665 1387 4730 ad
1417 4665 1617 4732 terraticum
1642 4662 1828 4730 secundum
1855 4664 2136 4732 consuetudinem

277 4815 389 4898 ipsius
404 4813 480 4891 loci,
500 4813 589 4880 etad
606 4813 826 4881 medietatem
843 4815 917 4882 vini
934 4815 969 4881 in
986 4817 1160 4899 palmento
1175 4816 1289 4882 dictae
1304 4817 1487 4883 Ecclesiae.
1588 4863 1590 4869 -

343 4965 497 5032 Pretium
520 4967 707 5034 locationis.
728 4969 848 5032 Decem
873 4966 973 5034 solidi
990 4971 1274 5036 constantiniani.

343 5116 534 5200 &quantur
556 5117 689 5196 pirntoc.

338 5240 367 5353 †
381 5286 446 5352 ego
462 5273 580 5353 petrus
594 5267 771 5336 (baconus,

338 5389 367 5499 †
382 5435 449 5502 ego
464 5417 660 5484 iocbardus,
