5252 7102
1275 566 1439 640 CODEX
1476 567 1709 640 CAVENSIS

1349 1080 1615 1162 CCCCIII.

1344 1381 1398 1458 A.
1435 1382 1485 1460 D.
1525 1381 1629 1460 988.

630 1666 666 1800 †
687 1720 727 1783 ln
750 1715 890 1784 nomine
912 1716 1042 1784 domini
1066 1717 1164 1784 sexto
1188 1734 1280 1784 anno
1302 1717 1519 1803 principatus
1533 1718 1651 1786 domni
1667 1719 1775 1787 nostri
1792 1719 1936 1788 iohanni
1952 1721 2104 1806 glorioso
2118 1720 2288 1807 principe,
2306 1739 2410 1792 mense

561 1867 739 1934 december
755 1868 905 1938 secunda
921 1867 1121 1936 indictione.
1140 1867 1421 1935 memoratorium
1446 1869 1571 1936 iactum
1585 1887 1606 1936 a
1620 1889 1675 1936 me
1696 1887 1881 1938 cennamus
1904 1872 2069 1956 presbiter
2090 1873 2125 1938 et
2149 1873 2256 1939 abbas
2279 1873 2406 1942 ecclesie

560 2021 674 2088 sancti
698 2021 842 2087 maximi
858 2019 901 2088 de
916 2021 1071 2100 intusec
1094 2019 1341 2086 salernitanam
1365 2018 1539 2087 cibitatem
1561 2021 1791 2103 pertinentem
1814 2020 1857 2088 de
1879 2020 1997 2088 eredes
2011 2020 2128 2089 domni
2152 2023 2300 2108 gualteri
2322 2025 2405 2107 prin-

561 2173 670 2258 cipis,
695 2176 730 2240 et
752 2141 822 2239 una
844 2189 977 2240 mecum
1001 2172 1126 2240 adexet
1147 2171 1325 2240 waiferius
1348 2170 1498 2238 castaldo
1522 2171 1762 2239 adbocalorem
1786 2176 1939 2240 nostrum
1963 2193 2051 2242 unus
2074 2173 2116 2242 de
2138 2173 2286 2242 dominii
2308 2175 2404 2260 ipsius

562 2332 721 2408 ecclesie,
740 2347 780 2396 eo
803 2328 893 2414 quod
918 2333 1000 2397 ante
1022 2327 1210 2410 subscripti
1234 2328 1337 2394 testes
1361 2344 1423 2409 per
1447 2328 1536 2392 bona
1558 2323 1809 2393 comvenientia
1831 2323 2036 2393 tradidimus
2057 2325 2249 2393 domnandi
2263 2326 2304 2394 de
2317 2347 2403 2395 mun-

563 2487 642 2550 toru
663 2482 737 2548 illio
760 2481 934 2567 quondam
959 2481 1051 2547 rocci
1075 2480 1116 2546 ad
1142 2479 1371 2564 plantandum
1394 2481 1574 2545 arbustum
1600 2481 1635 2544 et
1657 2477 1895 2545 abellanictum
1925 2480 2019 2544 terra
2045 2480 2275 2562 pertinentem
2306 2480 2402 2566 ipsius

561 2632 704 2700 ecclesie
718 2650 798 2697 cum
818 2631 1001 2698 arboribus
1023 2633 1057 2696 et
1080 2629 1257 2715 aliquante
1279 2628 1392 2696 abelle
1415 2633 1450 2696 et
1472 2629 1699 2696 castanietum
1722 2646 1791 2694 uuo
1813 2628 1997 2696 lenientem
2022 2629 2059 2696 in
2083 2631 2196 2696 locum
2223 2633 2401 2696 muntorun

559 2783 689 2850 finibus
705 2785 854 2860 rotense,
872 2781 931 2849 ubi
955 2770 1086 2850 cirione
1109 2780 1259 2846 dicitur:
1285 2781 1365 2846 abet
1387 2779 1468 2847 finis
1510 2829 2297 2858 ..............
2338 2779 2402 2862 ipso

563 2934 812 3002 abellanictum
836 2934 871 3000 et
892 2934 1071 2998 arbustum
1094 2934 1207 3000 facere
1228 2931 1345 2998 debet:
1370 2949 1392 2998 a
1414 2950 1497 3017 pars
1521 2929 1705 3000 occidentis
1727 2931 1797 2998 fine
1818 2931 1928 3016 ipsius
1950 2932 2102 3010 ecclesie,
2121 2935 2204 3000 sunt
2227 2930 2307 3000 inde
2321 2931 2402 3016 passi

564 3085 820 3171 quinquaginta
843 3085 923 3165 duo,
939 3088 974 3152 et
988 3087 1183 3152 rebolbente
1205 3083 1298 3169 passi
1320 3085 1408 3162 octo,
1428 3085 1551 3152 iterum
1575 3084 1770 3150 rebolbente
1785 3083 1822 3148 in
1837 3101 1921 3168 pars
1943 3083 2088 3151 meridie
2110 3084 2203 3168 passi
2227 3083 2401 3151 sidecim:a

561 3234 722 3318 partibus
748 3233 890 3303 meridie
914 3234 983 3302 llne
1005 3234 1116 3318 ipsius
1139 3234 1294 3310 ecclesie,
1313 3234 1394 3300 sunt
1415 3232 1540 3301 exinde
1562 3234 1656 3316 passi
1679 3231 1898 3317 septuaginta
1920 3231 2007 3300 duo:
2032 3231 2078 3300 da
2099 3233 2260 3316 partibus
2276 3231 2403 3300 orientis

560 3385 723 3452 similiter
746 3385 816 3452 line
839 3384 949 3470 ipsius
970 3386 1124 3462 ecclesie,
1143 3384 1290 3470 indeque
1314 3385 1407 3468 passi
1431 3385 1652 3468 septuaginta
1674 3383 1753 3450 duo:
1779 3383 1848 3450 alia
1870 3399 1953 3450 vero
1976 3387 2074 3467 parte
2096 3384 2166 3451 flue
2189 3384 2404 3468 ipsiuseccle·

563 3537 628 3614 sie,
646 3538 728 3604 sunt
750 3501 876 3602 eninde
899 3537 994 3620 passi
1019 3537 1206 3621 sexaginta
1230 3536 1413 3622 quadtuor,
1440 3539 1550 3602 tolum
1572 3537 1639 3602 luit
1661 3537 1898 3604 mensuratum
1924 3533 1966 3601 ad
1991 3535 2081 3601 iusto
2102 3554 2245 3619 passum
2271 3533 2401 3601 homini.

563 3705 628 3771 per
652 3689 717 3754 iste
739 3687 820 3784 finis
842 3691 878 3754 et
900 3687 1076 3756 mensurio
1100 3688 1177 3754 illut
1199 3687 1232 3753 ei
1255 3686 1461 3754 tradidimus
1484 3707 1562 3753 cum
1586 3686 1765 3755 medietate
1787 3688 1864 3772 ipso
1886 3687 2114 3754 castanietum
2137 3685 2227 3771 quod
2242 3687 2318 3752 abet
2333 3702 2404 3769 par·
2474 3777 2479 3790 Ι

562 3835 653 3904 tibus
674 3839 792 3903 nostre
814 3837 960 3904 ecclesie
985 3837 1097 3921 ibique
1122 3837 1158 3902 in
1181 3854 1264 3920 pars
1287 3835 1432 3903 meridie
1454 3836 1655 3903 coniuntum
1678 3837 1743 3904 ista
1766 3839 1873 3915 terra,
1899 3838 1933 3904 et
1955 3836 2031 3921 ipso
2053 3839 2201 3906 bacuum
2223 3835 2283 3922 qui
2305 3837 2406 3903 estin

564 3988 724 4072 partibus
747 3988 900 4064 orientis,
918 3987 1079 4054 similiter
1101 3984 1217 4068 ibique
1240 3987 1452 4064 conmotam,
1472 3987 1534 4052 tali
1559 3985 1693 4064 ordine,
1720 3987 1758 4051 ut
1780 3986 1902 4052 amodo
1925 3989 1960 4055 et
1983 4004 2088 4073 usque
2112 3991 2187 4052 octo
2213 3986 2296 4053 anni
2323 4002 2406 4052 com·

562 4137 649 4220 pleti
672 4137 732 4203 ille
754 4141 865 4202 autem
891 4138 925 4202 et
948 4135 1118 4214 homines,
1137 4133 1226 4219 quod
1251 4133 1295 4201 ad
1319 4135 1545 4204 laborandum
1568 4138 1603 4202 et
1624 4135 1874 4220 pastenandum
1897 4137 1944 4204 ibi
1972 4137 2141 4216 miserint,
2160 4141 2195 4204 et
2209 4155 2325 4205 eorum
2339 4155 2407 4203 erc-

558 4286 620 4354 des
644 4288 830 4371 pastenare
854 4287 932 4371 ipsa
954 4289 1051 4352 terra
1073 4304 1136 4370 per
1159 4288 1394 4372 suprascripte
1417 4287 1496 4355 linis
1518 4291 1554 4355 et
1571 4289 1757 4394 mensurie,
1777 4292 1811 4356 et
1827 4288 1869 4356 de
1886 4290 1963 4374 ipsa
1977 4291 2072 4356 terra
2087 4290 2202 4375 ibique
2216 4290 2408 4356 coniunlum

560 4438 727 4520 quantum
754 4437 954 4520 potuerint,
980 4435 1040 4520 qui
1063 4438 1116 4503 est
1139 4438 1183 4502 ab
1211 4439 1375 4504 orientem
1400 4441 1591 4518 arbustum,
1617 4440 1756 4507 tertiam
1781 4441 1927 4524 partem,
1952 4443 1986 4508 et
2007 4441 2076 4507 due
2098 4442 2201 4508 sortis
2223 4441 2333 4508 facere
2354 4455 2408 4506 eos

560 4587 818 4666 abellanictum,
838 4591 873 4653 et
889 4589 999 4655 omnis
1015 4587 1167 4654 frudium
1190 4590 1225 4668 et
1241 4590 1405 4668 laborem,
1425 4608 1524 4674 quem
1541 4590 1623 4656 inde
1638 4593 1759 4658 tollere
1775 4593 1961 4675 potuerint,
1979 4594 2089 4660 totum
2105 4594 2183 4660 illut
2197 4593 2261 4662 sibi
2278 4592 2406 4666 abeant,

560 4737 759 4805 laciendum
777 4738 858 4807 inde
874 4739 963 4823 quod
979 4757 1095 4808 eorum
1111 4741 1319 4825 placuerint.
1337 4744 1471 4808 tantum
1489 4742 1612 4810 amodo
1628 4746 1663 4812 et
1678 4743 1757 4811 dum
1774 4743 1851 4828 ipsa
1865 4763 1920 4812 res
1942 4743 2129 4822 tenuerint,
2148 4763 2209 4827 per
2225 4742 2333 4810 omnis
2353 4758 2410 4807 an-

559 4909 656 4970 num,
676 4890 719 4960 de
735 4889 825 4974 quod
842 4891 888 4956 ibi
906 4891 1113 4958 seminatum
1128 4892 1270 4971 luerint,
1290 4893 1396 4961 deant
1409 4894 1535 4962 exinde
1549 4897 1751 4963 terraticum
1769 4896 1806 4962 in
1821 4915 1905 4980 pars
1927 4899 2044 4963 nostre
2065 4897 2207 4964 ecclesie
2228 4895 2404 4966 secundum

558 5043 771 5111 consuetudo
786 5041 829 5109 de
845 5043 921 5125 ipso
938 5043 1062 5120 locum,
1081 5044 1116 5108 et
1131 5043 1206 5126 ipso
1221 5044 1447 5111 castanietum
1463 5045 1612 5112 medium
1625 5045 1714 5130 quod
1726 5064 1832 5130 supra
1846 5045 2008 5126 diximus,
2024 5065 2085 5131 per
2101 5051 2255 5132 tempore
2269 5065 2325 5114 eos
2339 5047 2405 5113 illis

556 5194 724 5279 colligere
741 5196 776 5264 et
790 5193 945 5271 seckare,
964 5196 998 5260 et
1020 5195 1159 5261 tertiam
1183 5197 1318 5279 partem
1343 5196 1423 5263 inde
1447 5196 1490 5264 ad
1514 5215 1595 5281 pars
1618 5197 1727 5282 ipsius
1749 5198 1892 5264 ecclesie
1913 5197 2091 5276 da1·e,due
2117 5199 2221 5266 sortis
2247 5197 2324 5266 inde
2344 5195 2404 5264 sibi

557 5347 670 5412 abere.
693 5349 810 5413 tamen
826 5345 856 5413 si
872 5364 951 5414 case
967 5347 1113 5413 fecerint
1129 5346 1165 5412 in
1188 5347 1264 5430 ipso
1287 5346 1435 5431 pastino,
1453 5347 1531 5414 dum
1557 5349 1604 5414 ibi
1629 5348 1851 5427 abitaberint,
1869 5352 2009 5416 teneant
2031 5349 2106 5434 ipso
2128 5350 2349 5417 castanietum
2371 5345 2403 5410 in

555 5495 796 5580 suprascripto
813 5495 946 5582 ordine3
964 5498 998 5564 et
1013 5497 1042 5563 si
1059 5495 1107 5562 ibi
1123 5513 1193 5562 non
1209 5497 1429 5574 animumne,
1448 5497 1457 5560 i
1461 5516 1522 5580 pso
1538 5496 1767 5564 castanietum
1783 5497 1966 5566 trasactibe
1982 5499 2136 5566 robertas
2150 5499 2194 5567 ad
2209 5498 2286 5584 ipsa
2306 5497 2402 5566 eccle

557 5643 631 5715 sia:
649 5645 811 5714 similiter
826 5649 860 5714 et
875 5649 904 5713 si
920 5647 1014 5714 inira
1029 5605 1104 5732 ipso
1120 5649 1341 5728 constitutum
1357 5649 1517 5715 venerint
1532 5650 1665 5718 omines
1681 5651 1738 5736 qui
1758 5649 1801 5717 de
1824 5649 1899 5735 ipso
1922 5655 2068 5720 bacuum
2092 5650 2136 5720 ad
2159 5647 2401 5737 pasteuandum

557 5795 862 5882 compreenscrint,
882 5797 926 5864 de
941 5802 1105 5882 quantum
1122 5817 1191 5866 non
1207 5801 1373 5869 abueritis
1389 5799 1515 5867 exinde
1531 5803 1747 5885 pastenatum
1771 5806 1805 5870 et
1827 5807 2007 5888 operatum
2029 5803 2140 5890 adque
2161 5807 2305 5882 surtum,
2323 5799 2402 5868 sicut
