5216 7092
966 571 1337 644 DlPLOMthCUS

974 1029 1350 1110 CCCXLVIII.

1010 1274 1065 1349 A.
1102 1273 1153 1350 D.
1192 1273 1295 1352 983.

266 1529 361 1667 †In
393 1583 534 1650 nomine
558 1584 690 1652 domini
718 1585 846 1652 domno
873 1586 974 1653 basili
1000 1581 1121 1652 divina
1146 1586 1481 1670 gratia'imperator
1507 1591 1655 1672 augusto
1680 1588 1745 1657 deo
1772 1591 1945 1675 propitius
1971 1593 2071 1660 Anno

205 1733 378 1801 vicesimo
395 1736 495 1803 sexto
510 1736 649 1821 imperii
666 1737 752 1815 eius,
770 1739 805 1804 et
819 1736 984 1804 vicesimo
1000 1754 1092 1804 anno
1109 1754 1187 1804 cum
1211 1754 1251 1802 eo
1276 1739 1447 1822 regnante
1470 1737 1596 1805 domno
1619 1741 1838 1807 constantino
1854 1744 1963 1808 frater
1978 1743 2063 1822 eius,

95 1909 111 1930 ··
202 1887 443 1957 sanctissimis
470 1888 740 1972 imperatoribus
769 1889 908 1966 nostris
939 1905 1056 1956 mense
1083 1889 1262 1956 ianuarius
1286 1889 1470 1957 undecima
1496 1889 1697 1958 indictione.
1727 1892 1807 1960 Ideo
1833 1912 1899 1979 que
1925 1913 1991 1979 ego
2018 1897 2074 1964 vir

203 2040 351 2107 nomine
366 2041 499 2107 simeon
516 2040 687 2124 presbiter
703 2040 776 2106 filio
792 2039 929 2108 cuidam
947 2039 1113 2108 adelchisi
1137 2058 1208 2106 una
1230 2058 1307 2106 cum
1332 2041 1422 2108 falco
1443 2042 1516 2109 filio
1540 2061 1616 2109 meo
1638 2044 1698 2128 qui
1720 2064 1839 2112 sumus
1862 2064 1906 2113 ex
1930 2047 2072 2114 cibitate

202 2190 383 2258 lucaeriae
399 2191 607 2269 habitantes,
625 2190 863 2259 claresacimus
877 2190 968 2257 enim
986 2193 1068 2258 ante
1088 2191 1263 2276 presentia
1285 2191 1443 2258 sadelfrit
1465 2192 1613 2260 iudicem
1630 2195 1665 2260 et
1679 2194 1866 2262 nobiliores
1889 2196 2068 2264 hominum

201 2344 258 2428 qui
275 2345 342 2411 hic
359 2345 476 2411 subter
492 2343 679 2429 conscripti
696 2347 786 2424 sunt,
804 2345 884 2430 quia
898 2345 1062 2412 habemus
1077 2363 1183 2411 unam
1207 2346 1432 2412 aecclaesiam
1457 2347 1494 2414 in
1517 2348 1630 2414 locum
1652 2349 1712 2432 qui
1734 2349 1861 2418 dicitur
1884 2351 2069 2435 lamacupa

202 2501 376 2567 uocabulo
389 2500 582 2568 sanctorum
599 2501 833 2584 apostolorum
859 2498 1058 2584 philippici
1081 2499 1189 2566 iacobi
1215 2519 1293 2568 curn
1315 2501 1529 2584 aliquantum
1552 2501 1594 2568 de
1617 2504 1713 2568 terra
1735 2520 1844 2570 vacua
1867 2505 2062 2590 propinquo

205 2654 281 2738 ipsa
313 2652 474 2737 predicta
496 2653 712 2729 aecclesiam,
730 2669 828 2736 quem
854 2650 1005 2717 hisdicta
1028 2652 1198 2718 aecclesia
1221 2669 1298 2718 cum
1322 2653 1397 2736 ipsa
1420 2654 1516 2720 terra
1542 2669 1648 2719 vacua
1670 2669 1862 2737 congruum
1886 2654 1989 2722 michi
2015 2657 2068 2723 est

205 2809 352 2874 tertiam
377 2779 513 2890 partem
537 2805 692 2873 funditus
715 2807 809 2873 illam
834 2805 965 2873 donare
988 2805 1054 2871 tihi
1078 2807 1239 2889 stephani
1264 2807 1390 2872 clerico
1413 2810 1448 2873 et
1471 2807 1542 2872 filio
1566 2806 1732 2874 teuderici
1755 2807 1941 2890 presbiteri
1957 2806 2069 2892 ipsam

115 2985 117 2989 ·
206 2957 351 3024 tertiam
375 2959 507 3042 partem
531 2957 574 3028 de
596 2959 709 3042 ipsam
733 2958 956 3026 aecclaesiam
973 2955 1065 3025 etde
1089 2957 1162 3042 ipsa
1186 2959 1281 3024 terra
1304 2959 1338 3025 et
1353 2958 1442 3044 quod
1460 2959 1497 3024 in
1512 2959 1613 3024 antea
1628 2957 1692 3024 deo
1708 2958 1902 3042 opitulante
1917 2959 1963 3024 ibi
1980 2958 2065 3026 deus

206 3107 360 3188 dederit,
380 3127 515 3193 semper
532 3108 636 3177 liceat
650 3111 683 3177 te
705 3108 838 3193 tuisque
860 3107 1046 3176 heredibus
1070 3107 1182 3192 ipsam
1204 3106 1344 3174 tertiam
1368 3108 1505 3192 partem
1529 3107 1651 3214 tollere
1673 3107 1713 3172 in
1735 3107 1912 3190 perpetuis
1934 3108 2066 3192 tempo-

204 3262 317 3330 ribus.
336 3264 444 3338 Quam
468 3263 503 3330 et
525 3281 591 3348 ego
615 3262 740 3330 mulier
761 3261 902 3330 nomine
925 3261 1050 3329 dilecta
1072 3261 1147 3328 illia
1163 3259 1332 3344 quoddam
1351 3259 1441 3326 mari
1458 3261 1492 3329 et
1508 3275 1595 3325 uxor
1610 3258 1742 3325 scilicet
1756 3257 1923 3325 nominati
1939 3259 2068 3326 falconi

203 3414 419 3483 unanimiter
431 3415 647 3486 declaramus
659 3435 737 3483 cum
749 3415 906 3502 predicto
920 3417 996 3483 viro
1012 3433 1100 3493 meo,
1119 3416 1200 3500 quia
1215 3414 1252 3480 in
1267 3414 1323 3481 die
1339 3413 1568 3498 copulationis
1586 3415 1703 3480 nostre
1715 3411 1758 3480 de
1782 3412 1939 3480 omnibus
1963 3415 2067 3480 rebus

201 3569 237 3634 ct
259 3567 490 3634 facultatibus
513 3567 585 3635 suis
608 3571 766 3653 quartam
791 3568 925 3650 partem
949 3584 1004 3632 me
1020 3567 1124 3632 abere
1140 3565 1335 3643 manifesto,
1354 3564 1443 3630 sicut
1458 3564 1494 3630 in
1509 3565 1566 3631 lox
1582 3562 1876 3648 langobardorum
1898 3564 2064 3631 continet.

204 3721 260 3788 Set
284 3718 473 3788 audientes
496 3721 559 3787 nos
582 3737 625 3786 ea
648 3737 715 3805 que
738 3721 775 3786 in
799 3717 902 3786 edicti
925 3718 1078 3804 capitulo
1101 3717 1275 3785 adnexum
1298 3719 1350 3785 est
1364 3716 1407 3783 de
1430 3716 1644 3795 mulieribus,
1673 3734 1740 3801 que
1755 3734 1812 3782 res
1827 3735 1909 3785 suas
1924 3733 2069 3785 consen·

203 3877 351 3946 tientem
375 3875 449 3942 viro
474 3892 638 3942 succum
662 3877 711 3943 eis
735 3874 779 3942 ad
803 3875 1031 3942 communiter
1054 3874 1186 3942 donare
1208 3873 1369 3960 voluerit3
1401 3876 1477 3958 Ego
1500 3875 1615 3940 autem
1638 3871 1719 3940 fecit
1752 3890 1796 3938 ex
1830 3887 1870 3936 oc
1904 3870 2065 3938 notitiam

203 4029 352 4097 iohanni
376 4029 503 4097 clerico
526 4031 561 4097 et
582 4031 672 4114 petri
696 4030 771 4098 veri
795 4031 957 4114 germani
980 4030 1078 4110 meis,
1105 4005 1143 4095 ut
1167 4031 1204 4095 in
1227 4047 1291 4096 anc
1326 4028 1545 4096 donationem
1580 4024 1827 4110 perficiendum
1854 4025 1961 4090 michi
1994 4042 2068 4092 esse

202 4179 473 4248 consentientes.
493 4181 538 4246 At
553 4180 605 4247 illi
621 4181 875 4250 consentientes
898 4180 1003 4248 michi
1027 4181 1183 4268 fuerunt3
1201 4198 1279 4247 cum
1303 4179 1389 4263 ipsis
1410 4175 1504 4248 enim
1527 4176 1647 4244 habuit
1668 4177 1704 4243 et
1726 4193 1803 4241 cum
1819 4173 1975 4260 predicto
1990 4175 2067 4241 viro

203 4350 279 4400 meo
303 4333 388 4400 ante
409 4330 650 4416 supradictum
674 4330 823 4398 iudicem
847 4332 882 4398 et
905 4329 949 4398 ad
972 4348 1049 4396 eum
1074 4346 1191 4396 coram
1215 4328 1301 4414 ipsis
1317 4327 1557 4413 proclamavit,
1573 4329 1610 4396 ut
1625 4327 1732 4394 michi
1748 4343 1813 4413 que
1836 4341 1942 4410 supra
1956 4323 2067 4392 nomi-

206 4489 290 4553 nate
313 4485 452 4554 mulieri
479 4485 645 4553 tribueret
666 4485 805 4552 firmam
828 4484 1006 4552 licentiam
1029 4481 1199 4572 donandi3
1217 4483 1292 4570 ipse
1316 4481 1376 4569 qui
1399 4500 1507 4569 supra
1529 4481 1634 4549 iudex
1664 4479 1755 4566 cepit
1787 4501 1842 4550 me
1876 4479 2066 4567 diligenter

205 4636 396 4722 inquirere,
422 4655 467 4704 ne
492 4637 581 4705 sorte
604 4636 673 4704 vim
697 4640 835 4722 pateret
856 4638 979 4723 aliquit
1000 4656 1022 4704 a
1043 4637 1199 4724 predicto
1222 4636 1299 4703 viro
1321 4655 1397 4704 meo
1418 4638 1480 4702 aut
1502 4636 1662 4720 aquavis
1678 4635 1873 4704 hominem:
1893 4653 1961 4721 ego
1983 4653 2067 4704 rere

199 4785 275 4856 eius
297 4789 510 4872 presentiam
537 4790 625 4856 bona
647 4806 723 4856 mea
746 4789 911 4856 indicavit
931 4807 1006 4858 esse
1030 4791 1280 4874 bolumptatem
1304 4790 1381 4856 sine
1404 4789 1510 4856 ullam
1534 4787 1749 4868 violentiam.
1769 4787 1843 4872 ipse
1865 4787 1925 4884 qni
1948 4806 2062 4874 supra

201 4937 321 5016 iudex,
340 4937 422 5004 dum
438 4957 495 5006 me
507 4938 698 5025 diligenter
713 4939 895 5026 inquisivit
921 4943 955 5008 et
980 4942 1112 5007 nullam
1140 4940 1178 5006 in
1205 4959 1261 5008 me
1287 4939 1451 5024 cognovit
1476 4937 1686 5018 violentiam,
1704 4956 1787 5006 mox
1812 4939 1934 5007 tribuit
1958 4938 2065 5006 michi

202 5088 343 5155 firmam
360 5089 536 5156 licentiam
551 5088 718 5156 donandi.
737 5093 815 5174 post
831 5091 973 5175 accepta
996 5108 1144 5175 namque
1167 5088 1342 5158 licentiam
1365 5107 1386 5156 a
1409 5089 1609 5175 supradicto
1633 5088 1789 5168 iudicem,
1807 5091 1889 5156 tunc
1910 5107 1977 5174 ego
1999 5107 2065 5174 que

201 5261 313 5328 snpra
328 5243 422 5311 dicta
437 5244 561 5314 mulier
577 5262 645 5312 una
661 5261 737 5309 cum
753 5243 873 5312 eodem
888 5244 964 5311 viro
981 5261 1058 5311 meo
1082 5248 1117 5312 et
1133 5245 1200 5330 ipsi
1223 5245 1283 5331 qui
1305 5243 1495 5330 supradicti
1518 5243 1695 5330 germanis
1718 5243 1805 5310 meis
1827 5243 1971 5310 iohanni
1994 5245 2062 5311 cle·

201 5393 275 5461 rico
291 5396 328 5461 et
343 5397 444 5480 petri,
462 5397 521 5480 qui
538 5396 575 5462 in
590 5395 711 5464 eadem
729 5399 824 5462 carta
839 5415 910 5464 una
926 5396 1102 5464 nobiscum
1118 5414 1259 5465 manum
1274 5397 1525 5480 imposuerunt,
1543 5397 1633 5462 bona
1646 5393 1773 5462 etenim
1789 5397 1909 5462 nostra
1928 5397 2063 5464 bolum-

201 5548 333 5629 ptatem
349 5543 554 5614 donavimus
570 5546 632 5612 tihi
650 5546 838 5616 cuiusdicto
853 5548 1015 5632 stephani
1032 5547 1159 5616 clerico
1176 5547 1287 5633 ipsam
1304 5547 1441 5615 tertiam
1457 5547 1591 5630 partem
1607 5544 1650 5612 de
1660 5544 1777 5630 ipsam
1800 5547 2002 5616 aecclesiam
2025 5550 2061 5614 et

200 5694 244 5764 de
259 5696 338 5782 ipsa
353 5699 461 5764 terra:
476 5700 510 5764 et
525 5715 564 5764 as
579 5697 667 5764 fines
682 5701 717 5764 et
732 5715 913 5766 mensuras
929 5698 1122 5767 indicamus
1138 5699 1268 5767 hahere
1282 5699 1394 5782 ipsam
1410 5699 1517 5764 totam
1532 5699 1662 5766 terram
1679 5715 1746 5783 qne
1757 5698 1983 5765 communiter
1995 5702 2058 5776 est,

204 5837 309 5916 unam
326 5851 461 5934 partem
479 5848 585 5916 michi
601 5850 657 5934 qui
671 5867 779 5934 supra
795 5849 968 5930 donatori,
983 5849 1133 5918 secunda
1148 5849 1276 5918 andree
1290 5847 1355 5915 filii
1373 5849 1459 5933 lupi,
1472 5849 1610 5917 tertiam
1627 5847 1738 5934 igitur
1754 5849 1920 5917 nominati
1933 5848 2060 5920 stefani
