5216 7092
592 572 654 636 138
1261 551 1425 625 cobux
1462 553 1695 627 clvultsls

544 804 594 872 lia
616 802 692 870 fieri
714 798 898 882 subscripti
921 795 1065 880 ydoneis
1088 793 1287 863 hominibus
1309 795 1403 864 inter
1425 813 1489 863 nos
1514 795 1678 865 esendum
1704 799 2001 880 commeabimus,
2028 803 2067 869 ut
2089 802 2179 887 quod
2203 803 2328 874 exinde
2352 808 2400 876 le·

546 957 707 1034 cerimus,
732 954 870 1020 firmum
894 954 930 1018 et
952 951 1111 1020 stabilem
1135 953 1373 1036 permaneret:
1399 951 1478 1035 post
1493 953 1559 1018 hoc
1575 970 1643 1036 ego
1658 951 1841 1022 iamdictus
1862 953 2033 1025 iohannes
2052 954 2183 1024 domini
2199 941 2319 1042 gratia
2332 961 2399 1046 epi·

542 1125 669 1193 scopus
690 1123 762 1174 una
785 1121 919 1172 mecum
942 1104 1019 1189 ipse
1042 1102 1211 1172 iohannes
1225 1101 1390 1170 diaconus
1406 1105 1440 1171 et
1456 1102 1612 1188 predicto
1627 1101 1871 1172 adbocatcrem
1887 1123 1950 1191 per
1966 1107 2056 1174 bona
2071 1107 2325 1176 comvenientia
2339 1129 2400 1195 pro

545 1275 663 1326 amore
678 1253 925 1341 omnipotentis
949 1251 1006 1322 dei
1030 1257 1064 1324 et
1086 1254 1205 1322 nostre
1220 1251 1335 1339 patrie
1350 1251 1555 1321 salbationis
1570 1272 1632 1339 per
1656 1270 1721 1321 ano
1745 1256 1913 1321 cartulam
1938 1254 2146 1324 tradidimus
2168 1257 2233 1324 tibi
2257 1275 2400 1328 susanne

547 1411 829 1480 sanctemonialis
852 1408 973 1477 induta
996 1409 1071 1494 ipse
1092 1406 1291 1493 supradicte
1312 1406 1455 1476 ecclesie
1469 1406 1580 1474 sancti
1597 1407 1777 1474 liveratori
1791 1409 1827 1475 et
1842 1409 1955 1476 sancti
1972 1409 2035 1476 biti
2052 1427 2128 1478 eum
2144 1411 2247 1480 rebus
2269 1415 2304 1478 et
2326 1429 2402 1482 cau·

544 1581 621 1633 sam
637 1581 756 1633 earum
773 1561 996 1648 pertinentes,
1014 1561 1077 1630 tali
1100 1550 1227 1638 tinore,
1253 1561 1293 1626 ut
1314 1559 1437 1626 amodo
1459 1563 1495 1627 et
1516 1557 1637 1626 diebus
1659 1556 1730 1627 bite
1745 1560 1802 1629 tue
1851 1611 2096 1627 .....
2145 1561 2346 1642 tenendum,
2370 1568 2402 1634 et

543 1717 793 1786 dominandum
817 1718 852 1784 et
874 1717 971 1785 fobee
994 1717 1029 1782 et
1052 1713 1163 1783 omnis
1186 1715 1300 1781 vestre
1321 1712 1482 1781 utilitatis
1505 1712 1703 1781 laciendum
1727 1713 1766 1778 in
1788 1712 1891 1780 rebus
1906 1713 2060 1800 ipsarum
2087 1716 2324 1790 ecclesiarum.
2351 1719 2399 1786 la·

544 1887 646 1937 vores
669 1869 796 1937 exinde
812 1868 1000 1940 tollendum
1017 1870 1105 1936 etin
1121 1868 1196 1954 ipse
1219 1867 1362 1937 ecclesie
1377 1867 1685 1953 congregationem
1700 1869 1947 1934 monacharum
1964 1867 2215 1936 hordinandam
2241 1918 2397 1937 .....

544 2022 723 2089 volueritis
739 2025 774 2088 et
796 2019 990 2106 potueritis,
1009 2021 1045 2087 et
1058 2018 1228 2088 abendum
1244 2021 1332 2087 etin
1348 2018 1468 2087 eadem
1483 2017 1628 2088 ecclesia
1650 2017 1775 2086 cotidie
1780 2067 2026 2084 .....
2075 2019 2287 2087 monasterio
2310 2021 2402 2104 puel-

544 2176 669 2252 larum,
689 2175 724 2242 et
740 2191 847 2258 agere
870 2171 1061 2258 potueritis,
1080 2173 1116 2239 et
1137 2173 1267 2256 quanta
1290 2172 1423 2250 offerta,
1449 2171 1485 2238 et
1499 2169 1638 2238 datione
1687 2222 1693 2236 .
1747 2222 1754 2236 .
1806 2223 1812 2236 .
1861 2171 1975 2239 vestre
1990 2170 2036 2239 sit
2051 2170 2243 2256 potestatis,
2268 2173 2306 2238 et
2328 2172 2402 2240 nul-

544 2329 613 2394 lam
630 2326 728 2393 vobis
745 2324 827 2393 inde
842 2325 965 2392 tollere
980 2341 1188 2410 queramus:
1213 2323 1257 2390 ad
1279 2323 1435 2392 hobitum
1453 2325 1550 2390 tuum
1573 2323 1673 2408 quale
1721 2373 1967 2389 .....
2016 2322 2190 2392 abbatissa
2206 2323 2323 2390 facere
2348 2339 2402 2388 vo

544 2479 692 2557 luerItis,
711 2478 918 2563 potestatem
940 2477 1111 2554 haveatis,
1129 2477 1164 2543 et
1186 2475 1264 2560 ipsa
1286 2476 1438 2544 abatissa
1459 2477 1538 2559 post
1559 2477 1657 2542 tuum
1680 2474 1835 2544 hobitum
1859 2475 2019 2544 omnibus
2040 2475 2162 2545 diebus
2184 2475 2255 2544 bite
2277 2496 2339 2547 sue
2360 2478 2400 2546 ad

546 2649 646 2700 suam
671 2629 778 2698 abead
802 2629 1019 2715 potestatem,
1037 2627 1118 2694 dum
1142 2628 1248 2696 fuerit
1270 2626 1397 2695 ibidem
1421 2628 1497 2712 ipso
1511 2627 1756 2742 monasterio2
1804 2680 1811 2694 .
1863 2681 1871 2694 .
1923 2681 1930 2694 .
1982 2683 1989 2696 .
2039 2631 2309 2714 congregatione
2333 2648 2402 2696 mo

544 2785 738 2850 macharum
763 2780 889 2850 ibidem
914 2779 1124 2866 reliqueritis
1147 2781 1351 2867 potestatem
1374 2783 1531 2850 haveatis
1535 2832 1901 2848 .......
1950 2781 2063 2850 lacere
2084 2783 2119 2850 et
2140 2781 2245 2850 abere
2268 2783 2399 2867 qualem

542 2937 702 3014 voluerit,
721 2933 813 3003 etde
828 2933 1012 3002 abbatissa.
1079 2984 2397 3002 .......................

541 3235 669 3304 exinde
684 3237 760 3322 ipse
776 3235 937 3322 plagarie
958 3235 1048 3322 quod
1071 3236 1110 3304 in
1132 3236 1209 3320 ipso
1232 3237 1348 3305 monte
1371 3239 1452 3305 sunt
1475 3254 1553 3303 cum
1577 3237 1670 3304 omni
1694 3236 1842 3304 hordine
1890 3288 2195 3304 ......
2245 3239 2337 3324 quod
2360 3238 2401 3306 ad

542 3390 665 3456 nostra
687 3389 940 3456 reservabimus
964 3389 1186 3474 potestatem:
1212 3388 1384 3476 simulque
1406 3407 1429 3456 a
1452 3406 1519 3475 quo
1542 3389 1786 3458 monasterium
1810 3389 1937 3459 ibidem
1960 3381 2031 3458 noir
2053 3391 2168 3470 fuerit,
2186 3389 2278 3461 sicut
2295 3410 2401 3478 supra

545 3537 686 3622 legitur,
711 3541 789 3624 post
804 3539 901 3604 tuum
924 3537 1079 3604 hobitum
1103 3537 1226 3606 inclita
1248 3537 1488 3624 suprascripta
1511 3538 1716 3607 tradIctione
1737 3540 1891 3608 revertas
1910 3537 1954 3608 ad
1969 3541 2172 3624 potestatem
2195 3541 2306 3610 nostri
2331 3542 2402 3627 epi·

545 3689 676 3776 seopii3
701 3691 736 3756 et
759 3690 797 3755 ut
819 3689 1003 3757 hordinem
1028 3690 1113 3757 istut
1135 3689 1174 3757 in
1196 3690 1274 3760 aliis
1296 3691 1406 3759 modis
1428 3693 1695 3759 transmutatum
1718 3709 1789 3760 non
1811 3692 1907 3772 fiant,
1933 3693 2003 3761 ista
2025 3695 2161 3762 cartula
2182 3695 2225 3762 ad
2249 3700 2402 3765 nostram

544 3838 736 3908 retinemus
760 3839 978 3926 potestatem,
1004 3841 1039 3907 et
1060 3839 1165 3908 aliam
1189 3842 1295 3909 talem
1318 3841 1445 3910 exinde
1468 3841 1675 3910 tradidimus
1697 3841 1739 3910 ad
1762 3845 1966 3928 potestatem
1990 3845 2098 3930 ipsius
2114 3863 2275 3914 susanne.
2290 3849 2326 3917 et
2341 3849 2401 3918 tali

541 3992 689 4062 hordine
712 3996 746 4061 te
769 3992 987 4062 theodericus
1010 3994 1169 4062 notarius
1192 3995 1346 4063 scribere
1368 3995 1579 4081 rogabimus.
1606 3999 1722 4064 actum
1746 3997 1894 4065 salerno.

1307 4501 1636 4584 CCCXVIII.

1329 4751 1385 4827 A.
1421 4749 1473 4828 D.
1511 4746 1614 4828 980.
1744 4819 1745 4822 γ

600 5005 690 5144 †ln
706 5057 848 5126 nomine
865 5056 996 5124 domini
1013 5056 1189 5125 tricesimo
1212 5057 1361 5144 septimo
1384 5076 1477 5127 anno
1500 5057 1719 5144 principatus
1741 5057 1859 5126 domni
1882 5057 2025 5145 paldolfi
2047 5059 2192 5144 gloriosi
2214 5059 2397 5144 principis,

546 5210 582 5275 et
605 5207 755 5277 secundo
779 5226 872 5276 anno
895 5208 972 5276 eius
994 5207 1135 5287 salomi,
1161 5210 1197 5276 et
1218 5211 1317 5278 sexto
1340 5227 1432 5276 anno
1454 5209 1674 5295 principatus
1696 5209 1813 5278 domni
1836 5209 1980 5295 paldold
2002 5209 2077 5278 eius
2098 5210 2184 5290 filio,
2210 5227 2327 5278 mense
2350 5209 2401 5278 ia·

543 5358 689 5426 nuarius
706 5359 830 5427 octaba
844 5358 1046 5428 indictione.
1065 5361 1348 5430 memoratorium
1364 5361 1459 5428 factu
1474 5378 1497 5428 a
1513 5379 1569 5429 me
1583 5363 1756 5446 alphanus
1770 5360 1863 5430 illius
1878 5361 2051 5446 quondam
2068 5359 2237 5447 areghisi,
2256 5376 2297 5428 eo
2310 5357 2400 5444 quod

548 5510 631 5576 ante
645 5509 831 5595 subscripti
846 5512 952 5579 testes
966 5531 1030 5598 per
1045 5529 1137 5580 vona
1152 5511 1407 5581 comvenientia
1422 5512 1552 5599 guadia
1567 5513 1654 5581 mihi
1669 5511 1840 5582 dederunt
1853 5515 1973 5600 petrus
1988 5517 2023 5582 et
2036 5513 2156 5600 nigola
2178 5514 2338 5600 germani
2360 5513 2401 5580 fi-

541 5659 581 5726 lii
597 5661 769 5745 quondam
785 5661 942 5742 iohanni,
960 5667 996 5733 et
1011 5663 1218 5735 mediatores
1234 5665 1322 5734 mihi
1339 5667 1528 5753 posuerunt
1543 5685 1581 5735 se
1596 5667 1682 5753 ipsis
1697 5687 1707 5754 3
1724 5668 1759 5736 et
1773 5685 1835 5753 per
1850 5667 1928 5753 ipsa
1949 5664 2080 5752 guadia
2100 5664 2341 5750 obligaberunt
2362 5681 2400 5734 se

543 5813 577 5881 et
593 5813 664 5882 suis
680 5815 865 5885 heredibus
880 5815 1004 5886 amodo
1018 5821 1054 5886 et
1069 5837 1175 5905 usque
1189 5818 1306 5891 decem
1322 5817 1407 5888 anni
1424 5819 1585 5906 completi
1600 5821 1719 5890 tenere
1734 5817 1779 5888 ad
1795 5819 2023 5888 lavorandum
2039 5819 2142 5887 terris
2166 5817 2276 5886 bacue
2292 5820 2326 5886 et
2340 5815 2401 5886 sil·
