5286 7098
536 628 594 690 ho
1197 609 1359 682 CODEX
1399 611 1632 686 cavensis

486 859 629 925 ecclesia
645 855 756 923 sancti
772 855 904 922 felicis:
923 872 1068 938 cumque
1084 852 1144 920 tali
1161 853 1383 920 commutatio
1398 853 1441 923 de
1461 855 1671 940 supradietis
1694 860 1797 927 rebus
1812 859 1982 928 internos
2006 862 2098 928 iacta
2112 863 2165 930 661
2188 867 2223 929 61
2238 863 2343 929 utris-

484 1028 551 1095 que
566 1009 721 1094 partibus
736 1005 979 1092 scriptionibus
1002 1025 1045 1074 ex
1070 1005 1154 1092 ipsis
1178 1007 1280 1074 rebus
1302 1007 1494 1086 firmarent,
1519 1011 1554 1076 61
1570 1009 1644 1094 ipse
1660 1013 1729 1078 Leo
1751 1031 1796 1079 ex
1819 1011 1896 1096 ipsa
1918 1012 2142 1098 navigatione
2164 1015 2339 1083 reverten-

485 1167 535 1230 tes
558 1165 594 1230 et
616 1162 754 1231 laliaci
778 1163 938 1230 nuntiata
960 1161 1116 1240 luissent,
1136 1178 1203 1228 una
1225 1179 1300 1228 cum
1324 1179 1400 1230 eum
1424 1165 1459 1230 et
1481 1181 1558 1230 cum
1582 1163 1666 1248 ipsis
1689 1164 1899 1249 supradictis
1921 1183 2014 1234 anna
2036 1168 2070 1234 et
2092 1167 2211 1252 sergio
2232 1170 2267 1234 et
2282 1186 2341 1254 pe-
2403 1249 2407 1256 ¹

484 1321 539 1384 tro
565 1335 671 1402 super
697 1316 782 1402 ipsis
808 1319 911 1386 rebus
939 1316 1186 1404 perreximus3
1217 1321 1252 1384 61
1274 1316 1357 1384 dum
1381 1317 1441 1386 ille
1464 1316 1687 1403 providentes
1713 1317 1980 1404 diligentissime
2005 1338 2069 1405 per
2095 1320 2178 1387 finis
2201 1321 2239 1388 in
2261 1320 2340 1389 duis

485 1470 610 1536 bonam
622 1471 657 1536 et
668 1469 788 1536 utilem
801 1469 833 1536 ei
845 1469 1040 1554 comparuit
1052 1469 1088 1534 in
1100 1467 1256 1537 omnibus
1272 1467 1348 1553 ipsa
1365 1468 1509 1544 vicaria,
1525 1486 1628 1552 quem
1641 1485 1703 1537 nos
1714 1487 1791 1536 cum
1807 1470 1884 1554 ipsa
1900 1488 2009 1538 uxore
2022 1471 2096 1539 eius
2111 1473 2147 1540 61
2161 1489 2238 1540 cum
2254 1472 2341 1540 iam-

483 1623 576 1690 dicto
592 1623 709 1708 sergio
732 1622 939 1723 consobrino
961 1638 1024 1688 suo
1039 1624 1075 1688 et
1090 1638 1166 1688 cum
1192 1621 1268 1705 ipso
1291 1623 1410 1705 petrus
1432 1621 1475 1690 dc
1497 1621 1583 1706 ipsis
1606 1625 1709 1692 rebus
1731 1623 1885 1691 fecimus:
1899 1641 2045 1709 cumque
2067 1624 2099 1692 ei
2114 1624 2335 1710 placuissent,

484 1781 521 1846 ut
543 1777 621 1862 ipsa
644 1775 868 1843 commutatio
891 1774 934 1842 de
957 1775 1043 1860 ipsis
1066 1776 1169 1842 rebus
1194 1775 1318 1842 stabile
1341 1775 1433 1842 inter
1456 1792 1518 1842 nos
1542 1779 1735 1854 manerent,
1755 1777 1870 1844 statim
1895 1777 1970 1862 ipse
1986 1779 2040 1846 leo
2063 1777 2143 1847 iecit
2166 1779 2266 1846 nobis
2280 1780 2340 1846 dr-

483 1948 575 1997 mam
599 1929 821 1998 securitatem
839 1929 882 1996 de
898 1929 984 2013 ipsis
999 1930 1114 2006 rebus,
1134 1933 1171 1994 ut
1187 1928 1282 1998 omni
1298 1930 1454 2013 tempore
1471 1927 1648 1996 nobiscum
1663 1927 1745 1996 inde
1760 1929 1905 1997 manead
1929 1949 1992 2016 per
2009 1931 2103 1998 o'mni
2120 1931 2277 2010 hordine,
2294 1933 2340 2000 si-

484 2084 542 2148 cut
565 2080 640 2165 ipsa
663 2082 784 2146 nostra
806 2080 902 2144 carta
924 2077 1204 2144 commutationis
1227 2077 1392 2166 continet,
1412 2095 1476 2161 que
1490 2076 1624 2161 scripta
1645 2080 1697 2145 est
1720 2096 1782 2163 per
1806 2098 1906 2147 ursus
1929 2081 2043 2147 scriba
2065 2081 2337 2148 amalfitanorum

484 2235 519 2299 in
535 2249 604 2316 quo
628 2233 747 2315 plures
770 2230 986 2297 amalfitanos
1010 2246 1113 2296 manu
1137 2228 1282 2312 propria
1305 2227 1427 2313 scripti
1451 2231 1553 2296 sunt:
1580 2231 1614 2295 61
1638 2229 1698 2296 1116
1728 2231 1887 2299 similiter
1911 2233 2010 2316 petiit
2039 2233 2193 2314 anobis,
2216 2235 2254 2299 ut
2276 2249 2338 2299 nos

482 2384 704 2466 securitatem
728 2384 760 2450 ei
784 2382 962 2448 mittamus
984 2380 1027 2448 de
1052 2381 1173 2448 inclita
1195 2399 1258 2448 sua
1283 2383 1468 2448 sortionem
1493 2379 1536 2448 de
1559 2382 1717 2449 omnibus
1740 2382 1826 2468 ipsis
1843 2385 1954 2462 rebus,
1973 2383 2064 2468 quod
2080 2383 2234 2467 ipsorum
2249 2402 2358 2450 anne·

375 2585 378 2590 ,
482 2539 517 2602 61
533 2535 690 2620 predicto
707 2535 827 2620 sergio
848 2535 882 2601 et
905 2537 1004 2619 petro
1020 2552 1083 2620 per
1104 2534 1206 2601 firma
1229 2537 1326 2636 carta
1347 2532 1553 2602 tradidimus
1576 2553 1643 2620 que
1666 2535 1797 2620 scripta
1819 2539 1871 2606 est
1895 2556 1955 2621 per
1979 2538 2093 2621 ipsum
2115 2555 2216 2606 ursus
2230 2538 2264 2603 61
2279 2555 2339 2621 per

484 2691 601 2774 plures
620 2689 840 2786 amalfitanos
863 2689 1037 2755 roborata.
1064 2691 1099 2756 61
1120 2687 1198 2754 ideo
1221 2704 1287 2771 ego
1310 2687 1467 2772 superius
1489 2687 1602 2770 dictus
1625 2689 1769 2772 lupenus
1786 2689 1879 2756 intus
1901 2689 2151 2757 salernitanam
2167 2688 2338 2757 civitatem

482 2859 545 2925 per
569 2842 660 2908 hanc
684 2838 843 2907 videlicet
864 2838 1087 2924 scriptionem
1111 2838 1277 2904 confirmo
1301 2837 1364 2902 tivi
1388 2838 1549 2922 prephati
1571 2839 1664 2906 leoni
1688 2839 1811 2906 inclita
1842 2841 1902 2905 tua
1935 2840 2088 2906 sortione
2117 2838 2160 2906 de
2190 2856 2234 2905 ex
2263 2837 2339 2923 ipsa

480 2991 594 3070 reb'us,
620 2992 710 3078 quod
734 3010 797 3060 nos
819 2992 1100 3084 commutationis
1124 2991 1271 3061 hordine
1285 2991 1443 3060 dedimus
1473 2991 1683 3078 supradictis
1706 3011 1798 3060 anna
1820 2995 1855 3060 61
1877 2992 1995 3077 sergio
2017 2994 2051 3060 et
2073 2995 2171 3076 petro
2193 3010 2256 3075 per
2278 2991 2338 3058 ille

478 3146 571 3223 finis,
598 3147 687 3214 sicut
711 3145 788 3230 ipsa
811 3146 953 3231 scriptio
977 3147 1137 3224 continet,
1153 3146 1242 3231 quod
1266 3146 1336 3212 illis
1358 3144 1402 3213 de
1425 3147 1500 3231 ipsa
1524 3148 1627 3213 rebus
1650 3145 1820 3213 firmatam
1847 3147 1961 3222 abent,
1989 3147 2027 3210 ut
2050 3143 2173 3210 amodo
2196 3145 2231 3210 61
2252 3161 2341 3210 sem-

477 3318 541 3386 per
565 3317 625 3367 166
650 3301 840 3385 vestrisque
864 3299 1048 3371 heredibus
1071 3300 1164 3366 omni
1190 3303 1344 3384 tempore
1368 3299 1487 3367 inclita
1508 3301 1571 3367 tua
1593 3300 1745 3367 sortione
1767 3299 1810 3366 de
1827 3301 1912 3384 ipsis
1935 3301 2036 3366 rebus
2059 3275 2179 3368 securo
2202 3298 2340 3366 nomine

479 3455 613 3522 abeatis
637 3455 672 3520 61
696 3451 914 3536 possideatis,
941 3454 975 3520 61
998 3452 1116 3520 omnia
1138 3449 1219 3520 inde
1242 3453 1380 3520 iacietis
1404 3452 1494 3538 quod
1518 3452 1697 3520 volueritis
1720 3454 1846 3538 absque
1869 3452 1963 3519 omni
1987 3453 2106 3520 nostra
2127 3453 2340 3520 nostrorum-

478 3621 545 3687 que
568 3604 753 3673 heredibus
776 3605 1024 3672 contrarietate
1047 3607 1100 3672 vel
1124 3605 1361 3690 requisitione.
1387 3605 1429 3673 dc
1458 3623 1528 3691 qua
1551 3606 1693 3690 hobligo
1717 3605 1860 3708 mequi
1890 3623 1996 3690 supra
2027 3605 2173 3688 lupenus
2195 3605 2230 3671 61
2252 3603 2339 3670 meis

478 3756 672 3836 heredibus,
692 3759 730 3825 ut
747 3757 776 3824 si
792 3759 978 3844 aliquando
993 3763 1148 3844 tempore
1164 3760 1284 3842 inclita
1298 3766 1413 3828 vestra
1428 3761 1590 3860 portione
1605 3759 1648 3827 de
1664 3760 1749 3844 ipsis
1766 3761 1868 3826 rebus
1884 3776 1946 3843 per
1962 3757 2037 3842 ipse
2052 3757 2145 3836 finis,
2160 3757 2246 3828 616111
2263 3756 2338 3841 ipsa

478 3911 622 3994 scriptio
647 3899 923 3978 commutationis
946 3911 1109 3992 continet,
1129 3912 1218 3998 quod
1236 3913 1391 3997 ipsorum
1415 3931 1505 3982 anne
1528 3917 1563 3980 et
1586 3912 1702 3997 sergio
1717 3915 1752 3980 61
1774 3912 1864 3997 petri
1889 3911 2078 3988 emisimus,
2097 3907 2221 3996 aliquit
2241 3908 2338 3976 vobis

477 4064 560 4132 indo
582 4065 705 4132 tollere
720 4068 780 4132 aut
794 4067 955 4132 contrane
979 4065 1277 4149 presumserimus
1296 4067 1350 4132 vel
1375 4066 1491 4151 alique
1514 4037 1729 4134 causationes
1752 4065 1848 4134 vobis
1870 4063 1951 4131 inde
1974 4061 2254 4149 preposuerimus
2275 4079 2337 4147 per

477 4233 693 4301 quacumque
710 4215 861 4294 modum,
881 4218 960 4285 ante
976 4217 1095 4284 omnia
1111 4217 1244 4302 questio
1260 4221 1295 4285 et
1310 4203 1464 4287 causatio
1481 4221 1600 4286 nostra
1622 4217 1734 4286 modis
1751 4217 1909 4286 omnibus
1924 4217 1995 4285 sint
2009 4215 2089 4282 inde
2112 4217 2216 4282 tacita
2231 4219 2265 4282 et
2281 4232 2339 4280 ra-

477 4383 543 4433 cua
558 4371 593 4432 61
617 4365 660 4432 ad
684 4367 933 4450 compositione
950 4367 1081 4434 siamus
1104 4383 1169 4434 nos
1190 4367 1383 4452 nostrisque
1406 4367 1590 4436 heredibus
1612 4369 1784 4453 hobligati
1809 4367 1852 4434 ad
1876 4367 2149 4453 componendum
2168 4367 2265 4435 vobis
2281 4387 2336 4436 16-

479 4519 629 4602 strisque
652 4518 837 4585 heredibus
858 4517 1022 4586 ducentos
1046 4519 1124 4585 auri
1146 4518 1273 4588 solidos
1289 4520 1548 4600 constantinos,
1566 4525 1602 4588 et
1616 4521 1710 4587 omni
1727 4523 1883 4606 tempore
1905 4541 1965 4588 166
1989 4521 2180 4605 vestrisque
2203 4517 2341 4588 heredi·

480 4669 544 4738 bus
561 4671 683 4737 inclita
698 4675 813 4738 restra
830 4671 982 4739 sortione
998 4672 1041 4739 de
1055 4672 1262 4759 supradictis
1278 4676 1392 4751 rebus,
1411 4674 1500 4760 quod
1516 4693 1579 4760 per
1596 4675 1674 4760 ipsa
1689 4677 1787 4742 carta
1808 4675 2048 4742 vicariationis
2073 4675 2226 4759 ipsorum
2249 4677 2340 4759 petri

371 4845 375 4850 ·
478 4825 514 4890 61
529 4841 621 4890 aune
635 4828 669 4891 61
685 4801 802 4908 sergio
818 4825 1034 4904 tradidimus,
1052 4844 1173 4896 securo
1195 4829 1336 4896 nomine
1351 4829 1481 4896 habere
1496 4833 1531 4895 et
1546 4828 1723 4913 possidere
1741 4829 1900 4906 valeatis,
1926 4832 1960 4897 61
1983 4829 2046 4896 1111
2070 4828 2179 4894 totoni
2204 4826 2341 4894 notario

478 4975 629 5042 scribere
650 4973 861 5059 rogavimus.
881 4977 999 5059 aptum
1017 4977 1168 5043 salerne.

497 5162 502 5174 ·
537 5101 648 5213 †ego
665 5131 783 5213 petrus
800 5128 958 5196 notarius
973 5147 1028 5196 me
1043 5125 1230 5213 subscripsi

538 5253 649 5366 †ego
668 5279 885 5350 sihembardo

451 5443 456 5458 ·
538 5405 648 5516 †ego
666 5436 795 5517 petrus.
