5252 7102
622 588 685 651 276
1292 559 1455 634 CODEX
1496 556 1729 633 GAVENSIS

548 787 554 796 ⁸
573 836 638 904 per
655 817 735 901 ipsa
750 809 881 898 guadia
897 823 1106 894 componere
1122 803 1319 890 hobligabit
1333 823 1370 872 se
1385 802 1462 888 ipse
1477 801 1585 871 abbas
1597 803 1632 906 et
1645 817 1861 871 successores
1884 819 1964 870 suos
1987 803 2023 870 et
2045 819 2128 888 pars
2149 801 2262 889 ipsius
2284 805 2408 876 ecclesie

572 963 672 1034 nobis
687 959 816 1047 biginti
832 959 909 1026 auri
925 955 1053 1026 solidos
1070 953 1298 1023 costantinos.
1316 953 1352 1021 01
1368 955 1459 1019 hunc
1474 953 1614 1020 brebem
1631 950 1757 1037 scripsi
1778 969 1846 1036 ego
1868 951 1987 1036 petrus
2008 949 2164 1020 notarius
2187 951 2249 1038 qui
2271 952 2406 1022 intertui.

571 1113 677 1186 salici
693 1116 777 1181 bero
789 1107 849 1197 qui
860 1106 989 1176 ibidem
1002 1107 1095 1184 sunt,
1110 1103 1280 1205 faciamus
1291 1091 1354 1172 rsos
1369 1103 1429 1171 ille
1444 1102 1551 1180 salbo,
1565 1099 1646 1168 dum
1662 1100 1722 1170 1110
1732 1099 1814 1172 inde
1827 1100 1984 1189 tulerint;
2000 1103 2035 1170 et
2045 1100 2163 1171 taliter
2174 1101 2341 1173 subiunsit
2355 1121 2409 1189 ego

573 1265 736 1354 superius
752 1262 866 1330 dictus
882 1260 999 1346 petrus
1014 1213 1184 1324 notarius.

632 1392 662 1508 †
684 1435 751 1504 ego
767 1429 952 1483 cennamus
967 1407 1139 1496 presbiter
1154 1410 1190 1476 et
1205 1407 1312 1475 abbas
1373 1479 1376 1484 ,

633 1543 663 1656 †
686 1585 754 1655 ego
768 1565 828 1652 qui
844 1583 948 1650 supra
966 1561 1114 1630 romoalt

633 1694 663 1808 †
687 1737 754 1806 ego
770 1717 926 1788 ademari
941 1716 1098 1785 notarius
1116 1732 1171 1783 me
1187 1712 1388 1799 subscripsi.

1346 2231 1670 2314 CCCCXIV.

1369 2482 1425 2560 A.
1461 2481 1513 2560 D.
1549 2478 1653 2559 989.

636 2793 883 2862 summarium.

632 2895 667 3032 †
682 2947 782 3013 Anno
798 2945 897 3012 sexto
912 2941 1127 3028 principatus
1142 2939 1308 3009 Iohannis
1321 2941 1356 3008 et
1371 2939 1485 3028 primo
1501 2939 1721 3026 principatus
1733 2940 1940 3020 Guaimarii,
1954 2943 2076 3010 mense'
2094 2929 2234 3010 Octobri
2259 2941 2414 3012 101110111-

575 3094 736 3165 dictione.

633 3252 681 3317 De
697 3245 818 3315 eadem
834 3245 1007 3313 locatione
1021 3242 1256 3330 predictorum
1273 3241 1552 3312 molendinorum
1568 3243 1606 3311 in
1621 3243 1723 3311 fluvio
1738 3245 1846 3314 Lirno
1860 3245 1936 3330 agit
1950 3246 2036 3314 haec
2052 3246 2185 3326 charta,
2203 3245 2322 3316 iisdem
2334 3261 2413 3314 anno

571 3404 740 3472 otmense
755 3401 790 3469 et
805 3396 994 3466 indictione
1009 3395 1215 3482 conscripta,
1232 3396 1355 3482 quibus
1371 3394 1595 3465 antecedens:
1614 3397 1649 3465 et
1662 3398 1714 3464 est
1728 3395 1919 3464 declaratio
1934 3396 2100 3466 Gennami
2116 3397 2254 3468 abbatis
2268 3395 2413 3468 ecclesiae

572 3551 686 3621 sancti
701 3549 858 3628 Maximi,
877 3565 947 3634 qua
963 3546 1081 3617 eodem
1097 3549 1201 3633 pacto
1216 3545 1405 3633 iisdemque
1419 3547 1620 3616 muneribus
1636 3548 1729 3615 locat
1743 3545 1785 3614 ad
1803 3563 1935 3615 annum
1949 3545 2042 3614 dicta
2063 3547 2264 3617 molendina
2285 3545 2412 3617 Iohanni

575 3703 687 3772 libero
703 3701 838 3770 homini
853 3700 926 3768 filio
941 3698 1036 3768 Petri
1051 3700 1087 3768 et
1101 3699 1258 3784 laquinto
1274 3699 1385 3766 libero
1400 3697 1533 3767 homini
1548 3698 1620 3767 fllio
1635 3698 1878 3785 Maghonardi.
1898 3697 1992 3767 Idem
2015 3697 2169 3768 notarius
2191 3699 2311 3769 Petrus
2332 3699 2410 3766 hanc

572 3856 731 3924 chartam
749 3853 920 3920 exaravit.

632 4007 767 4076 Adsunt
788 4009 912 4092 firmae
933 4005 1081 4071 testium:

625 4133 656 4246 †
679 4176 746 4246 ego
760 4157 916 4226 ademari
932 4155 1087 4224 notarius
1104 4173 1159 4223 me
1173 4143 1364 4240 subscripsi

627 4283 659 4396 †
682 4328 749 4395 ego
765 4309 932 4377 iohannes
947 4305 1108 4375 notarius
1125 4325 1178 4375 me
1192 4307 1392 4392 subscripsi.

1351 4844 1649 4926 CCCCXV.
1694 4827 1698 4833 ¹

1353 5101 1410 5178 A.
1445 5098 1496 5175 D.
1535 5094 1638 5175 989.

629 5336 666 5472 †
688 5392 727 5456 ln
749 5387 889 5457 nomine
911 5387 1044 5456 domini
1071 5391 1171 5458 sexto
1193 5406 1285 5457 anno
1307 5389 1526 5475 principatus
1548 5387 1666 5454 domni
1690 5387 1800 5456 nostri
1823 5385 1966 5454 iohanni
1988 5377 2029 5454 et'
2048 5383 2163 5470 primo
2189 5397 2283 5451 anno
2305 5361 2402 5445 doumi

570 5537 749 5625 guaimari
766 5541 841 5608 eius
856 5537 919 5607 tilii
936 5539 1080 5626 gloriosi
1096 5538 1325 5627 principibus,
1341 5557 1457 5608 mense
1472 5539 1659 5608 nobember
1675 5538 1781 5607 tertia
1795 5536 1995 5606 indictione.
2013 5536 2051 5604 in
2066 5535 2298 5606 sacratissimo
2310 5525 2401 5598 saler-

568 5691 692 5760 nitano
707 5692 842 5777 palatio
857 5691 993 5759 astante
1008 5709 1076 5776 ego
1091 5695 1211 5778 petrus
1234 5691 1352 5770 iudex,
1378 5691 1535 5758 causabit
1557 5709 1745 5760 cennamus
1768 5688 1941 5776 presbiter
1964 5691 1999 5756 01
2020 5689 2127 5756 abbas
2148 5686 2294 5756 ecclesie
2312 5662 2405 5750 sancti

572 5843 731 5925 maximi,
750 5847 784 5914 01
799 5864 871 5914 una
886 5865 962 5913 cum
979 5861 1019 5912 00
1035 5846 1125 5914 esset
1137 5846 1291 5912 totonem
1307 5845 1422 5913 scriba
1440 5843 1561 5928 palatii
1578 5842 1820 5912 adbocatorem
1836 5861 1949 5922 suum,
1968 5859 2045 5910 cum
2061 5837 2195 5908 lamfrit
2209 5839 2347 5907 clerico.
2391 5871 2397 5886 ·
