5252 7102
965 557 1333 636 DlPLOMthCUS
1964 569 2023 629 957

217 809 310 878 leoni
327 807 433 876 iudici
449 809 504 874 cui
521 810 585 875 hec
601 806 720 874 omnia
735 807 817 874 nota
832 804 987 872 fecimus.
1008 801 1082 888 ipse
1098 818 1179 869 uero
1195 801 1311 880 iudex,
1331 800 1518 870 secundum
1535 800 1733 868 mandatum
1757 801 1855 884 legis,
1874 795 1936 884 per
1953 799 2075 866 ordine
2167 843 2175 850 -

219 978 275 1028 me
299 959 460 1044 superius
475 958 654 1025 nominata
669 957 793 1024 mulier
809 953 1042 1038 interrogavit
1058 959 1092 1021 et
1117 929 1308 1037 inquisibit,
1326 971 1370 1021 ne
1392 952 1481 1018 sorte
1503 952 1617 1036 aliqua
1640 952 1806 1020 violentia
1829 971 1901 1020 esse
1923 954 2077 1036 patibula

214 1114 260 1178 ab
276 1112 352 1197 ipso
368 1111 444 1176 vire
460 1128 554 1178 meus
571 1112 631 1177 aut
646 1127 668 1176 a
683 1126 898 1194 quacumque
913 1108 1102 1193 hominem3
1119 1124 1197 1174 ecce
1214 1106 1338 1173 ineius
1354 1107 1531 1190 presentia
1546 1105 1727 1174 manifesta
1738 1125 1825 1183 sum,
1840 1104 1927 1188 quod
1941 1123 2029 1187 pura
2040 1108 2075 1171 et

217 1259 360 1327 sincera
374 1276 450 1326 mea
465 1277 538 1328 csse
555 1259 643 1324 bona
657 1260 850 1343 volumptas
868 1257 944 1342 ipsa
960 1258 1199 1341 suprascripta
1222 1256 1325 1322 rebus
1340 1273 1418 1321 mea
1433 1273 1508 1320 cum
1534 1255 1610 1340 ipso
1632 1255 1709 1322 1111
1732 1275 1828 1324 meus
1851 1258 2071 1335 venumdare,
2159 1268 2162 1273 ’

217 1427 364 1496 quorum
382 1409 449 1494 ipsi
467 1409 520 1474 vir
536 1412 570 1476 et
586 1408 785 1476 mundoaldi
809 1409 877 1476 mei
901 1405 987 1475 mihi
1010 1409 1263 1474 consentientes
1287 1407 1437 1485 fuerunt,
1456 1409 1490 1473 et
1514 1425 1577 1491 pro
1600 1408 1823 1475 sterilitatem
1847 1429 1916 1476 una
1939 1429 2073 1496 mecum

217 1565 255 1629 in
271 1580 338 1629 ane
353 1564 487 1630 cartula
503 1563 576 1629 suis
590 1562 751 1628 manibus
768 1560 970 1644 posuerunt.
990 1560 1024 1625 et
1040 1579 1102 1644 per
1119 1561 1236 1626 notum
1253 1562 1287 1626 et
1304 1559 1555 1626 absolutionem
1579 1559 1689 1642 ipsius
1707 1558 1809 1626 iudici
1829 1579 1891 1630 nos
1914 1563 2074 1644 superius
2173 1581 2175 1584 ·

216 1713 386 1782 nominati
403 1720 523 1800 petrus
539 1717 574 1781 11
589 1713 743 1782 maralda
766 1713 994 1781 unianimiter
1017 1715 1163 1798 parique
1191 1731 1393 1782 consensum
1421 1732 1484 1798 per
1510 1715 1602 1780 hanc
1630 1715 1766 1780 cartula
1792 1713 2075 1782 venumdedimus

216 1867 315 1934 vobis
331 1865 478 1951 predicti
493 1865 617 1934 sesami
634 1868 668 1932 et
691 1865 765 1932 lieti
783 1849 942 1950 germani
958 1865 1022 1932 filii
1039 1866 1208 1932 nominati
1224 1866 1298 1932 licti
1313 1867 1386 1932 tota
1402 1868 1435 1933 et
1452 1866 1573 1932 inclita
1588 1867 1700 1933 omnis
1716 1868 1817 1934 rebus
1841 1885 1915 1935 mea
1937 1869 2072 1946 stavile,

216 2020 598 2103 quantumquantoque
615 2017 700 2085 mihi
716 2035 781 2102 que
796 2034 904 2101 sopra
920 2016 1072 2083 maralde
1097 2017 1161 2082 suit
1184 2019 1219 2083 et
1246 2019 1298 2084 est
1323 2018 1553 2100 pertinentem
1582 2035 1604 2083 a
1630 2019 1731 2102 parte
1758 2017 1906 2100 predicti
1932 2018 2075 2085 iohanni

218 2169 371 2253 genitori
388 2185 474 2246 mee,
492 2186 592 2252 quem
610 2169 722 2234 habeo
737 2168 775 2234 in
790 2169 901 2234 locum
918 2167 1061 2234 nuceria
1076 2168 1131 2233 vel
1155 2185 1217 2251 per
1236 2167 1315 2233 aliis
1331 2168 1480 2251 singulis
1496 2169 1530 2236 et
1545 2165 1693 2234 dibersis
1715 2169 1811 2246 11111,
1831 2172 2077 2252 exceptuatum

217 2319 286 2387 due
309 2320 405 2404 pecie
420 2318 462 2387 de
479 2320 583 2386 terris
599 2319 688 2404 quod
706 2321 803 2387 vobis
818 2337 888 2386 non
905 2317 1199 2405 venumdedimus3
1218 2338 1287 2385 una
1311 2319 1347 2384 in
1373 2321 1484 2386 locum
1501 2321 1643 2386 nuceria
1667 2321 1724 2385 ubi
1740 2319 1783 2385 ad
1807 2320 1909 2402 pratu
1934 2318 2085 2397 dicitun‘

217 2471 308 2556 quod
321 2471 573 2541 reserbavimus
584 2471 627 2538 ad
640 2474 758 2539 nostra
769 2472 987 2555 potestatem,
1002 2475 1037 2538 et
1052 2471 1130 2555 ipsa
1142 2472 1212 2538 alia
1223 2471 1324 2555 pecie
1335 2470 1423 2555 qnod
1438 2488 1599 2538 vocamur
1611 2491 1633 2539 a
1645 2473 1679 2538 la
1690 2472 1817 2550 susara,
1832 2473 1921 2557 quod
1935 2491 2079 2541 venum-

218 2622 380 2692 dedimus
396 2625 467 2690 iarn
483 2623 661 2709 preteritis
677 2625 780 2691 annis
795 2623 838 2690 ad
856 2623 1000 2690 heredes
1016 2623 1235 2708 ermengardi
1252 2645 1261 2710 3
1285 2641 1363 2690 nam
1388 2624 1463 2708 ipso
1480 2625 1574 2692 aliud
1593 2626 1795 2709 ubicumque
1810 2623 1936 2692 exinde
1961 2623 2079 2692 inven-

218 2779 274 2844 tus
289 2775 434 2853 dederit,
452 2776 526 2842 sibe
541 2778 576 2840 in
593 2775 778 2856 montibus
796 2775 867 2844 sibe
882 2776 920 2842 in
935 2776 1063 2859 planis,
1078 2777 1136 2860 qui
1153 2777 1238 2843 mihi
1255 2778 1291 2841 in
1306 2778 1397 2844 sorte
1413 2776 1457 2842 da
1472 2774 1567 2843 bobis
1590 2779 1729 2846 evenire
1752 2777 1909 2844 debuerit
1932 2779 1967 2842 et
1991 2777 2077 2843 mihi

195 3006 198 3010 ³
221 2947 289 3011 que
307 2946 414 3012 supra
429 2928 585 2994 maralde
600 2931 651 2996 est
666 2930 898 3013 pertinentem
915 2947 935 2994 a
951 2931 1052 3013 parte
1070 2927 1215 3012 predicti
1236 2928 1379 2996 iohanni
1395 2927 1546 3013 genitori
1563 2945 1638 2996 meo
1661 2947 1741 2994 oum
1762 2929 1841 2998 finis
1862 2933 1897 2998 et
1919 2930 1984 2996 viis
2007 2929 2079 2998 suis

225 3097 304 3144 cum
323 3097 390 3144 usu
405 3096 573 3163 aquarum
590 3081 623 3146 et
639 3097 717 3146 cum
735 3079 895 3144 omnibus
910 3079 982 3146 suis
996 3078 1215 3163 pertinentiis
1231 3082 1266 3146 et
1280 3080 1374 3146 intra
1389 3099 1425 3148 se
1441 3080 1633 3158 abentihus,
1651 3084 1758 3147 totum
1776 3083 1810 3146 et
1824 3076 1981 3146 inclitum
2005 3081 2083 3146 illos

221 3229 416 3298 asunditus
432 3231 528 3297 vobis
544 3231 602 3316 qui
630 3248 736 3314 supra
763 3231 885 3298 sesami
913 3233 947 3298 et
972 3230 1041 3298 litti
1068 3231 1105 3297 in
1132 3232 1308 3316 integrum
1332 3225 1631 3310 'benumdedimus
1650 3234 1895 3315 exceptuatum
1917 3232 1990 3316 ipse
2013 3231 2085 3296 duo

220 3383 318 3465 pecie
334 3382 424 3466 quod
441 3399 545 3467 supra
560 3381 725 3461 diximus
743 3383 832 3468 quod
850 3383 946 3450 vobis
962 3401 1032 3450 non
1048 3383 1343 3462 venumdedimus,
1362 3401 1431 3450 una
1446 3383 1487 3450 ad
1505 3386 1608 3468 pratu
1624 3385 1658 3452 et
1682 3385 1753 3449 alia·
1773 3383 1832 3448 ubi
1855 3382 1984 3449 dicitur
2007 3401 2029 3449 a
2051 3385 2084 3450 la

219 3535 350 3602 susara.
368 3537 404 3600 et
416 3552 483 3618 pro
500 3534 774 3602 confirmandam
789 3539 825 3602 11
841 3535 1119 3602 staviliseendam
1134 3539 1225 3602 hanc
1248 3537 1367 3604 nostra
1382 3535 1591 3602 vindictione
1608 3554 1699 3603 nunc
1715 3555 1737 3602 a
1759 3537 1930 3620 presentis
1953 3537 2083 3620 recepi-

220 3705 299 3752 mus
313 3705 333 3750 a
351 3688 411 3752 bos
426 3687 483 3770 qui
501 3705 608 3772 supra
623 3689 784 3771 germani
800 3706 936 3755 sesamu
950 3689 985 3756 et
1000 3687 1078 3755 littu
1094 3689 1261 3755 statutum
1278 3689 1441 3772 pretium,
1459 3689 1472 3754 1
1487 3690 1565 3754 sunt
1584 3689 1680 3756 aurei
1704 3687 1772 3754 tari
1797 3687 1875 3752 honi
1900 3705 2083 3754 numerum

220 3839 350 3922 uiginti
366 3838 435 3905 duo
449 3840 486 3905 in
503 3857 636 3906 omnem
652 3840 948 3918 deliverationem,
963 3841 1054 3908 sicut
1070 3841 1160 3906 inter
1176 3840 1275 3906 uobis
1298 3840 1467 3908 convenit.
1487 3840 1654 3922 finitoque
1678 3839 1827 3922 pretium
1852 3839 1966 3921 ipsum
1992 3839 2084 3922 apud

220 4006 284 4056 nos
300 4009 343 4056 ea
358 3992 504 4069 ratione,
519 3994 557 4056 ut
572 4009 594 4057 a
609 4009 699 4057 nuno
715 3991 805 4058 diem
822 3991 974 4076 presenti
990 3995 1025 4058 et
1040 3993 1217 4077 perpetuis
1235 3993 1448 4076 temporibus
1464 4008 1524 4058 vos
1539 3991 1774 4074 prenominati
1790 4009 1925 4058 sesamu
1942 3993 1975 4057 et
1998 3990 2081 4056 lictu

221 4158 322 4223 quarn
340 4143 375 4208 et
392 4143 515 4208 restris
532 4140 715 4210 heredibus
730 4141 884 4226 predicta
899 4145 1019 4209 nostra
1034 4143 1258 4216 vindictione,
1271 4145 1309 4208 ut
1330 4143 1489 4226 superius
1512 4142 1653 4224 legitur,
1672 4140 1710 4207 in
1733 4139 1891 4206 omnibus
1915 4138 2082 4206 securiter

222 4294 258 4358 11
273 4292 421 4359 firmiter
435 4309 493 4360 eos
510 4294 636 4360 habere
653 4293 688 4360 et
703 4293 881 4378 possidere
898 4294 1053 4372 valeatis,
1067 4295 1100 4362 et
1115 4293 1251 4360 faciatis
1267 4293 1392 4361 exinde
1407 4293 1524 4359 omnia
1536 4292 1625 4376 quod
1644 4289 1819 4358 volueritis
1841 4292 1965 4374 absque
1988 4289 2083 4354 omni
2170 4317 2178 4329 ·

220 4443 467 4511 contrarietate
482 4444 603 4509 nostra
618 4445 673 4510 111
689 4443 732 4510 de
747 4420 873 4512 nostris
889 4445 971 4512 filiis
994 4448 1028 4512 et
1052 4445 1194 4514 heredes
1218 4447 1278 4512 aut
1301 4445 1427 4528 cuiqua
1451 4443 1631 4512 ominibus.
1651 4462 1694 4510 ex
1711 4462 1777 4527 qua
1800 4443 2024 4527 promisimus
2048 4446 2084 4508 et

222 4579 354 4679 guadi'a
370 4596 464 4662 vohis
481 4595 539 4681 qui
554 4614 663 4680 supra
678 4597 802 4666 sesami
812 4599 852 4664 'et
867 4597 941 4665 licti
957 4597 1111 4664 dedimus
1126 4599 1160 4665 et
1176 4595 1397 4665 mediatorem
1410 4598 1507 4664 vobis
1523 4595 1699 4680 posuimus
1714 4598 1834 4678 petrus
1850 4597 1943 4664 filius
1958 4597 2082 4684 ciceri;

221 4747 257 4810 11
273 4763 335 4828 per
350 4744 468 4811 eadem
486 4743 615 4829 guadia
630 4745 861 4830 obligavimus
878 4765 941 4812 nos
956 4746 1124 4812 nominati
1141 4737 1193 4811 111
1209 4751 1244 4812 11
1259 4763 1347 4812 uxor
1362 4749 1396 4812 et
1411 4746 1605 4830 nostrisque
1621 4745 1805 4814 heredibus
1820 4746 1914 4813 vobis
1936 4747 2084 4832 predicti

221 4897 348 4962 sesami
364 4901 398 4962 et
412 4895 480 4962 litti
497 4914 601 4979 quam
617 4901 651 4964 et
667 4897 710 5002 ad
726 4900 851 4965 vestris
868 4897 1048 4966 heredibus
1071 4897 1225 4982 predicta
1248 4902 1368 4965 nostra
1392 4897 1611 4975 vindictione,
1631 4899 1669 4964 ut
1690 4898 1851 4982 superius
1875 4897 2017 4982 legitur,
2038 4899 2082 4963 ab

222 5049 384 5115 omnihus
400 5049 597 5118 hominibus
613 5051 780 5118 antistare
795 5054 829 5118 et
839 5051 1020 5119 defensare
1031 5051 1277 5134 promittimus.
1291 5050 1379 5135 qnod
1391 5051 1421 5118 si
1433 5054 1498 5120 ete:
1515 5050 1697 5132 Emptorcs
1705 5053 1816 5132 poeto
1830 5066 1897 5113 eon
1910 5049 2084 5116 seruantes

221 5205 382 5269 tenentur
397 5203 525 5270 solvere
539 5203 680 5286 duplum
691 5206 858 5286 pretium.
879 5203 909 5271 si
924 5206 1036 5272 autem
1052 5203 1094 5270 de
1108 5224 1151 5272 ex
1166 5203 1258 5270 dieta
1275 5205 1376 5273 rebus
1392 5206 1489 5272 vobis
1502 5207 1554 5274 111
1571 5205 1615 5271 ad
1631 5193 1755 5270 vestris
1771 5200 1951 5269 heredibus
1963 5217 2084 5267 causa-

224 5353 273 5418 tio
296 5354 401 5422 fuerit
415 5359 539 5422 exorte
553 5358 586 5424 et
601 5375 664 5441 per
680 5357 775 5424 vobis
791 5356 876 5442 ipsis
892 5356 972 5425 inde
987 5355 1162 5424 volueritis
1176 5375 1239 5423 exe
1254 5359 1393 5424 autores
1408 5360 1443 5424 et
1458 5356 1661 5431 defensores,
1681 5351 1718 5418 in
1735 5351 1894 5419 omnibus
1910 5314 2098 5419 licentiam,

223 5507 259 5570 et
280 5509 485 5590 potestatem
502 5475 657 5576 habeatis
674 5526 735 5576 vos
750 5511 783 5575 et
799 5467 923 5576 vestris
939 5508 1124 5576 heredibus
1147 5527 1225 5576 cum
1241 5509 1307 5576 ista
1322 5511 1458 5576 cartula
1472 5510 1506 5574 et
1529 5525 1606 5573 curn
1627 5505 1740 5572 omnis
1763 5503 1833 5571 alia
1855 5504 2029 5574 monimen
2052 5507 2086 5573 et

223 5655 359 5723 ratione
376 5658 489 5725 vestra
504 5659 538 5724 et
553 5659 680 5738 nostra,
695 5677 762 5744 que
774 5658 854 5728 inde
865 5657 992 5727 habere
1003 5659 1197 5762 potueritis,
1212 5659 1339 5727 exinde
1353 5676 1498 5726 causare
1513 5659 1547 5723 et
1559 5654 1676 5723 omnia
1692 5674 1799 5740 agere
1809 5658 1842 5722 et
1857 5651 2036 5740 perficere,
2052 5658 2087 5724 et
2160 5677 2166 5692 ¹

225 5810 329 5877 rebus
347 5810 424 5894 ipsa
435 5802 531 5880 vobis
546 5809 739 5890 defensare,
754 5813 841 5882 sicut
855 5813 970 5882 vultis.
986 5833 1069 5882 nam
1084 5795 1220 5898 quaudo
1236 5832 1299 5881 nos
1314 5815 1369 5881 111
1385 5813 1513 5882 nostris
1526 5810 1670 5881 heredes
1682 5809 1876 5895 quesieritis
1887 5811 2016 5876 hahere
2028 5827 2088 5874 au-

441 5939 502 5982 Tou.
516 5935 548 5980 11.
1214 5993 1217 5998 .
1916 5937 1948 5982 53
