5286 7098
1014 589 1384 670 blPLollllloUs
2038 617 2078 678 97

261 827 428 908 quantum
446 829 559 911 ipsum
576 826 763 914 iudicatum
779 828 944 910 continet,
963 832 1118 901 emiserit
1133 837 1194 901 aut
1207 840 1427 921 preposuerit
1449 841 1548 910 nobis
1564 843 1691 911 exinde
1706 843 1944 932 quodcumque
1959 848 2128 916 causatio-

261 994 326 1044 nes
337 977 372 1045 et
387 977 418 1044 si
433 977 559 1046 exinde
573 997 637 1046 nos
653 997 724 1048 non
738 979 1006 1063 defensaberint,
1021 987 1081 1053 aut
1096 987 1126 1053 si
1143 987 1201 1054 ille
1217 991 1278 1055 aut
1293 990 1498 1077 quicumque
1511 1013 1575 1079 pro
1589 1013 1651 1062 sua
1666 1004 1768 1081 parte
1779 998 1840 1064 aut
1855 1016 1920 1082 pro
1932 1016 2014 1082 pars
2026 1002 2125 1083 geni·

152 1149 157 1160 ·
261 1127 330 1193 tori
346 1144 409 1194 suo
424 1129 580 1197 emiserit
594 1132 833 1219 quodcumque
849 1135 1077 1216 causationes,
1096 1156 1304 1224 componere
1318 1143 1417 1210 nobis
1440 1146 1694 1230 quinquaginta
1712 1148 1841 1216 solidos
1857 1153 1892 1218 et
1906 1167 1970 1234 per
1993 1150 2125 1223 imbitis

261 1271 328 1348 nos
349 1279 476 1348 exinde
497 1282 687 1364 defensare,
703 1288 918 1372 sceptuatum
945 1291 975 1357 si
999 1291 1168 1359 iohannes
1191 1294 1350 1362 notarius
1372 1315 1540 1380 germano
1550 1316 1612 1366 suo
1623 1301 1772 1368 voluerit
1794 1298 1920 1369 exinde
1943 1303 2123 1372 nobiscum

262 1452 420 1514 causare,
439 1454 509 1503 non
525 1437 618 1504 siant
633 1439 692 1508 ille
706 1441 807 1507 nobis
822 1441 904 1509 inde
920 1443 1139 1527 culpabilem,
1155 1448 1207 1513 set
1222 1447 1325 1513 liceat
1339 1465 1403 1515 nos
1420 1467 1498 1515 curn
1515 1449 1590 1534 ipse
1606 1451 1806 1536 scriptionis
1829 1470 1908 1519 cum
1923 1471 1963 1522 eo
1978 1453 2059 1522 inde
2082 1457 2121 1523 n-

258 1608 340 1658 nem
360 1589 482 1668 lacere,
502 1589 592 1658 unde
606 1609 670 1676 pro
692 1593 769 1676 ipso
792 1593 921 1673 donum
946 1597 1085 1667 fecimus
1108 1598 1199 1668 inter
1222 1616 1285 1667 nos
1308 1602 1480 1686 launegilt
1506 1604 1636 1670 camiso
1658 1623 1776 1672 unum.
1803 1605 1894 1690 quod
1916 1605 2039 1691 scripsi
2056 1623 2123 1692 ego

258 1743 476 1828 grimoaldus
492 1745 650 1813 notarius
665 1747 723 1832 qui
740 1748 892 1818 interfui.

318 1869 348 1982 †
363 1914 430 1982 ego
445 1897 638 1966 madelmus
654 1901 811 1968 notarius

318 2019 347 2132 †
363 2064 429 2132 ego
445 2047 504 2132 qui
520 2066 629 2133 supra
645 2049 751 2134 gaido
768 2050 882 2119 iudex.

996 2563 1385 2645 CCLXXXIX.

1046 2809 1102 2887 A.
1140 2811 1192 2888 D.
1228 2809 1331 2888 976.

314 3067 403 3203 †In
419 3118 561 3186 nomine
576 3117 709 3186 domini
725 3118 994 3204 quadragesimo
1011 3119 1116 3186 tertio
1132 3077 1225 3187 anno
1241 3121 1460 3206 principatus
1472 3119 1588 3188 domni
1600 3124 1712 3190 nostri
1728 3125 1843 3208 gisolfi
1860 3126 2004 3210 gloriosi
2015 3128 2113 3212 prin-

260 3273 345 3356 cipis
361 3271 395 3337 et
410 3271 561 3338 secundo
576 3289 669 3338 anno
684 3271 899 3357 principatus
914 3270 1040 3340 domne
1057 3289 1195 3354 gemme
1211 3273 1330 3341 uxoris
1345 3275 1419 3342 eius
1431 3275 1466 3340 et
1477 3273 1594 3340 domni
1611 3275 1753 3360 paldoltl
1768 3278 1886 3360 optato
1898 3278 1970 3344 filio
1982 3294 2114 3358 eorum,

261 3439 374 3490 mense
390 3421 595 3501 februarius
621 3424 748 3507 quarta
763 3421 963 3490 indictione.
983 3423 1261 3490 memoratorium
1278 3424 1372 3491 facto
1387 3443 1408 3490 a
1424 3444 1477 3492 me
1493 3426 1664 3493 iohannes
1686 3427 1882 3496 atrianense
1905 3428 1977 3496 filio
2000 3429 2111 3513 guoti.

258 3593 297 3641 eo
312 3573 400 3660 qnod
417 3576 499 3642 ante
522 3574 708 3660 subscripti
730 3576 836 3642 testes
860 3574 1045 3641 coniuntus
1064 3593 1139 3640 sum
1152 3593 1230 3641 cum
1243 3578 1441 3644 cumbertus
1465 3577 1665 3646 atrianense
1680 3596 1850 3663 germano
1866 3599 1962 3648 meus
1978 3583 2014 3646 at
2028 3581 2117 3647 ‹libi-

256 3725 404 3793 dendum
420 3725 463 3792 de
479 3727 582 3793 rebus
597 3729 727 3805 nostra,
743 3727 832 3811 quod
850 3729 990 3796 abemus
1006 3729 1167 3794 inlocum
1185 3728 1291 3795 beteri
1308 3747 1376 3812 que
1392 3730 1491 3797 nobis
1503 3735 1555 3797 est
1568 3732 1780 3815 pertinentes
1796 3735 1898 3802 abere
1912 3752 1976 3818 per
1987 3733 2116 3801 diffini-

256 3877 383 3946 tionem
400 3896 516 3962 apars
531 3876 575 3946 de
589 3877 734 3986 lreredes
751 3877 913 3956 marulli,
929 3879 963 3946 et
979 3878 1125 3964 iaquinti
1141 3881 1175 3947 et
1190 3879 1283 3946 leoni
1300 3879 1502 3946 amalfitano
1519 3882 1676 3965 patrineo
1690 3881 1734 3949 de
1748 3881 1837 3952 illios
1853 3883 1963 3967 ipsius
1980 3884 2116 3968 iaquin-

254 4029 292 4106 ti,
311 4032 345 4096 61
359 4029 405 4096 da
420 4031 539 4099 eredes
556 4033 651 4116 teupi
668 4035 703 4100 et
718 4033 903 4117 guisenolfi
918 4035 952 4098 61
968 4033 1117 4099 maraldi
1134 4033 1203 4138 ista
1217 4050 1300 4116 pars
1315 4033 1392 4117 ipso
1407 4032 1511 4098 flubio
1527 4033 1570 4099 de
1587 4034 1697 4101 beteri
1719 4036 1753 4102 et
1770 4053 1814 4102 ex
1832 4033 1891 4102 illa
1904 4053 1988 4119 pars
2005 4035 2114 4119 ipsius

258 4233 502 4247 .....
552 4186 670 4252 statim
686 4185 776 4251 sicut
791 4185 882 4250 inter
898 4203 961 4252 nos
977 4185 1158 4263 combenit‚
1178 4153 1393 4270 aliquantum
1411 4185 1454 4252 de
1468 4187 1537 4253 hex
1554 4184 1675 4253 eadem
1692 4203 1765 4252 rem
1780 4184 1960 4252 dibisimus
1974 4185 2009 4250 et
2030 4152 2116 4250 seci-

256 4357 330 4406 mus
345 4337 412 4406 due
429 4339 608 4408 sortiones.
628 4357 699 4406 una
714 4341 806 4406 sorte
822 4340 963 4407 lecimus
978 4357 1042 4407 exe
1058 4357 1130 4404 una
1146 4338 1246 4423 pecie
1260 4337 1303 4405 de
1318 4341 1414 4406 terra
1429 4309 1648 4423 campensea
1664 4356 1746 4422 pars
1763 4338 1838 4422 ipso
1850 4337 1953 4404 lubio
1969 4353 2032 4421 per
2048 4339 2112 4404 trec

252 4492 332 4561 finis
352 4496 386 4562 et
402 4493 585 4561 mensuris:
603 4493 732 4562 deuna
755 4495 853 4578 parte
875 4493 945 4560 tine
960 4493 1035 4578 ipso
1051 4492 1167 4571 dubie,
1182 4495 1235 4561 est
1250 4491 1331 4560 iude
1347 4510 1466 4576 passos
1489 4489 1692 4575 octuaginta
1707 4490 1870 4576 quinque3
1889 4489 1983 4557 etde
2006 4508 2112 4574 snper

250 4645 331 4726 fine,
350 4647 437 4714 sicut
452 4647 582 4714 termiti
599 4647 671 4714 ficti
688 4649 780 4726 sunt,
796 4649 848 4716 est
865 4646 946 4714 inde
963 4664 1081 4732 passos
1099 4647 1239 4734 biginti3
1256 4649 1291 4714 et
1312 4645 1355 4712 de
1372 4646 1441 4712 alia
1463 4649 1565 4729 parte
1588 4643 1749 4711 similiter
1771 4642 1862 4711 sicut
1884 4641 2014 4710 termiti
2037 4643 2109 4710 ficti

248 4799 341 4874 sunt,
359 4800 413 4866 est
427 4797 509 4866 inde
525 4815 645 4883 passos
661 4800 851 4884 sexaginta
867 4802 952 4884 tres3
973 4798 1015 4865 de
1030 4799 1156 4882 quarta
1172 4815 1255 4882 pars
1272 4797 1341 4864 fine
1356 4796 1509 4864 sortione
1526 4795 1616 4881 quod
1634 4795 1892 4880 comprehensit
1913 4812 1979 4880 ego
2002 4797 2113 4862 nomi·

249 4952 354 5019 natus
369 4953 552 5032 iohannes
567 4953 713 5038 qualiter
728 4953 825 5020 ribus
840 4953 1008 5022 discernit
1024 4952 1113 5020 unde
1128 4970 1216 5037 aqua
1231 4950 1385 5018 decurrit
1400 4953 1434 5017 et
1449 4949 1539 5017 sicut
1554 4949 1683 5017 rectum
1701 4947 1797 5015 badit
1812 4966 1917 5033 usque
1934 4947 1970 5012 in
1992 4947 2112 5014 termi-

250 5106 286 5172 te
301 5104 389 5190 quod
407 5104 534 5172 ibidem
551 5109 737 5193 posuimus,
756 5113 837 5174 sunt
853 5105 934 5174 inde
950 5124 1070 5191 passos
1094 5105 1281 5190 sexaginta
1295 5104 1459 5188 quinque,
1474 5105 1583 5169 totum
1606 5101 1841 5168 mensuratum
1857 5097 1901 5164 ad
1924 5097 2016 5165 iusto
2031 5115 2111 5180 pas·

252 5276 329 5326 sum
345 5258 465 5338 omini,
484 5277 562 5325 cum
578 5279 648 5328 una
664 5260 758 5327 halla
774 5260 871 5346 pecia
886 5260 929 5328 de
944 5261 1042 5327 terra
1064 5261 1173 5326 bacua
1195 5259 1233 5324 in
1259 5274 1326 5342 quo
1343 5257 1511 5323 molinum
1527 5254 1591 5320 fuit
1615 5254 1679 5320 ista
1701 5253 1800 5336 parte
1823 5251 1897 5332 ipso
1920 5248 2025 5315 tlubio
2047 5267 2111 5334 per

250 5411 344 5479 finis:
362 5409 405 5479 de
421 5429 492 5479 una
507 5415 605 5497 parte
621 5413 691 5481 tine
704 5413 762 5480 bia
777 5413 917 5498 publica
934 5415 967 5480 et
983 5413 1211 5497 coniungente
1229 5410 1303 5495 ipsa
1319 5409 1374 5475 bia
1386 5409 1423 5474 in
1440 5407 1517 5492 ipso
1533 5405 1648 5476 dubio:
1663 5403 1750 5472 etde
1766 5397 1837 5470 alia
1851 5419 1946 5486 pars,
1960 5400 2111 5486 qualiter

252 5565 328 5646 ipso
344 5561 448 5631 dubio
464 5562 651 5640 descendit,
670 5563 762 5632 etde
778 5565 894 5630 subter
913 5581 1006 5648 pars,
1025 5563 1174 5649 qualiter
1191 5560 1286 5628 badit
1300 5559 1348 5626 da
1363 5559 1438 5642 ipso
1453 5555 1558 5622 flubio
1569 5572 1631 5638 per
1643 5552 1774 5622 termiti
1785 5569 1888 5637 quem
1905 5549 2032 5620 ibidem
2049 5569 2113 5634 po·
2228 5647 2230 5654 γ

251 5717 384 5783 suimus
411 5716 446 5781 et
471 5715 703 5800 coniungente
718 5715 756 5782 in
771 5715 849 5800 ipsa
865 5715 921 5783 bia
937 5713 1026 5802 quod
1044 5710 1096 5782 est
1112 5715 1230 5800 priore
1244 5712 1328 5797 fine3
1345 5712 1379 5778 et
1394 5709 1465 5776 alia
1488 5707 1579 5774 sorte
1606 5704 1749 5774 fecimus
1764 5720 1830 5770 exe
1851 5721 1920 5770 una
1943 5701 2043 5787 pecta
2065 5702 2109 5769 (16

251 5869 346 5933 terra
361 5883 547 5952 campense
563 5870 597 5936 61
612 5886 725 5953 pauca
739 5865 825 5938 silba
841 5885 908 5935 uno
924 5865 1077 5936 leniente
1094 5869 1156 5934 illa
1171 5882 1255 5950 pars
1271 5864 1347 5948 ipso
1363 5860 1466 5928 dubio
1482 5860 1516 5926 et
1531 5876 1602 5926 una
1617 5857 1710 5925 balla
1727 5855 1823 5941 pecia
1838 5855 1898 5940 qui
1920 5854 1998 5921 abet
2012 5851 2104 5918 linis:

466 5993 527 6037 Tou.
542 5993 574 6038 ll.
985 6019 987 6024 ·
1947 5979 1973 6022 15
