5252 7102
1280 594 1442 669 oonnu
1486 593 1720 700 cllunnsls

1281 1039 1711 1128 GCCCXXXIII.

1254 1310 1260 1314 ’
1355 1299 1412 1375 Α.
1448 1299 1500 1376 D.
1537 1295 1642 1376 990.

626 1559 660 1694 †
683 1613 721 1676 Iu
738 1610 880 1676 nomine
895 1608 1028 1676 domini
1045 1609 1167 1676 octabo
1183 1627 1276 1677 anno
1292 1609 1512 1695 principatus
1528 1609 1648 1677 domni
1665 1609 1775 1678 nostri
1792 1610 1934 1678 iohanni
1952 1612 1987 1678 et
2001 1609 2152 1678 secundo
2176 1627 2268 1677 anno
2292 1611 2416 1695 princi·

561 1763 661 1847 patus
676 1761 794 1828 domni
811 1762 988 1847 guaimari
1005 1761 1076 1829 eius
1091 1763 1164 1830 filio
1181 1763 1326 1848 gloriosi
1343 1763 1571 1849 principibus,
1592 1783 1708 1832 mense
1722 1763 1903 1832 december
1927 1766 2048 1850 quarta
2071 1763 2273 1831 indictione.
2292 1765 2414 1833 Memo-

559 1917 729 1983 ratorium
745 1916 839 1983 factu
856 1935 878 1984 a
894 1934 948 1984 me
963 1917 1016 1984 leo
1033 1918 1203 2000 presbiter
1226 1918 1260 1984 et
1283 1918 1389 1984 abbas
1405 1917 1548 1985 ecclesie
1571 1920 1689 1985 sancte
1706 1917 1815 1985 marie
1837 1916 1879 1986 de
1901 1917 2042 1984 cibitate
2089 1967 2412 1994 .......

558 2087 599 2137 eo
615 2069 706 2155 quod
725 2073 805 2138 ante
820 2070 1007 2156 supscripti
1023 2071 1183 2138 hidoneis
1200 2071 1400 2139 hominibus
1416 2071 1561 2138 tradidit
1576 2072 1663 2138 mihi
1686 2073 1721 2138 at
1743 2071 1928 2139 tenendum
1953 2075 1987 2138 at
2009 2069 2202 2156 regendum
2227 2070 2416 2138 domnellus

565 2222 738 2307 presbiter
755 2225 788 2290 et
806 2224 913 2292 abbas
929 2224 1073 2294 ecclesie
1089 2227 1207 2292 sancte
1223 2225 1347 2304 marie,
1361 2243 1462 2310 quem
1479 2224 1608 2292 domna
1624 2224 1837 2310 sighelgoita
1853 2224 2065 2310 principissa
2079 2241 2101 2290 a
2116 2225 2206 2290 nobo
2222 2223 2417 2291 fundamine

560 2376 751 2442 construsit
772 2376 809 2442 in
825 2377 921 2445 curte
937 2395 1000 2443 sua
1014 2375 1058 2444 de
1074 2376 1168 2443 intus
1185 2395 1250 2443 anc
1265 2377 1516 2445 salernitanam
1539 2377 1713 2444 cibitatum
1738 2375 1828 2443 inter
1851 2395 1951 2443 muro
1975 2377 2010 2476 et
2034 2375 2216 2454 muricino,
2234 2374 2278 2442 ad
2304 2379 2416 2444 tenen·

559 2527 642 2596 dum
660 2532 695 2597 et
712 2529 900 2615 regendum
927 2550 1035 2598 unum
1059 2533 1239 2611 molinum,
1258 2531 1348 2617 quod
1372 2550 1455 2617 pars
1479 2531 1588 2616 ipsius
1611 2533 1756 2600 ecclesie
1778 2532 1859 2599 abet
1881 2531 1918 2597 in
1941 2529 2058 2598 eodem
2083 2532 2170 2610 loco,
2196 2530 2255 2598 nbi
2280 2531 2415 2616 proprio

560 2684 722 2767 spinacze
739 2683 880 2763 dicitnr,
900 2703 976 2751 cum
993 2687 1083 2754 mole
1106 2687 1140 2754 et
1157 2686 1354 2754 narratoria
1376 2689 1411 2756 et
1433 2686 1709 2770 preordinatum,
1730 2685 1879 2771 qualiter
1903 2700 2047 2752 comune
2071 2685 2150 2753 illut
2171 2684 2411 2764 conciabimus‚

561 2838 599 2903 ut
615 2853 732 2904 curam
749 2839 784 2904 et
801 2835 1042 2922 bigilationem
1060 2836 1141 2904 iude
1158 2839 1324 2905 abeamus
1339 2838 1428 2904 sicut
1445 2839 1625 2917 meruerit,
1642 2839 1678 2904 et
1692 2837 1804 2904 omnis
1820 2836 1987 2904 molitura
2001 2853 2103 2922 quam
2120 2837 2201 2904 inde
2224 2837 2411 2916 tulerimus,

560 2986 782 3054 medietatem
799 2987 878 3055 illut
893 2988 925 3057 ei
942 2987 1063 3057 demus
1078 2992 1112 3058 et
1129 2989 1349 3060 medietatem
1366 2989 1464 3056 nobis
1481 2991 1655 3076 abeamus3
1674 2991 1808 3056 tantum
1825 3008 1888 3075 per
1903 2990 2017 3056 omnis
2033 3007 2162 3100 meuse⁸
2173 2989 2342 3056 faciamus
2357 3007 2413 3056 nos

561 3138 605 3208 de
622 3141 698 3225 ipsa
714 3141 880 3210 molitura
894 3145 983 3213 scire
999 3143 1042 3211 ad
1059 3143 1126 3229 ipsi
1142 3143 1258 3212 decem
1270 3115 1359 3210 ¹anni
1379 3143 1541 3228 completi
1565 3143 1640 3228 ipso
1664 3141 1832 3210 molinum
1856 3147 1892 3211 at
1914 3145 2118 3229 potestatem
2144 3141 2253 3227 ipsius
2277 3143 2413 3211 ecclesie

559 3295 728 3363 nebertas.
747 3299 882 3363 tantum
899 3315 1121 3381 perannum,
1140 3295 1276 3382 quando
1292 3296 1442 3365 hibidem
1460 3314 1597 3366 necesse
1621 3295 1735 3375 suerit,
1756 3298 1843 3364 mole
1867 3298 1902 3364 et
1925 3295 2113 3363 serraturia
2135 3293 2332 3362 comuniter
2355 3295 2410 3360 ibi-

556 3445 637 3516 dem
652 3447 782 3528 demus,
800 3452 835 3517 et
850 3449 995 3516 tradidit
1010 3451 1099 3516 mihi
1114 3450 1196 3518 isole
1211 3449 1337 3517 exinde
1351 3451 1387 3516 at
1402 3449 1586 3518 tenendum
1602 3451 1636 3518 et
1658 3447 1883 3516 laborandum
1908 3451 2035 3514 ortora.
2057 3446 2146 3514 unde
2169 3447 2206 3513 in
2229 3465 2271 3514 eo
2294 3445 2408 3514 ordine

558 3603 689 3689 guadio
705 3605 805 3672 nobis
821 3605 895 3689 ipse
912 3607 1019 3672 abbas
1034 3605 1113 3674 dedi
1129 3611 1164 3672 et
1180 3604 1403 3674 mediatorem
1428 3603 1514 3670 mihi
1539 3603 1636 3688 posui
1661 3603 1830 3670 iohannes
1852 3602 1944 3668 tilius
1966 3599 2178 3686 truppoaldi3
2202 3603 2237 3668 et
2260 3618 2323 3686 per
2340 3600 2409 3685 ipsa

547 3752 690 3862 ¹guadio
706 3755 877 3839 obligabit
892 3774 929 3824 se
946 3757 956 3822 i
960 3775 1020 3841 pse
1034 3758 1148 3836 abbas,
1167 3759 1205 3823 ut
1220 3757 1249 3824 si
1265 3756 1387 3841 aliquit
1402 3754 1482 3824 iude
1505 3755 1684 3822 remobere
1709 3755 1770 3821 aut
1792 3755 1955 3821 contrare
1978 3751 2143 3836 quesierit
2164 3753 2198 3819 et
2221 3751 2309 3817 talia
2330 3750 2407 3816 mihi

555 3923 627 3974 non
644 3907 897 3992 adimplebant,
909 3911 993 3976 tunc
1004 3926 1068 3994 per
1084 3909 1162 3994 ipsa
1178 3906 1308 3994 guadia
1324 3924 1531 3991 componere
1547 3905 1718 3990 obligabit
1734 3925 1769 3974 se
1785 3920 1933 3991 suosque
1944 3919 2158 3972 successores
2170 3903 2204 3969 et
2215 3919 2298 3988 pars
2309 3899 2407 3986 ipsius

554 4059 700 4127 ecclesie
716 4059 843 4144 biginti
861 4059 938 4126 anri
955 4059 1083 4128 solidos
1100 4059 1324 4127 costantinos.
1344 4059 1379 4125 et
1395 4075 1462 4126 unc
1478 4059 1615 4126 brebem
1631 4057 1757 4143 scripsi
1774 4075 1841 4142 ego
1857 4055 1989 4123 cicerus
2003 4053 2159 4122 notarius
2174 4053 2233 4138 qui
2258 4051 2403 4121 interfui.

608 4182 638 4304 †
661 4228 728 4298 ego
743 4212 935 4282 teodericus
950 4231 1006 4280 ma
1021 4212 1208 4297 subscripsi

607 4334 637 4449 †
660 4382 727 4450 ego
743 4365 862 4450 petrus

607 4489 637 4602 †
660 4535 727 4603 ego
750 4517 943 4587 domnellus
966 4518 1135 4604 presbiter
1154 4499 1194 4584 'at
1215 4520 1337 4625 abbas¹

609 4641 639 4754 †
662 4687 729 4754 ego
752 4674 919 4742 iohannes
942 4674 1099 4740 notarius
1123 4691 1177 4739 me
1200 4673 1400 4757 subscripsi.
