5216 7092
951 573 1320 646 olptotinrluus
1957 597 2017 656 157

205 822 235 889 si
250 821 380 898 taliter,
400 823 466 886 etc:
483 813 737 904 (Compensatio
753 812 895 894 definita
906 814 976 894 fud
983 831 1051 895 per
1060 777 1211 898 triptota
1223 832 1345 884 aureos
1358 816 1482 883 solidos
1496 819 1815 906 constantinianus).
1831 823 1865 890 et
1882 823 1974 890 hunc
1991 825 2067 894 bre

205 977 282 1044 bem
299 972 423 1058 scripsi
442 990 508 1056 ego
524 971 678 1040 ademari
694 970 849 1037 notarius
864 971 925 1054 qui
940 968 1094 1036 interfui.

265 1100 293 1212 †
307 1146 373 1211 ego
390 1125 530 1194 ioannes

263 1251 291 1363 †
306 1295 373 1362 ego
389 1280 526 1345 amatus
541 1275 699 1342 notarius
714 1293 770 1341 me
786 1274 974 1360 subscripsi

263 1401 292 1515 †
308 1445 375 1514 ego
392 1427 492 1494 mari.

963 1915 1319 1996 CCCXXXII.

1002 2159 1057 2233 A.
1095 2158 1146 2233 D.
1184 2155 1282 2235 981.

271 2421 358 2556 1ΙἸη
376 2473 514 2541 nomine
528 2471 659 2538 domini
676 2473 822 2556 septimo
839 2488 932 2537 anno
948 2469 1162 2554 principatus
1177 2469 1292 2536 domni
1308 2470 1419 2537 nostri
1435 2470 1578 2554 paldolfi
1595 2475 1749 2556 glorioso
1759 2476 1929 2562 principe,
1949 2495 2066 2548 mense

206 2622 312 2688 iulius
327 2637 422 2688 nona
444 2620 644 2688 indictione.
665 2620 743 2688 Ideo
765 2638 831 2705 que
854 2637 919 2704 ego
943 2623 1061 2704 petrus
1084 2620 1177 2686 iilius
1199 2617 1372 2704 quondam
1395 2620 1564 2704 gualcari,
1583 2623 1640 2705 qui
1656 2626 1791 2690 amatus
1813 2629 1999 2694 vocavatur
2020 2629 2064 2698 de

206 2775 320 2840 locum
335 2772 491 2850 nuceria,
510 2771 553 2841 de
568 2773 656 2840 sicut
670 2773 755 2838 mihi
772 2789 965 2855 congruum
987 2788 1059 2839 esse
1082 2769 1230 2848 videtur,
1252 2771 1343 2836 bona
1365 2771 1459 2836 enim
1474 2789 1553 2839 mea
1575 2774 1787 2860 volumptatc
1801 2778 1882 2845 ante
1897 2776 2065 2846 bonorum

109 3017 112 3022 Α
207 2925 418 3005 hominibus,
436 2927 561 3012 quibus
577 2928 692 2996 subter
707 2925 828 3010 scripti
845 2927 938 3003 sunt,
958 2943 1019 3010 per
1033 2927 1125 2992 hanc
1139 2926 1276 2992 cartula
1292 2924 1504 2993 venundedit
1522 2925 1586 2992 tibi
1610 2925 1769 2994 radoaldi
1784 2927 1877 2995 filius
1892 2929 2066 3012 quondam

204 3078 367 3146 iochardi
384 3077 427 3148 de
442 3062 636 3164 predictum
653 3079 766 3145 locum
782 3075 928 3144 nuceria
944 3094 1015 3142 una
1030 3075 1132 3161 pecia
1149 3075 1190 3145 de
1205 3078 1300 3144 terra
1315 3095 1394 3143 mea
1410 3094 1488 3142 cum
1513 3077 1664 3144 arbustis
1687 3077 1817 3158 vitatis,
1835 3098 1937 3165 quem
1960 3083 2069 3151 habeo
2088 3157 2093 3164 ,

205 3187 390 3298 indictum
407 3233 519 3298 locum
536 3233 679 3299 nuceria
695 3231 752 3298 ubi
769 3232 914 3317 proprio
931 3229 975 3298 ad
992 3248 1116 3316 campu
1132 3229 1272 3308 dicitur,
1291 3249 1392 3316 quem
1408 3229 1495 3296 mihi
1511 3231 1568 3315 qui
1585 3249 1692 3316 supra
1707 3229 1798 3315 petri
1813 3232 1878 3300 fuit
1893 3233 2069 3318 pertinen-

206 3386 261 3451 tes
276 3403 340 3469 per
358 3382 509 3469 gradum
526 3386 708 3470 parentum
730 3402 899 3465 meorum,
919 3384 978 3470 qui
1003 3384 1108 3452 habet
1128 3383 1208 3452 finis
1231 3385 1265 3450 et
1288 3382 1523 3452 mensuriisza
1546 3399 1627 3467 pars
1650 3383 1795 3451 orientis
1818 3385 1886 3453 fine
1908 3403 1986 3453 mea
2008 3388 2067 3472 qui

205 3553 317 3620 supra
332 3535 423 3620 petri
439 3537 616 3616 vinditori,
631 3539 710 3606 sunt
725 3536 807 3606 inde
822 3557 885 3623 per
900 3537 1079 3605 mensuria
1093 3552 1214 3620 passos
1230 3536 1358 3620 viginti
1376 3536 1545 3621 quinque:
1560 3553 1581 3602 a
1597 3554 1677 3622 pars
1692 3537 1983 3622 septemtrionalis
1998 3540 2068 3607 tine

208 3687 267 3754 via
282 3691 434 3772 publica,
453 3692 533 3758 sunt
548 3691 630 3758 inde
646 3710 767 3777 passos
784 3692 911 3776 viginti
928 3694 1019 3760 tres:
1040 3710 1061 3758 a
1077 3709 1158 3776 pars
1174 3690 1361 3758 occidentis
1376 3691 1446 3758 fine
1461 3691 1503 3760 de
1517 3691 1659 3761 heredes
1675 3690 1861 3776 sadelperti
1877 3692 2067 3760 barbariem

208 3844 379 3920 nostrum,
399 3845 478 3910 sunt
493 3843 574 3912 inde
589 3864 653 3930 per
669 3846 844 3915 mensoria
858 3864 980 3932 passos
996 3846 1123 3930 viginti
1139 3845 1305 3932 quinque:
1326 3863 1347 3912 a
1370 3861 1452 3930 pars
1475 3844 1632 3924 meridie,
1651 3844 1820 3931 quomodo
1841 3846 1973 3913 termiti
1996 3846 2069 3950 ficti

209 3995 302 4070 sunt,
320 3993 391 4060 fine
406 3992 448 4063 de
463 3996 663 4065 hominibus
678 3998 900 4076 atrianensis,
920 3999 1001 4066 sunt
1016 3998 1098 4065 inde
1112 4015 1175 4082 per
1190 3997 1366 4064 mensurio
1382 3997 1541 4092 similiter
1557 4013 1677 4082 passos
1699 3996 1827 4082 viginti
1850 3997 2014 4082 quinque,
2033 4001 2068 4066 et

208 4163 247 4212 se
261 4147 483 4232 reconiungit
497 4151 535 4215 in
557 4149 635 4233 ipsa
656 4149 725 4216 flne
748 4168 826 4217 mea
848 4167 914 4234 quc
932 4152 985 4217 est
1007 4149 1125 4233 priore
1151 4149 1231 4217 fine.
1258 4150 1323 4217 hec
1349 4167 1434 4216 vero
1460 4149 1627 4226 clausum,
1642 4146 1791 4233 qualiter
1810 4147 1970 4232 superius
1987 4147 2068 4219 finis

209 4296 319 4380 posite
334 4298 414 4366 sunt
429 4301 463 4365 et
480 4299 657 4368 mensuria
673 4302 749 4386 ipsa
764 4300 947 4386 percurrit,
967 4299 1009 4366 ad
1026 4299 1118 4366 iusto
1136 4317 1277 4383 passum
1292 4299 1444 4366 hominis
1460 4299 1710 4379 mensuratum,
1729 4317 1807 4366 cum
1830 4303 1972 4386 proprie
1987 4301 2068 4370 finis

208 4455 245 4518 et
262 4452 338 4520 rice
361 4451 403 4520 de
419 4455 477 4521 via
491 4472 567 4533 sua,
586 4459 715 4524 etcum
738 4455 851 4522 omnis
870 4453 1053 4522 arboribus
1075 4457 1110 4522 et
1131 4454 1300 4540 pomifera
1315 4471 1390 4532 sua,
1409 4455 1536 4522 etcum
1560 4453 1678 4520 omnia
1701 4453 1794 4522 infre
1809 4471 1846 4522 se
1862 4455 2069 4524 habentibus

209 4605 416 4674 trasactibus
437 4623 565 4675 nomen
581 4626 604 4674 a
618 4606 771 4675 funditus
794 4625 852 4675 eos
868 4608 931 4675 tibi
948 4608 1006 4693 qui
1024 4626 1132 4693 supra
1155 4607 1310 4675 radoaldi
1334 4607 1371 4673 in
1386 4607 1562 4692 integrum
1577 4605 1797 4695 venumdedi;
1817 4606 1909 4675 unde
1924 4625 1988 4676 nec
2004 4609 2068 4678 mi-

209 4755 250 4821 hi
276 4757 336 4839 qui
361 4775 467 4842 supra
483 4759 575 4842 petri
591 4757 768 4838 vinditori‚
786 4777 898 4844 neque
924 4762 1048 4844 quarta
1070 4759 1173 4825 uxori
1196 4777 1282 4837 mee,
1308 4776 1372 4827 nec
1395 4759 1522 4843 cuique
1543 4759 1729 4826 homnibus
1749 4751 1840 4824 nihii
1863 4758 1992 4826 restitit
2006 4776 2071 4826 nec

208 4907 359 4978 dicimus
373 4929 555 4980 remanere
575 4912 775 4980 sortiouem.
795 4915 831 4980 et
845 4929 909 4998 pro
925 4911 1200 4981 confirmandam
1213 4914 1248 4980 et
1263 4910 1540 4980 staviliscendam
1557 4913 1646 4978 hanc
1668 4929 1747 4980 mea
1761 4911 1962 4991 vinditione‚
1976 4929 2070 4978 nunc

209 5077 232 5126 a
248 5061 423 5146 presentis
438 5063 553 5148 recepi
570 5065 642 5130 ate
658 5062 717 5148 qui
734 5081 842 5148 supra
856 5062 1040 5130 radoaldus
1063 5063 1254 5132 hemtorem
1277 5080 1390 5130 meum
1416 5063 1583 5130 statutum
1605 5063 1767 5147 pretium,
1782 5061 1983 5148 idestaurei
1999 5063 2069 5129 tari

212 5212 294 5278 boni
317 5231 499 5281 numerum
523 5213 805 5299 quadtuordecim
829 5215 867 5283 in
888 5234 1025 5285 omnem
1049 5215 1349 5296 deliverationem,
1374 5216 1464 5284 sicut
1485 5215 1578 5284 inter
1600 5232 1664 5282 nos
1690 5212 1876 5298 convenit3
1900 5211 2067 5298 finitoque
2183 5283 2185 5290 s

212 5378 297 5430 vero
320 5364 471 5448 pretium
496 5366 610 5450 ipsum
633 5333 726 5452 apud
749 5384 812 5435 nos
833 5383 874 5433 ea
896 5367 1058 5446 ratione,
1084 5371 1122 5435 ut
1144 5385 1167 5434 a
1189 5367 1343 5453 presenti
1365 5365 1422 5434 die
1451 5368 1485 5434 et
1508 5363 1685 5450 perpetuis
1713 5363 1926 5449 temporibus
1948 5364 1987 5430 tu
2009 5364 2067 5450 qui

209 5529 318 5597 supra
343 5511 528 5582 radoaldus
550 5531 652 5600 quam
675 5516 711 5582 et
732 5515 802 5582 tuis
824 5514 1007 5584 heredibus
1030 5515 1187 5601 predicta
1208 5535 1286 5586 mea
1307 5516 1510 5592 vinditione‚
1536 5515 1575 5582 ut
1594 5512 1751 5598 superius
1773 5513 1916 5598 legitur,
1936 5515 1974 5582 in
1996 5533 2069 5583 om-

208 5665 313 5734 nibus
336 5666 503 5734 securiter
519 5670 553 5735 et
567 5668 714 5737 firmiter
729 5669 853 5737 amodo
867 5672 902 5738 et
917 5667 1052 5756 semper
1068 5688 1127 5739 eos
1142 5670 1350 5749 habendum,
1368 5667 1625 5752 dominandum,
1641 5667 1885 5752 possidendum
1900 5670 1935 5738 et
1950 5668 2068 5736 omnia

208 5821 339 5892 exinde
359 5821 554 5892 faciendum
578 5823 668 5910 quod
692 5826 871 5894 volueritis
895 5827 1023 5911 absque
1037 5827 1134 5900 *omni
1149 5825 1397 5895 contrarietate
1413 5842 1489 5892 mea
1504 5823 1563 5909 qui
1586 5843 1692 5910 supra
1706 5825 1810 5911 petri,
1829 5826 1882 5893 vel
1898 5823 1941 5892 de
1956 5841 2065 5891 uxore
