5252 7102
622 585 684 644 ‘258
1290 565 1454 637 CODEX
1497 565 1730 637 detonsis

474 851 479 856 -
575 819 667 879 tores
683 813 717 878 et
731 810 938 886 defensores,
957 827 1020 877 nos
1036 812 1152 878 autem
1167 811 1222 876 vel
1239 809 1366 876 nostris
1381 806 1565 876 heredibus
1581 809 1684 876 rebus
1707 806 1783 892 ipsa
1798 809 1893 875 vobis
1908 806 2126 876 defensemus
2147 809 2181 874 61
2197 808 2311 874 omnia
2333 809 2424 877 adin·

577 965 746 1047 pleamus,
764 961 853 1028 sicut
868 959 1028 1046 superius
1050 960 1191 1044 legitur,
1210 925 1458 1045 enceptuatnm¹
1469 959 1543 1042 ipse
1559 958 1626 1024 duo
1642 957 1737 1042 pecie
1758 957 1802 1026 de
1818 959 1923 1026 terris
1938 957 2028 1043 quod
2043 957 2325 1044 supradiximus,
2342 961 2422 1044 quod

575 1112 674 1180 vobis
689 1130 758 1180 non
776 1111 1078 1198 venumdedimus;
1096 1129 1176 1177 nam
1194 1111 1270 1195 ipso
1285 1111 1370 1177 aliut
1385 1112 1493 1176 totum
1510 1113 1545 1176 et
1560 1108 1715 1177 inclitum
1732 1103 1776 1175 ad
1792 1111 1942 1202 vestram
1963 1109 2158 1177 remisimus
2174 1113 2209 1176 et
2230 1108 2424 1178 tradidimus

575 1268 780 1351 potestatem
810 1267 846 1332 in
873 1265 1112 1350 suprascripta
1139 1266 1285 1333 ratione.
1316 1283 1417 1349 quam
1447 1268 1481 1331 16
1507 1263 1684 1348 guisonem
1709 1263 1883 1330 notarium
1911 1262 2064 1329 scribere
2089 1266 2301 1346 rogavimus.
2319 1265 2423 1328 actum

573 1419 728 1500 nuceria.
1500 1388 1504 1398 ’

634 1544 662 1656 †
679 1589 744 1654 ego
760 1571 819 1654 qui
836 1588 943 1655 snpra
958 1572 1011 1637 leo

633 1693 662 1806 †
678 1739 745 1804 ego
762 1725 880 1805 petrus
894 1719 1071 1786 diaconus.

1367 2221 1608 2301 CCCCII.

1339 2467 1394 2542 A.
1433 2467 1484 2542 D.
1521 2465 1625 2543 988.

635 2727 669 2864 1
692 2783 729 2845 16
748 2778 888 2843 nomine
903 2775 1033 2841 domini
1050 2775 1171 2858 quinto
1185 2791 1277 2839 anno
1293 2773 1511 2857 principatus
1526 2771 1643 2840 domni
1659 2773 1769 2840 nostri
1793 2771 1935 2841 iohanni
1961 2775 2113 2858 glorioso
2134 2775 2306 2860 principe,
2322 2794 2425 2844 mense

579 2933 725 2998 octuber
740 2929 889 2998 secunda
911 2927 1109 2995 indictione.
1129 2925 1409 2993 memoratorium
1435 2927 1563 2993 sactum
1588 2945 1610 2992 a
1632 2945 1686 2994 me
1710 2926 1878 2994 iohannes
1900 2928 1993 2994 filius
2015 2927 2187 3012 quondam
2211 2927 2354 3013 sparani
2377 2927 2424 3012 qui

580 3082 706 3149 dicitur
722 3084 899 3159 levoranu,
918 3097 958 3147 eo
975 3077 1063 3164 quod
1081 3081 1161 3145 ante
1177 3080 1365 3146 nobiliores
1380 3079 1536 3145 homines
1552 3079 1609 3163 qui
1626 3080 1741 3148 subter
1756 3079 1876 3162 scripti
1888 3081 1979 3157 6661,
1993 3079 2162 3148 dederunt
2173 3081 2207 3148 et
2216 3079 2423 3147 tradiderunt

578 3235 662 3302 mibi
680 3235 723 3302 ad
742 3232 985 3311 lavorandum‚
1000 3235 1035 3299 61
1046 3231 1283 3316 srugiandum,
1302 3233 1336 3298 61
1351 3230 1550 3310 tenendum,
1565 3234 1599 3299 61
1613 3231 1871 3310 dominandum,
1886 3233 1921 3298 et
1932 3231 2181 3316 pastenandum
2196 3232 2341 3300 domnus
2354 3251 2423 3300 cen·

576 3407 701 3456 namus
717 3385 924 3454 veneravilis
939 3387 1044 3452 abbas
1059 3387 1173 3451 custos
1189 3389 1224 3451 61
1241 3388 1353 3452 rector
1370 3384 1539 3452 hecclesie
1561 3385 1672 3450 sancti
1697 3385 1854 3463 maximi,
1873 3387 1908 3452 et
1930 3401 2000 3450 una
2021 3402 2098 3449 cum
2122 3402 2199 3450 eum
2225 3387 2339 3452 essent
2359 3387 2422 3452 lan-

548 3515 553 3524 ·
577 3541 679 3609 doari
696 3557 810 3607 comcs
826 3541 884 3624 qui
901 3543 953 3608 est
968 3559 1070 3606 unum
1087 3539 1129 3606 de
1151 3539 1316 3606 dominiis
1339 3539 1449 3622 ipsius
1472 3539 1651 3617 hecclesie,
1678 3556 1747 3604 una
1771 3538 1870 3623 pecia
1892 3537 1936 3605 de
1957 3542 2054 3605 terra
2075 3556 2195 3616 vacua,
2222 3556 2324 3625 quem
2348 3558 2421 3624 pars

505 3734 508 3740 -
580 3693 743 3760 iamdicte
759 3690 926 3759 hecclesie
942 3689 1053 3758 sancti
1076 3690 1221 3758 maximi
1245 3692 1350 3756 babet
1373 3691 1410 3755 in
1434 3692 1544 3756 locum
1569 3708 1682 3774 angre
1705 3691 1761 3756 661
1784 3689 1925 3758 tribano
1948 3690 2088 3770 dicitur,
2114 3709 2180 3776 que
2202 3693 2285 3758 abet
2299 3691 2373 3757 6616
2392 3696 2422 3757 61

578 3844 754 3912 mensoria
770 3845 847 3926 ipsa
863 3843 1021 3927 predicta
1035 3845 1134 3927 peria
1149 3843 1190 3910 de
1207 3845 1314 3909 terra:
1334 3861 1355 3907 a
1370 3861 1452 3926 pars
1469 3843 1656 3910 occidentis
1670 3844 1740 3909 fine
1755 3843 1813 3909 via
1827 3841 1978 3926 publica,
1988 3845 2069 3908 sunt
2079 3840 2159 3908 inde
2180 3859 2245 3926 per
2261 3842 2422 3910 mensurio

576 4013 697 4080 passos
715 3997 920 4079 octuaginta
936 3998 1023 4060 octo:
1043 4013 1164 4078 apars
1180 3994 1436 4078 septemtrionis
1452 3995 1522 4061 fine
1538 3998 1634 4061 terra
1657 3993 1699 4060 de
1723 3994 1897 4080 episcopio
1920 3995 2088 4074 stavian0,
2108 3998 2188 4062 sunt
2209 3995 2293 4064 inde
2314 4012 2421 4081 passos

576 4146 832 4232 quinquaginta
848 4139 996 4231 quatuor
1012 4151 1047 4212 et
1063 4146 1178 4211 cubito
1195 4163 1319 4210 unum:
1338 4163 1360 4210 a
1375 4163 1458 4228 pars
1475 4145 1618 4211 orientis
1634 4146 1703 4212 fine
1726 4139 1769 4212 de
1793 4145 1938 4214 heredes
1954 4147 2090 4230 guisoni
2113 4145 2155 4216 de
2179 4146 2298 4214 eodem
2322 4151 2421 4214 locum

576 4315 699 4380 angre,
718 4298 799 4362 6661
816 4295 896 4362 inde
912 4311 1032 4380 passos
1048 4295 1275 4379 septuaginta
1289 4296 1423 4362 nobem:
1443 4313 1462 4360 a
1481 4313 1564 4379 pars
1580 4295 1726 4362 meridie
1749 4297 1818 4364 fine
1841 4296 1977 4379 guisoni
2002 4296 2199 4364 subdiaconi
2224 4299 2317 4366 filius
2338 4299 2419 4374 boni,

577 4453 658 4516 sunt
675 4450 757 4516 inde
780 4467 899 4534 passos
922 4447 1081 4532 triginta,
1100 4451 1135 4514 61
1158 4449 1296 4515 exiente
1319 4467 1427 4532 usque
1451 4449 1487 4513 in
1512 4446 1588 4532 ipsa
1610 4450 1665 4514 via
1688 4449 1913 4533 publicaque
1936 4452 1988 4517 est
2009 4451 2127 4534 priore
2148 4451 2229 4529 dne,
2257 4455 2361 4521 totum
2384 4449 2420 4518 ad
2465 4463 2472 4474 “

577 4601 668 4665 16616
684 4617 820 4684 passum
839 4600 990 4666 homi-nis
1005 4602 1253 4668 mensuratum.
1272 4597 1364 4664 unde
1380 4615 1444 4683 pro
1460 4598 1577 4664 taliter
1601 4617 1663 4682 per
1688 4601 1812 4664 bonam
1835 4600 2078 4668 convenientia
2101 4600 2229 4685 guadio
2253 4603 2337 4669 mibi
2358 4602 2422 4687 ipse

577 4749 725 4816 domnus
740 4769 929 4817 cennamus
944 4751 1051 4817 abbas
1068 4769 1144 4818 cum
1162 4752 1237 4836 ipso
1254 4751 1461 4818 advocatore
1475 4767 1539 4817 suo
1554 4751 1735 4832 dederunt,
1755 4759 1790 4816 61
1806 4751 2032 4820 mediatorem
2057 4754 2141 4820 milri
2165 4758 2356 4838 posuerunt
2368 4729 2422 4820 mi·

577 4900 707 4967 randus
722 4901 814 4966 filius
831 4901 972 4966 iohanni
989 4901 1031 4969 de
1047 4905 1159 4969 locum
1177 4905 1327 4969 tostazzu
1342 4903 1406 4970 tali
1424 4902 1556 4981 ordine,
1576 4905 1613 4968 ut
1629 4903 1751 4968 amodo
1766 4906 1800 4969 61
1822 4921 1928 4988 usque
1942 4903 2060 4970 decem
2077 4904 2159 4971 anni
2177 4907 2339 4991 completi
2355 4906 2420 4988 ipsc

576 5053 721 5120 domnus
737 5055 845 5120 abbas
859 5056 893 5120 et
908 5072 1122 5123 successores
1138 5074 1229 5134 6666,
1247 5059 1281 5124 61
1296 5075 1377 5141 pars
1393 5057 1556 5124 iamdicto
1571 5057 1738 5124 hecclesie
1754 5057 1865 5123 sancti
1881 5057 2026 5123 maximi
2051 5057 2248 5126 defensaret
2271 5057 2353 5124 mihi
2368 5054 2420 5140 qui

564 5213 682 5291 'supra
698 5208 841 5274 iohanni
859 5209 912 5275 vel
930 5207 973 5273 ad
991 5208 1077 5274 meis
1093 5207 1278 5274 heredibus
1302 5210 1374 5274 1616
1397 5211 1431 5276 61
1460 5209 1582 5276 inclita
1604 5207 1681 5293 ipsa
1703 5209 1905 5294 supradicta
1926 5211 2027 5294 pecia
2048 5209 2090 5278 de
2113 5214 2206 5278 terra
2228 5229 2290 5295 per
2312 5225 2421 5294 supra·

573 5356 664 5423 dicte
682 5356 762 5425 finis
777 5359 999 5438 etmensuric
1014 5377 1092 5425 cum
1110 5359 1184 5426 vice
1200 5359 1241 5427 de
1259 5359 1313 5425 via
1330 5360 1450 5456 suada
1465 5378 1584 5426 omnes
1599 5359 1766 5438 hominos,
1785 5363 1820 5427 et
1834 5379 1905 5428 non
1929 5359 2007 5428 illos
2030 5360 2117 5427 mihi
2141 5362 2277 5447 meique
2298 5357 2420 5427 heredi·

577 5512 639 5576 bus
656 5512 779 5577 tollere
794 5513 855 5577 aut
871 5511 1030 5580 contrane
1046 5531 1155 5597 quera
1177 5532 1239 5597 per
1264 5513 1369 5581 nullis
1393 5514 1595 5592 rationibus,
1614 5515 1692 5581 dum
1718 5531 1779 5583 666
1804 5509 1879 5581 11166
1901 5516 2020 5588 tenere
2043 5511 2314 5582 voluerimus'ad
2338 5513 2420 5578 lavo

573 5657 722 5724 randum
740 5661 774 5726 et
790 5659 1033 5747 srugiandum3
1050 5665 1085 5727 et
1100 5680 1163 5729 nos
1178 5665 1292 5729 autem
1312 5664 1366 5728 vel
1383 5663 1511 5730 nostris
1536 5664 1719 5760 lmredibus
1735 5665 1908 5731 licentiam
1926 5667 1961 5730 et
1976 5665 2175 5748 potestatem
2193 5657 2417 5744 habeamusin

573 5807 648 5892 ipsa
662 5807 782 5877 eadem
798 5809 903 5876 rebus
918 5810 1014 5877 16666
1037 5813 1071 5876 61
1094 5813 1207 5880 omnis
1224 5816 1358 5882 nostras
1374 5814 1558 5881 utilitatem
1576 5815 1700 5891 lacere,
1719 5817 1754 5881 et
1777 5834 1837 5882 eas
1861 5819 2045 5899 pastenare
2068 5819 2208 5883 arbores
2231 5819 2265 5881 61
2287 5811 2369 5877 vites
2388 5805 2419 5870 et
