5210 7098
886 499 1319 626 nnrnonoornnun
1352 548 1444 619 nro.

609 807 659 892 E.
705 805 764 891 Μ.
1554 793 1601 879 C.
1650 793 1697 879 C.

269 1067 434 1132 Nares...
450 1060 505 1127 vel
521 1055 665 1143 spiritus
681 1071 768 1122 nare
783 1069 853 1122 non
871 1049 1008 1119 desinit.
1023 1049 1078 1116 53.
1212 1050 1375 1115 Nares...
1392 1042 1445 1110 rel
1462 1039 1606 1126 spiritus
1621 1057 1764 1108 manare
1779 1057 1848 1108 non
1865 1038 1993 1108 desinit

605 1269 690 1358 Cap.
719 1269 769 1335 ll.

175 1519 181 1528 ,
267 1450 430 1520 Senectus
434 1498 501 1527 .....
522 1447 604 1532 quia
619 1453 680 1512 nos
696 1447 738 1512 ab
762 1439 1061 1528 impotentissimis
1083 1436 1143 1504 do·
1213 1429 1376 1498 Senectus
1394 1478 1399 1490 .
1420 1479 1425 1490 .
1445 1477 1452 1490 .
1472 1474 1478 1488 .
1498 1421 1959 1510 quianosapotentissimis
1976 1421 2086 1489 domi·

222 1592 328 1660 minis
344 1592 469 1659 liberet
484 1639 490 1653 .
506 1591 562 1655 27.
1157 1558 1220 1639 inis
1243 1569 1375 1636 liceret.

589 1827 675 1910 Cap.
705 1828 777 1893 lll.
1156 1802 1159 1893 l

267 1999 378 2067 Xerxi
395 1999 525 2084 qnippe
541 1997 641 2082 lepus
656 2013 700 2064 ex
715 2013 805 2081 equa
820 1995 997 2063 creata...
1209 1987 1350 2052 Xerxen
1375 1979 1503 2065 quippe
1527 1977 1642 2062 culpis
1669 1995 1713 2044 ex
1739 1995 1826 2061 equa
1853 1979 1970 2045 creata
1996 1976 2082 2043 solvi

225 2186 339 2200 .....
355 2130 497 2202 dissolvi
521 2149 671 2216 regnum
696 2129 882 2214 portendit.
901 2131 930 2194 l.
1156 2140 1312 2231 regnum
1329 2117 1516 2204 portendit.

229 2577 340 2591 .....
367 2527 611 2610 nuncupantur
639 2497 715 2591 octo
745 2521 870 2608 pedum
901 2521 1051 2590 statuam
1081 2519 1158 2697 hai
1305 2531 1550 2614 nuncupantur
1574 2529 1752 2600 duodecim
1782 2530 1906 2615 pedum
1938 2530 2085 2596 statuam

225 2669 353 2738 tientes.
372 2669 424 2733 lo.
1156 2671 1338 2769 babentes.

574 2877 798 2949 cirinum.
1148 2840 1159 2941 '.
1210 2889 1247 2975 p.

543 3058 587 3122 lle
610 3037 822 3121 Animalibus.

613 3221 698 3304 Cap.
728 3223 756 3285 Ι.
955 3263 960 3275 ·
1157 3154 1160 3269 ἱ

270 3399 378 3468 Haedi
403 3399 447 3464 ab
470 3395 603 3464 edendo
626 3396 753 3463 vocati.
773 3447 779 3460 .
799 3445 832 3458 ..
1210 3399 1275 3467 Edi
1298 3401 1368 3468 hab
1391 3400 1523 3469 edendo

608 3631 692 3712 cap.
724 3631 773 3696 ll.
1156 3517 1160 3699 l

328 3805 724 3890 .etcarpensomn1a
747 3805 932 3871 lsslffl'dsseb
954 3800 1045 3887 ejus,
1072 3800 1155 3870 ΘΧῑῐ·
1215 3865 1221 3880 .
1293 3817 1514 3898 .etcarpens
1532 3812 1649 3880 omnia
1668 3810 1846 3881 interanea
1870 3810 1944 3897 ejus
1968 3808 2086 3896 sicque

230 3949 306 4016 viva
322 3948 365 4016 de
382 3945 570 4015 visceribus
585 3943 762 4020 crocodili,
783 3943 859 4026 ipso
878 3945 1024 4010 mortuo.
1041 3939 1098 4010 2l.
1167 3955 1271 4020 morit
1273 3973 1324 4020 ur
1341 3953 1367 4040 2)

596 4159 681 4246 Cap.
711 4159 782 4224 lll.

274 4342 511 4407 musaraneus.
527 4339 558 4404 4.
1152 4244 1163 4433 3}
1213 4326 1465 4390 Musaraneum.
1480 4321 1577 4408 cujus
1593 4337 1725 4390 morsus
1741 4337 1869 4388 aranea
1885 4320 1948 4386 est.
1964 4319 2002 4386 in
2013 4337 2089 4388 sar-

355 4541 360 4550 ,
1038 4475 1041 4482 ·
1161 4444 1276 4530 'dinia
1304 4459 1432 4528 animal
1457 4458 1743 4544 perexiguum...
1770 4461 1966 4544 presentem
1989 4457 2084 4525 lacit.

273 4564 419 4630 aranea.
439 4561 472 4624 5.

273 4785 326 4850 Ex
342 4781 378 4847 in
396 4778 557 4848 Sardinia
571 4777 701 4843 arrimal
714 4774 1002 4860 perexiguum...
1019 4748 1165 4857 pestem‘l

229 4921 374 4990 tacito.
1163 4874 1165 4915 ⁵

603 5085 687 5170 cop.
718 5087 738 5151 l
744 5085 779 5150 V.

274 5229 504 5314 chelydros...
520 5233 553 5300 et
569 5232 756 5298 lucanus...
773 5227 941 5312 chelydri.
957 5229 1012 5296 21.
1217 5229 1430 5299 Galidros....
1446 5235 1647 5299 Lucanus...
1662 5228 1795 5298 celidri.
1816 5231 1957 5314 Semper
1974 5230 2087 5295 autem

289 5569 310 5638 ¹)
332 5569 353 5626 ll
375 5569 459 5626 libro
477 5569 525 5626 xll
547 5568 688 5642 principia
709 5568 736 5624 al
758 5569 848 5641 loglio
871 5567 924 5624 139
947 5575 1017 5628 recto
1038 5569 1083 5626 col
1104 5585 1168 5642 cap.
1191 5571 1225 5628 dc
1242 5571 1386 5643 pecoribus
1406 5579 1430 5627 et
1452 5574 1623 5637 detinendae
1644 5571 1745 5626 liniaco
1768 5571 1795 5626 al
1817 5571 1906 5642 loglio
1930 5568 1982 5625 159
2003 5576 2085 5638 recto,

238 5694 287 5750 nel
308 5695 354 5750 cui
376 5695 479 5751 ultimo
501 5696 645 5753 uersicolo
666 5699 695 5752 in
718 5697 819 5753 lettere
840 5697 958 5754 cubitali
981 5713 1052 5755 nere
1072 5698 1171 5755 binate
1192 5699 1216 5754 si
1238 5699 1324 5772 lagga
1345 5696 1446 5756 EXPL.
1470 5697 1536 5754 LlB.
1561 5695 1620 5753 llll.
1644 5697 1732 5754 lucu.
1756 5697 1816 5754 lllll
1837 5693 1985 5753 l'SlltOltl.

290 5817 314 5878 ²)
337 5819 410 5874 132,
427 5820 463 5874 Μ.
487 5821 515 5876 in
538 5828 608 5876 nota
629 5819 704 5888 dice,
728 5821 781 5877 che
804 5821 821 5876 l'
837 5837 849 5878 o
863 5829 886 5878 et
905 5825 942 5880 sic
962 5825 1082 5879 irroratur
1104 5835 1115 5874 u
1139 5822 1154 5879 d
1176 5821 1317 5892 variante,
1339 5823 1393 5879 clre
1415 5822 1478 5878 sola
1498 5825 1528 5877 in
1548 5824 1677 5879 celeribus
1699 5824 1785 5878 libris.
1809 5821 1831 5876 si
1855 5821 1951 5892 lagga.
