5378 7098
630 660 670 716 es
910 697 912 703 .
1274 637 1458 708 counx
1497 639 1728 712 chunusrs
1823 673 1825 678 ·

582 887 716 956 soribus
732 891 767 954 et
782 903 865 971 pars
882 885 992 969 ipsius
1008 885 1151 952 ecclesie
1173 883 1274 949 nobis
1290 883 1486 968 nostrisque
1509 883 1695 951 heredibus
1719 885 1867 969 triginta
1889 885 2015 953 solidos
2039 887 2261 955 costantinos.
2281 887 2359 954 illut
2382 905 2438 953 au·

578 1043 647 1108 tern
663 1039 721 1124 qui
737 1041 788 1108 est
804 1039 866 1105 illa
883 1039 983 1122 purte
998 1037 1041 1104 de
1058 1037 1133 1120 ipso
1150 1036 1244 1102 ribus
1260 1037 1400 1112 arcella,
1419 1037 1509 1103 sicut
1526 1039 1598 1104 iam.
1609 1038 1702 1105 inter
1718 1055 1781 1106 nos
1798 1037 2040 1107 diffinitionem
2065 1040 2189 1106 iactam
2214 1040 2369 1116 abemus,
2387 1041 2434 1106 sic

577 1191 646 1260 fiad
678 1193 769 1260 inter
796 1207 858 1259 nos
886 1192 980 1257 omni
1005 1165 1170 1274 tempore,
1200 1193 1235 1256 et
1261 1192 1390 1274 quanta
1412 1207 1472 1284 res.
1491 1189 1592 1256 modo
1617 1190 1796 1259 incudem
1820 1193 1895 1259 loco
1911 1192 2037 1259 retinet
2053 1177 2136 1276 pars
2153 1192 2261 1276 ipsius
2277 1194 2431 1262 ecclesie.

577 1347 703 1414 abeant
725 1347 804 1413 illut
826 1345 905 1412 sibi.
933 1346 967 1411 et
989 1345 1081 1410 hunc
1105 1345 1244 1410 brebem
1269 1343 1392 1427 scripsi
1416 1363 1481 1426 ego
1506 1343 1695 1412 madelmus
1717 1346 1874 1413 notarius
1897 1347 1955 1429 qui
1980 1346 2134 1412 interlui.

634 1469 664 1582 †
686 1513 753 1581 ego
776 1495 932 1563 ademari

637 1621 667 1734 †
682 1667 749 1734 ego
765 1649 900 1716 altanus

637 1775 671 1890 †¹
682 1820 747 1889 ego
766 1802 910 1870 adelferi
928 1821 982 1869 me
999 1803 1186 1886 subscripsi

635 1928 667 2048 †
684 1974 751 2040 ego
768 1961 887 2040 petrus

591 2193 596 2210 Ι
638 2082 748 2194 †ego
766 2109 926 2177 arechisi.

1336 2613 1660 2692 (lCXXXIV
1669 2673 1676 2689 .

1302 2793 1306 2798 ⁵
1368 2857 1422 2932 n.
1459 2857 1509 2932 u.
1549 2854 1651 2934 ecc.

642 3117 677 3255 †
693 3175 731 3238 ln
747 3169 887 3238 nomine
904 3169 1034 3236 domini
1052 3149 1143 3234 auno
1161 3166 1343 3250 trigesimo
1359 3166 1463 3231 tertio
1479 3165 1695 3250 principatus
1710 3165 1828 3233 domui
1843 3169 1953 3234 nostri
1968 3167 2083 3251 gisolfi
2097 3165 2241 3251 gloriosi
2258 3167 2438 3252 principis

585 3338 703 3389 mense
719 3321 902 3388 ianuarius
918 3338 1008 3387 nona
1025 3321 1227 3388 indictione.
1247 3318 1531 3386 memoratorium
1548 3319 1641 3386 lactu
1658 3338 1679 3387 a
1696 3338 1751 3387 me
1767 3320 1958 3404 guaiferius
1974 3320 2066 3387 illius
2071 3370 2264 3386 ......
2267 3285 2275 3304 ⁸
2296 3372 2303 3385 .
2333 3372 2340 3384 .
2371 3373 2378 3386 .
2403 3338 2442 3387 eo

587 3472 676 3556 quod
694 3477 775 3540 ante
791 3473 975 3557 subscripti
994 3476 1097 3541 testes
1114 3492 1175 3557 per
1191 3489 1280 3538 rona
1294 3469 1547 3539 combenionlia
1569 3470 1714 3539 tradidit
1736 3489 1803 3556 ego
1820 3473 1904 3550 ursi,
1923 3472 1980 3559 qui
1998 3474 2064 3541 fuit
2080 3491 2268 3559 genuense,
2287 3474 2333 3542 ad
2351 3475 2443 3541 labo·

581 3623 732 3691 randum
760 3674 918 3689 .....
944 3626 1122 3692 arbustum
1147 3628 1241 3690 terra
1263 3641 1341 3691 mea
1357 3640 1478 3700 vacua,
1498 3621 1587 3707 quod
1604 3625 1688 3692 abeo
1707 3624 1871 3691 inlocum
1888 3625 1969 3692 silla
1991 3625 2117 3693 linibus
2139 3625 2364 3695 salernitanis
2379 3643 2439 3711 per

581 3791 620 3842 as
635 3775 716 3843 finis
731 3776 766 3842 et
781 3776 975 3844 mensurie:
995 3777 1037 3844 de
1061 3795 1132 3845 una
1148 3779 1246 3862 parte
1262 3777 1331 3846 line
1336 3827 1527 3842 ......
1553 3776 1657 3844 ilubio
1680 3777 1885 3878 pecentino:
1912 3777 1954 3844 de
1977 3779 2047 3844 alia
2071 3780 2153 3844 bero
2176 3778 2277 3863 parte
2296 3777 2366 3845 fine
2387 3777 2441 3844 bia

585 3929 747 4014 pulbica:
768 3928 811 3996 de
827 3929 896 3996 alie
912 3929 1045 3998 duobus
1061 3931 1214 4015 partibus
1230 3930 1299 3997 linc
1314 3931 1443 3997 nostra:
1463 3946 1527 4013 per
1542 3929 1718 3996 mensoria
1745 3951 1751 3994 .·
1819 3981 1826 3995 .
1857 3982 1863 3996 .
1894 3982 1900 3994 .
1928 3929 2033 3997 dubio
2048 3929 2091 3997 de
2113 3929 2294 4015 longitudo
2322 3947 2441 4016 passos

585 4084 735 4158 centum,
755 4085 790 4148 et
818 4099 880 4164 per
905 4080 1050 4148 latitudo
1076 4100 1165 4166 erga
1182 4083 1257 4168 ipsa
1281 4081 1339 4148 bia
1355 4098 1473 4166 passos
1488 4080 1636 4166 triginta
1655 4083 1738 4158 tres
1756 4084 1791 4147 et
1807 4098 1892 4166 erga
1906 4081 1976 4149 fine
1992 4101 2068 4150 rnea
2090 4101 2153 4166 per
2180 4134 2187 4145 .
2217 4133 2224 4146 .
2255 4135 2263 4148 .
2293 4133 2300 4146 .
2328 4097 2441 4167 passos

584 4235 792 4320 nonaginta,
811 4239 846 4302 ct
863 4255 925 4320 per
943 4235 1089 4304 latitudo
1105 4254 1193 4322 erga
1209 4237 1287 4320 ipsa
1304 4237 1374 4303 alia
1390 4235 1459 4303 fine
1475 4253 1552 4303 mea
1568 4252 1687 4320 passos
1703 4234 1788 4303 alios
1804 4235 1954 4321 triginta
1968 4241 2051 4303 tres.
2071 4238 2134 4303 hec
2150 4236 2232 4304 bero
2249 4253 2317 4315 res,
2337 4235 2441 4322 quali·

585 4390 638 4454 ter
655 4389 815 4473 superius
831 4389 912 4457 lluis
927 4393 962 4457 et
978 4390 1154 4458 mensurio
1169 4391 1280 4474 posite
1288 4390 1389 4487 sunt,
1408 4388 1453 4457 ad
1469 4389 1559 4456 iusto
1575 4353 1713 4473 passum
1728 4388 1836 4457 omini
1852 4391 2086 4459 mensuratum
2104 4391 2212 4457 totum
2228 4393 2264 4458 et
2285 4389 2440 4458 inclitum

585 4537 665 4606 illut
687 4539 720 4605 ci
742 4538 888 4606 tradidit
903 4541 964 4606 tali
982 4541 1107 4618 tinore,
1128 4545 1176 4608 ut.
1201 4591 1207 4605 .
1238 4592 1245 4606 .
1276 4591 1283 4605 .
1311 4542 1472 4610 laborare
1487 4541 1521 4608 ct
1538 4541 1723 4626 pastenare
1738 4542 1916 4608 arbustum
1933 4540 2077 4607 vitatum
2094 4543 2128 4607 et
2145 4541 2269 4624 pomis,
2287 4542 2324 4609 et
2337 4557 2442 4626 quan·

585 4692 659 4758 tum
681 4685 800 4758 vinum
817 4695 851 4757 et
871 4692 1014 4775 irugens
1030 4696 1064 4760 et
1080 4696 1215 4762 labores
1239 4694 1437 4763 annualiter
1459 4693 1586 4763 exierit
1609 4694 1731 4761 amodo
1757 4697 1792 4762 et
1815 4712 1921 4778 usque
1942 4692 2060 4761 decern
2084 4693 2168 4762 anni
2192 4693 2365 4779 completi,
2391 4694 2441 4758 io-

584 4845 659 4909 tum
675 4841 753 4910 illut
770 4841 842 4909 sihi.
853 4841 975 4921 abead,
995 4842 1192 4911 faciendum
1208 4844 1324 4912 omnia
1338 4843 1428 4930 quod
1447 4845 1607 4923 voluerit,
1626 4847 1660 4911 et
1676 4862 1738 4912 nos
1754 4845 1949 4930 nostrisque
1965 4844 2150 4914 heredibus
2165 4846 2296 4914 nullam
2320 4863 2439 4932 quera-

585 5009 662 5060 mus
679 4991 760 5060 inde
776 4994 809 5060 ei
824 4993 958 5061 tollere.
974 4994 1017 5062 ad
1030 4997 1191 5080 completi
1208 4998 1324 5062 autem
1339 4994 1407 5079 ipsi
1423 4994 1541 5063 decem
1557 4995 1652 5067 unni.
1668 4995 1725 5062 ille
1741 4998 1855 5064 autem
1872 4997 1925 5063 vcl
1937 4996 2009 5064 suis
2026 4997 2209 5067 heredibus
2224 4999 2262 5066 in
2276 4999 2351 5065 tota
2365 4997 2440 5083 ipsa

585 5147 682 5212 terra
694 5161 755 5228 per
767 5145 842 5230 ipse
858 5145 938 5212 finis
953 5147 988 5212 et
1003 5144 1180 5213 mensurio
1194 5146 1320 5213 abeant
1335 5146 1514 5212 arbustum
1531 5143 1678 5212 bitatum
1695 5145 1823 5212 sactum
1840 5147 1874 5214 et
1889 5148 2068 5230 operatum
2084 5147 2118 5214 et
2130 5147 2337 5226 laboratum,
2355 5147 2440 5216 sicut

498 5341 502 5346 -
585 5295 652 5361 loci
677 5293 770 5363 illius
793 5300 845 5364 est
868 5297 1091 5375 consuetudo,
1112 5301 1149 5364 ut
1173 5299 1259 5366 bene
1283 5295 1411 5382 parcad
1436 5298 1628 5365 laboratum
1652 5301 1686 5365 et
1709 5299 1907 5384 operatum3
1932 5302 1966 5367 ct
1989 5301 2019 5365 si
2037 5298 2153 5383 ‘pomis
2177 5298 2225 5366 ibi
2250 5301 2387 5369 abuerit
2410 5304 2441 5367 et

588 5497 747 5514 .....
775 5450 942 5518 meruerit
963 5455 998 5518 et
1015 5452 1083 5520 iam
1099 5453 1136 5520 in
1152 5456 1253 5521 antea
1269 5453 1532 5537 omnitempore
1555 5451 1613 5520 ille
1636 5453 1671 5519 el
1693 5453 1765 5520 suis
1788 5451 1972 5519 heredibus
1987 5455 2097 5520 totum
2113 5453 2191 5522 illut
2213 5456 2356 5524 teneant
2370 5457 2404 5523 et
2431 5507 2437 5519 .

582 5626 586 5640 =
588 5647 745 5664 .....
773 5605 854 5684 apto
878 5605 1032 5686 tempore
1055 5604 1132 5671 illut
1155 5605 1328 5680 laborare,
1354 5604 1442 5672 sicut
1464 5605 1558 5671 locus
1581 5603 1656 5689 ipse
1679 5604 1848 5680 meruerit
1871 5607 1908 5671 nt
1930 5607 2016 5673 hene
2040 5604 2167 5689 paread
2191 5605 2386 5674 laboratum
2409 5608 2441 5674 et

583 5752 751 5818 cultatuin
775 5751 818 5819 de
841 5771 945 5869 super
969 5759 1002 5824 ct
1025 5756 1068 5823 de
1091 5758 1219 5836 subter,
1245 5759 1279 5825 et
1301 5757 1516 5843 temporibus
1540 5755 1611 5826 suis
1635 5761 1768 5826 salbum
1793 5759 1875 5826 illut
1897 5756 2027 5825 saciant
2048 5760 2081 5825 et
2099 5755 2325 5842 bindemiare,
2344 5762 2379 5829 et
2394 5762 2443 5828 ia-

581 5901 679 5972 ciant
694 5906 791 5972 nobis
806 5909 841 5972 et
856 5908 985 5974 nostris
1002 5907 1186 5976 heredibus
1202 5910 1291 5978 scire
1309 5910 1352 5980 ad
1369 5909 1591 5996 dirigendum
1608 5909 1732 5982 ibidem
1760 5908 1903 5978 missurn
1930 5911 2086 5976 nostrum
2113 5927 2177 5993 pro
2200 5911 2441 5996 recipiendum
