5252 7102
576 543 639 604 304
1242 533 1405 606 CODEX
1443 533 1678 606 CAVENSlS

530 772 612 839 dem
637 773 750 840 locum
774 792 918 853 nucera,
938 777 1019 841 sunt
1042 772 1123 843 inde
1145 775 1241 860 passi
1264 775 1451 861 sexaginta
1473 795 1593 856 unum,
1612 779 1646 847 et
1662 779 1860 848 revolvente
1883 798 1947 866 per
1969 781 2039 850 fine
2061 781 2105 851 de
2119 783 2264 852 heredes
2279 784 2386 870 ipsius

531 923 738 1010 gaidenardi
761 928 797 993 et
819 927 958 997 exiente
980 929 1018 996 in
1040 929 1110 997 fine
1133 928 1176 996 de
1200 928 1345 997 heredes
1367 929 1532 1014 pandoni,
1551 931 1609 1015 qui
1628 933 1680 999 est
1697 931 1734 998 in
1749 932 1904 1016 partibus
1919 935 2189 1020 septemtrionis,
2207 940 2288 1004 sunt
2311 938 2388 1007 inde

529 1098 592 1166 ρει
616 1080 691 1166 ipse
714 1081 795 1150 finis
817 1081 912 1168 passi
935 1081 1135 1168 sexaginta:
1162 1101 1184 1149 a
1207 1100 1289 1168 pars
1313 1082 1406 1151 idem
1429 1082 1696 1169 septemtrionis,
1714 1085 1884 1170 quomodo
1907 1087 1991 1171 poiu
2005 1087 2185 1168 discernit,
2204 1089 2273 1158 fine
2295 1091 2389 1160 terra

530 1231 676 1302 ecclesie
700 1235 821 1303 sancte
844 1233 954 1300 marie
977 1234 1087 1319 plevis
1111 1235 1273 1314 nucerio,
1299 1238 1380 1303 sunt
1407 1235 1489 1304 inde
1514 1237 1608 1322 passi
1631 1236 1760 1322 viginti
1787 1239 1887 1306 octo:
1914 1256 1936 1306 a
1962 1257 2044 1356 pars
2075 1239 2222 1308 orientis
2251 1242 2322 1309 fine
2348 1241 2390 1311 do

529 1384 674 1453 heredes
701 1385 857 1454 cinnami
881 1387 975 1454 filius
999 1386 1160 1454 adelvoni
1183 1385 1301 1456 clerici
1326 1389 1361 1454 et
1382 1387 1453 1455 fine
1475 1388 1571 1473 sergi
1594 1391 1628 1457 et
1650 1389 1741 1474 petri
1765 1364 1926 1476 germani
1953 1390 2018 1458 filii
2040 1391 2198 1472 iohanni,
2225 1398 2305 1461 sunt
2327 1413 2389 1480 per

530 1536 607 1622 ipse
628 1537 710 1604 finis
735 1537 831 1622 passi
854 1539 1111 1624 quinquaginta
1132 1538 1201 1607 duo
1225 1541 1258 1608 et
1280 1539 1444 1607 medium:
1470 1541 1669 1612 revolvente
1691 1559 1753 1626 per
1776 1541 1853 1627 ipsa
1868 1542 1938 1612 fine
1953 1543 2107 1628 ipsorum
2124 1543 2234 1628 sergii
2249 1547 2284 1612 et
2298 1547 2391 1630 petri

528 1689 566 1758 in
592 1691 749 1775 partibus
772 1693 918 1761 orientis
952 1693 1118 1778 usquein
1146 1693 1216 1760 fine
1242 1695 1340 1760 terra
1365 1692 1566 1777 supradicte
1593 1695 1736 1762 ecclesie
1765 1697 1884 1761 sancte
1913 1695 2047 1775 marie,
2072 1699 2153 1763 sunt
2182 1696 2264 1764 inde
2296 1699 2392 1784 passi

529 1845 646 1916 decem
672 1849 708 1916 et
729 1849 843 1927 hecto,
862 1849 898 1914 et
920 1848 1118 1915 revolvente
1140 1865 1203 1930 per
1227 1844 1305 1930 ipsa
1326 1845 1396 1913 fine
1418 1847 1512 1914 terra
1533 1847 1654 1913 sancte
1671 1845 1782 1915 marie
1807 1847 1844 1913 in
1863 1848 2022 1932 partibus
2037 1850 2196 1928 meridie,
2222 1853 2304 1918 sunt
2327 1870 2391 1937 per

512 1999 610 2085 ¹ipsa
632 2001 705 2067 fine
728 1998 820 2084 passi
843 1995 970 2083 viginti
995 1996 1189 2081 quadtuor:
1216 1997 1339 2064 iterum
1363 1997 1558 2064 revolvente
1580 2013 1643 2081 per
1666 1995 1744 2081 ipsa
1770 1997 1840 2066 fine
1870 2000 1990 2066 sancte
2019 1999 2129 2068 marie
2159 2001 2197 2068 in
2226 2002 2387 2085 partibus

535 2150 678 2220 orientis
702 2170 808 2236 usque
832 2151 869 2218 in
892 2151 962 2218 fine
986 2151 1030 2217 de
1054 2149 1196 2217 heredes
1219 2117 1439 2228 machonolfi,
1466 2152 1545 2216 sunt
1567 2166 1629 2232 per
1652 2148 1730 2233 ipsa
1752 2150 1820 2218 fine
1843 2153 1937 2236 passi
1962 2152 2101 2238 viginti,
2129 2157 2163 2221 et
2186 2153 2313 2220 iterum
2336 2175 2393 2226 re-

530 2309 693 2374 volvente
717 2325 780 2414 per
805 2306 883 2390 ipsa
905 2305 975 2372 fine
998 2304 1041 2372 de
1064 2303 1208 2372 heredes
1232 2303 1343 2388 ipsius
1366 2304 1571 2371 machenolfi
1595 2306 1632 2371 in
1656 2305 1814 2391 partibus
1838 2305 1994 2386 meridie,
2012 2309 2048 2374 ει
2070 2307 2209 2375 exiente
2231 2311 2393 2394 usquein

528 2458 605 2542 ipsa
627 2457 683 2524 via
707 2476 772 2542 que
795 2459 847 2524 εει
869 2453 987 2541 priore
1010 2455 1091 2533 fine,
1111 2455 1191 2522 sunt
1213 2471 1275 2538 per
1299 2452 1378 2537 ipsa
1401 2453 1472 2520 fine
1487 2444 1587 2537 'passi
1611 2452 1729 2522 decem
1747 2459 1783 2522 et
1802 2457 1890 2541 ooto;
1908 2457 1980 2523 tota
1996 2455 2063 2522 ista
2076 2457 2277 2542 supradicta
2293 2476 2391 2526 men-

529 2610 626 2677 suria
649 2609 691 2675 ad
717 2610 810 2676 iusto
834 2626 973 2692 passum
996 2606 1148 2674 hominis
1170 2607 1417 2674 mensuratum.
1446 2607 1510 2672 hec
1539 2607 1619 2674 bero
1649 2625 1714 2674 rex
1738 2626 1800 2692 per
1822 2607 2020 2692 supradicte
2042 2607 2124 2676 finis
2146 2612 2181 2676 et
2202 2610 2391 2678 mensuriis

529 2765 639 2828 totum
657 2764 691 2828 et
707 2763 865 2828 inclitum
890 2763 967 2828 illut
990 2761 1147 2846 ipsorum
1172 2759 1344 2827 benedicti
1366 2762 1400 2828 et
1423 2759 1553 2826 vonirzi
1576 2759 1734 2828 dedimus
1758 2763 1792 2828 et
1814 2761 2022 2856 tradidimus
2044 2763 2108 2830 tali
2130 2781 2282 2848 namque
2297 2763 2392 2831 ordi·

528 2933 586 2993 ne,
606 2917 644 2980 ut
668 2913 792 2980 amodo
817 2917 852 2979 et
874 2931 982 2998 usque
1007 2911 1166 2980 tridecim
1191 2929 1302 2979 annos
1325 2911 1393 2996 ipsi
1417 2913 1586 2980 nominati
1613 2913 1815 2981 benedictus
1830 2917 1866 2981 ει
1880 2915 2022 2982 vouizzo
2042 2918 2077 2983 et
2091 2933 2209 2984 eorum
2227 2916 2389 2994 heredes,

528 3067 698 3150 quantum
721 3063 815 3131 insra
838 3063 912 3149 ipse
934 3065 1015 3132 finis
1038 3067 1072 3132 et
1096 3065 1282 3132 mensuriis
1306 3081 1454 3130 vacuum
1477 3067 1540 3144 est,
1559 3067 1663 3133 liceat
1686 3067 1737 3134 eis
1760 3067 1856 3136 sobee
1872 3071 1906 3134 et
1921 3068 2032 3135 omnis
2049 3086 2112 3136 sua
2126 3069 2279 3137 utilitate
2296 3070 2389 3137 iusta

526 3223 663 3289 rationo
679 3219 804 3289 ividem
822 3221 949 3298 facere,
968 3221 1003 3286 et
1018 3219 1176 3303 plantare
1192 3215 1318 3283 ividem
1334 3233 1476 3284 arvores
1492 3218 1526 3284 et
1543 3217 1630 3285 vites
1653 3221 1688 3285 et
1711 3219 1967 3298 abellanietum,
1985 3219 2045 3286 ubi
2067 3239 2124 3290 eos
2149 3223 2327 3310 meruerit3
2351 3227 2389 3292 et

526 3374 654 3441 amodo
678 3377 713 3442 et
737 3392 847 3459 usque
870 3373 990 3440 decem
1013 3373 1097 3439 anni
1121 3371 1164 3438 de
1187 3371 1300 3456 ipsum
1326 3371 1571 3438 abellanietum
1597 3375 1677 3457 quot
1700 3373 1770 3441 illis
1793 3374 1921 3442 ividem
1945 3376 2169 3460 plantaberit,
2188 3379 2222 3444 et
2244 3375 2314 3460 ipsi
2329 3395 2389 3444 ar-

525 3528 670 3596 voribus
692 3527 808 3606 vitati,
828 3524 997 3610 quomodo
1021 3523 1144 3592 ividem
1171 3525 1341 3602 habetet
1363 3523 1405 3592 de
1429 3523 1505 3591 illut
1528 3529 1610 3609 quot
1633 3527 1870 3610 pastenaberit
1885 3545 2025 3597 arvores
2042 3530 2077 3596 ει
2100 3529 2199 3607 vites,
2219 3546 2289 3594 non
2305 3548 2389 3614 que-

523 3699 641 3748 ramus
664 3697 727 3748 nos
750 3681 811 3746 aut
833 3697 917 3764 pars
940 3680 1019 3746 uius
1044 3676 1186 3748 ecclesie
1211 3697 1316 3762 usque
1340 3679 1454 3762 ipsum
1479 3679 1728 3760 constitutum,
1753 3679 1844 3766 quod
1877 3682 1958 3748 sunt
1981 3681 2142 3766 completi
2167 3681 2234 3766 ipsi
2258 3680 2382 3748 decem

524 3834 620 3912 anni,
647 3830 797 3898 frudium
822 3832 882 3916 qui
905 3829 986 3896 indo
1008 3829 1145 3908 exierit,
1172 3829 1296 3914 aliquit
1318 3829 1399 3898 inde
1422 3850 1608 3916 queramus
1632 3851 1753 3899 eorum
1777 3834 1901 3900 tollere
1924 3836 1985 3901 aut
2007 3835 2149 3912 habere,
2168 3836 2221 3901 set
2243 3853 2306 3900 sue
2322 3853 2386 3919 po-

430 3979 431 3984 ’
523 3988 656 4057 testatis
681 4005 738 4054 eos
761 3988 888 4054 habere
911 3985 946 4054 et
969 3987 1085 4052 lacero
1108 3984 1151 4052 de
1174 3984 1251 4070 ipso
1274 3983 1423 4052 srudium
1448 3985 1565 4054 omniu
1587 3990 1670 4071 quot
1693 4004 1811 4054 eorum
1827 3987 2010 4073 placuerit,
2029 4004 2134 4072 asque
2150 3987 2243 4054 omni
2260 3990 2384 4056 nostra

520 4143 555 4209 et
578 4159 661 4225 pars
685 4139 794 4226 ipsius
817 4137 958 4206 ecclesie
983 4138 1246 4204 contrarietate.
1266 4138 1404 4204 tantum
1426 4136 1469 4204 de
1493 4137 1567 4221 ipse
1590 4139 1710 4222 plante
1734 4138 1776 4206 de
1800 4140 1972 4217 abellane,
1998 4157 2064 4224 que
2087 4138 2187 4205 modo
2210 4140 2261 4206 eis
2283 4138 2384 4206 dedi-

519 4310 606 4370 mus,
626 4289 750 4358 amodo
773 4293 808 4357 et
831 4307 938 4375 usque
961 4288 1029 4374 ipsi
1052 4288 1171 4356 decem
1196 4287 1281 4355 anni
1304 4305 1405 4356 omne
1428 4305 1559 4354 annum
1583 4289 1655 4354 suis
1678 4288 1891 4375 temporibus
1913 4291 1987 4358 tota
2010 4289 2087 4375 ipse
2114 4288 2268 4358 clusuria
2297 4308 2381 4356 oum

518 4444 635 4527 ipsum
661 4441 907 4510 abellanietum
931 4441 974 4509 de
998 4441 1117 4508 subter
1139 4457 1198 4508 eos
1220 4441 1379 4507 lavorare
1403 4441 1438 4506 et
1461 4438 1654 4520 seminare,
1680 4443 1713 4508 et
1736 4440 1960 4519 terraticum,
1987 4441 2174 4510 secundum
2199 4443 2343 4510 consuet
2364 4478 2383 4492 -

518 4593 635 4661 dinem
658 4595 701 4662 de
725 4593 800 4680 ipso
822 4595 948 4672 locum,
967 4609 1024 4661 eos
1047 4593 1146 4659 nobis
1170 4591 1265 4659 etin
1288 4591 1449 4676 partibus
1473 4573 1583 4676 ipsius
1604 4591 1747 4658 ecclesie
1770 4590 1866 4671 dare,
1885 4593 1920 4659 et
1935 4593 2010 4677 ipse
2025 4593 2145 4678 plante
2162 4591 2205 4659 de
2220 4593 2380 4660 abellane

519 4765 622 4816 omne
636 4766 766 4814 annum
782 4747 852 4816 suis
868 4746 1082 4832 temporibus
1096 4761 1155 4812 eos
1172 4744 1339 4828 colligere
1356 4746 1391 4811 ει
1405 4744 1549 4822 siccare,
1568 4748 1603 4810 et
1621 4743 1837 4813 medietatem
1855 4744 1906 4812 eis
1921 4745 2020 4812 nobis
2043 4745 2140 4823 dare,
2159 4748 2194 4812 et
2209 4741 2379 4813 medieta-

519 4904 588 4968 tem
603 4901 670 4969 sivi
687 4918 746 4968 eos
761 4902 900 4967 habere.
921 4897 967 4965 da
982 4896 1048 4982 ipsi
1065 4896 1183 4965 decem
1200 4895 1282 4964 anni
1302 4914 1410 4982 usque
1426 4898 1497 4964 tres
1506 4896 1593 4963 anni
1610 4894 1774 4976 trudium,
1793 4914 1861 4981 que
1876 4895 1918 4965 de
1933 4893 2132 4980 supradicta
2156 4893 2308 4962 clusuris
2331 4894 2376 4963 de

515 5071 620 5138 super
636 5052 679 5120 do
694 5052 806 5136 ipsum
824 5052 999 5118 arbustum
1016 5051 1051 5118 et
1065 5049 1310 5119 abellanietum
1334 5066 1400 5135 que
1423 5048 1548 5118 ividem
1573 5048 1709 5116 abuerit
1732 5050 1767 5116 et
1788 5066 1852 5134 per
1875 5049 1924 5118 eis
1947 5047 2155 5124 adoraberit,
2174 5049 2286 5113 totum
2310 5063 2376 5130 per

514 5206 642 5271 nobum
661 5206 795 5288 tempus
811 5201 882 5271 suis
898 5199 1111 5286 temporibus
1129 5199 1356 5280 bindemiare,
1375 5203 1409 5271 et
1423 5203 1541 5268 vinum
1558 5199 1616 5285 qui
1641 5200 1722 5269 inde
1744 5197 1881 5278 exierit,
1899 5197 1944 5267 ad
1960 5200 2174 5284 pulmentum
2198 5213 2257 5266 eos
2280 5197 2375 5264 inter

515 5379 580 5428 nos
595 5358 792 5428 dividamus
808 5358 844 5425 in
862 5357 1003 5425 tertiam
1021 5373 1114 5444 pers:
1132 5372 1196 5424 nos
1211 5358 1245 5425 et
1260 5373 1343 5441 pars
1357 5353 1401 5423 de
1415 5354 1580 5423 iamdicta
1601 5355 1746 5423 ecclesia
1769 5355 1929 5423 tollamus
1952 5351 2033 5421 inde
2055 5355 2198 5420 tertiam
2223 5369 2317 5436 pars,
2336 5351 2374 5418 et

512 5511 582 5597 ipsi
598 5511 797 5580 benedictus
813 5513 850 5578 ει
866 5509 1007 5578 vonizzo
1022 5511 1189 5578 eteorum
1207 5507 1353 5576 heredes
1369 5509 1493 5576 tollant
1510 5507 1591 5579 inde
1607 5507 1675 5576 due
1690 5507 1806 5594 sortis;
1825 5508 1860 5574 et
1876 5506 1954 5592 ipsa
1969 5507 2090 5573 nostra
2102 5503 2256 5572 sortione
2266 5499 2376 5569 addu-

511 5663 593 5730 cant
607 5661 708 5728 nobis
725 5661 793 5730 illis
809 5659 852 5728 ad
869 5659 997 5746 parieti
1014 5658 1128 5728 sancti
1144 5657 1291 5724 maximi
1307 5657 1348 5725 in
1362 5654 1480 5725 eodem
1498 5657 1611 5725 locum
1628 5673 1758 5726 nucera
1773 5655 1832 5723 ubi
1856 5653 1944 5723 aliut
1965 5653 2085 5720 vinum
2109 5651 2319 5736 reponimus,
2338 5654 2376 5718 et

511 5813 583 5884 illis
599 5815 743 5900 reponat
758 5830 817 5880 eos
832 5811 870 5880 in
885 5814 1041 5880 nostrum
1057 5827 1251 5897 organeum
1266 5810 1355 5896 quod
1372 5809 1443 5877 illis
1458 5807 1585 5876 debunt
1600 5806 1773 5886 conciare,
1791 5803 1881 5874 sicut
1896 5807 1949 5872 est
1963 5801 2185 5881 consuetudo,
2205 5803 2241 5870 et
2255 5801 2372 5884 ipsum
