5210 7098
922 751 974 836 E·
1009 752 1068 838 M·
1886 768 1934 856 C.
1972 771 2019 860 C.

901 897 1031 1006 urrisu
1057 935 1097 1004 u.

874 1079 980 1149 CAP.
1010 1082 1119 1149 XXV.

788 1205 833 1270 us
854 1204 1002 1288 lsaqoqis
1023 1206 1203 1287 Porphyrii
1841 1218 1885 1282 Ita
1906 1219 2053 1304 tsaqoqis

578 1337 661 1406 Post
676 1336 922 1423 Philosophiae
936 1337 1154 1409 definitiones
1158 1389 1227 1407 .....
1238 1339 1449 1409 declaratur.
1529 1348 1611 1416 Post
1627 1349 1867 1437 philosophiae
1881 1353 2107 1426 diffinitiones
2118 1409 2232 1428 .....
2250 1360 2396 1430 declara·

533 1485 704 1568 lsagogas
720 1481 834 1548 autern
846 1499 891 1549 ex
902 1480 1035 1548 Graeco
1050 1480 1087 1546 in
1098 1479 1247 1548 latinum
1259 1481 1448 1550 transtulit.
1484 1487 1541 1551 tur
1557 1484 1596 1572 ⁴).
1623 1491 1917 1576 Isagogasautem
1934 1512 1979 1563 ex
2002 1513 2106 1581 greco
2123 1497 2159 1564 in
2175 1499 2287 1568 latino
2308 1507 2395 1570 tran-

532 1624 736 1693 Victorinus
752 1626 882 1700 orator,
900 1624 1200 1709 commentumque
1215 1623 1288 1691 eius
1300 1623 1452 1710 quinque
1483 1625 1582 1692 stulit
1597 1627 1787 1700 victorinus
1810 1635 1927 1700 orator
1950 1634 2025 1721 ejus
2040 1636 2074 1704 V
2089 1636 2201 1705 libros.
2219 1639 2309 1707 etius
2331 1637 2395 1707 edi·

530 1762 633 1832 riuus
649 1762 788 1832 Boetius
803 1760 924 1854 uiuit.
1483 1769 1546 1836 ort.
1573 1770 1601 1858 ²)
1990 1739 1997 1750 '

891 1901 976 1984 cup.
998 1871 1138 1968 rur.¹

577 2082 584 2096 .
603 2081 610 2096 .
629 2081 636 2097 .
655 2079 662 2094 .
682 2025 942 2094 denominativa
957 2025 1181 2092 dicuntur·
1194 2027 1228 2093 3.
1530 2083 1563 2099 ..
1582 2084 1589 2099 .
1608 2032 1877 2103 ‚demostratus
1891 2035 2056 2105 dicuntur

869 2163 954 2247 cup.
977 2163 1108 2229 XXIX.

577 2343 610 2361 ..
629 2343 636 2358 .
655 2343 662 2358 .
681 2291 852 2371 definitio,
871 2293 910 2357 ut
931 2292 994 2359 est.
1015 2293 1125 2358 Homo
1140 2291 1272 2358 animal
1294 2289 1450 2358 rationa-
1480 2291 1638 2361 definitio
1653 2295 1692 2361 ut
1707 2297 1760 2363 est
1782 2297 1886 2364 horno
1901 2297 2033 2366 animal
2055 2301 2227 2369 rationale
2249 2304 2391 2371 mortale

526 2431 571 2508 le,
591 2432 750 2508 mortale,
769 2431 872 2508 risus,
892 2428 1164 2514 disciplinaeque
1185 2445 1359 2513 capam-
1371 2448 1402 2494 v.
1418 2431 1444 2495 Ι.
1480 2443 1599 2496 sensus
1615 2425 1644 2517 3)
1660 2428 1845 2515 discipline
1860 2450 1926 2518 que
1941 2451 2055 2518 capax
2070 2485 2208 2502 ......
2224 2454 2295 2504 non
2310 2437 2394 2507 dixit

580 2572 657 2637 Non
672 2567 730 2634 hic
745 2565 848 2646 dixit,
866 2565 948 2651 quid
964 2567 1010 2634 sit
1024 2567 1140 2644 homo,
1154 2564 1249 2632 sed..
1267 2564 1443 2634 devocat.
1479 2565 1618 2649 quidem
1636 2569 1739 2634 homo
1755 2573 1807 2638 set
1822 2621 1960 2641 ......
1974 2573 2151 2642 advocato.

524 2703 609 2772 ibid.
628 2726 660 2771 v.
682 2706 712 2770 1.

871 2827 957 2912 Cap.
979 2827 1111 2894 XXXI.

570 2959 658 3025 Nam
675 2956 754 3021 sunt
770 2951 941 3037 quaedam
958 2969 1001 3020 ex
1018 2953 1111 3019 eis...
1125 2951 1195 3020 nisi
1212 2953 1396 3037 utrumque
1412 2954 1444 3020 ei
1523 2972 1610 3037 Nam
1626 2971 1708 3036 sunt
1722 2967 1889 3054 quaedam
1912 2969 1985 3036 eius
2012 3021 2019 3036 ,
2038 3021 2046 3036 ,
2063 3020 2070 3034 ,
2088 3023 2095 3037 ,
2122 2973 2192 3040 nisi
2214 2975 2393 3061 utrumque

522 3099 728 3166 v⁰0abul¹1m
744 3098 848 3166 ῡΐθθῑ·
864 3131 908 3145 -
920 3117 952 3162 V·
974 3097 1005 3161 l·
1476 3115 1509 3184 ei
1526 3113 1729 3182 vocavulum
1745 3115 1839 3180 caret
1851 3110 1890 3200 ⁴).

815 3233 947 3305 UBER
972 3231 1159 3328 TER‘HUS
1248 3306 1249 3309 κ
1615 3251 1767 3327 uxruu.
1789 3255 1871 3328 mo.
1894 3256 1935 3324 u.
1955 3255 2079 3329 lucu.
2101 3257 2184 3328 uro.
2205 3259 2261 3330 ur.

771 3364 816 3427 lte
840 3367 982 3442 quatuor
1005 3361 1193 3443 disciplinis

862 3476 1107 3541 mathematicis

907 3592 1074 3656 Praelatio

862 3729 949 3813 Cup.
971 3727 1111 3793 XXIII.
1811 3704 1962 3777 LIBER
1996 3704 2054 3775 lv.

802 3855 847 3916 lte
868 3852 1002 3915 Musiois
1025 3851 1174 3914 numeris
1840 3830 1884 3893 lte
1907 3830 2032 3894 hlusioa

571 3983 739 4048 Numeros
760 3973 951 4038 autem...
977 3969 1015 4036 in
1036 3969 1228 4037 elevatione
1248 3970 1284 4037 et
1306 3967 1446 4054 positio
1465 4018 1468 4111 ι
1521 3969 1690 4034 Numeros
1713 3966 1825 4032 autem
1854 4015 1913 4032 ...
1935 4017 1943 4034 .
1969 3967 2007 4033 in
2029 3968 2221 4038 elebatione
2244 3973 2279 4039 et
2301 3973 2388 4056 posi-

1519 3403 1650 3471 Presati
1666 3404 1759 3473 enim
1775 3421 1893 3472 sumus
1909 3403 1953 3472 de
1974 3407 2135 3490 quattuor
2159 3409 2320 3493 partibus
2341 3411 2389 3479 di·

1475 3545 1659 3631 scippline.
1678 3545 1721 3613 de
1735 3547 1990 3616 mathematica.

522 4131 578 4181 ne,
592 4115 677 4178 -1,
1466 4104 1573 4174 itione
1596 4103 1633 4194 ⁵).

524 4287 954 4303 -—-———-——————

353 4463 357 4470 ·
464 4425 468 4430 ’
579 4437 603 4510 ⁴)
618 4436 668 4499 Chi
684 4437 766 4494 tiene
781 4433 942 4492 sottocchio
956 4433 975 4488 il
991 4439 1090 4487 nostro
1106 4431 1210 4488 Codice
1224 4429 1310 4486 crede
1324 4427 1352 4484 di
1367 4427 1485 4502 legger-e
1499 4429 1574 4502 dopo
1589 4437 1692 4502 questo
1706 4429 1799 4504 primo
1813 4430 1932 4504 periodo
1946 4432 2022 4490 delle
2037 4449 2106 4490 cose
2120 4450 2228 4506 nuove,
2245 4435 2344 4510 perche
2354 4437 2382 4493 in

526 4533 601 4620 tutte
616 4563 644 4619 le
658 4561 789 4618 ildizioni
805 4573 950 4616 mancauo
966 4559 996 4614 in
1012 4565 1116 4631 questo
1131 4555 1261 4628 Capitolo
1274 4555 1352 4624 XXV,
1368 4572 1433 4612 csse
1449 4553 1517 4628 perd
1532 4571 1591 4636 nou
1607 4571 1679 4612 sono
1695 4572 1763 4613 cosa
1784 4557 1903 4627 inedito,
1920 4575 1968 4615 ma
1982 4556 2007 4614 si
2023 4559 2081 4615 mal
2103 4561 2257 4632 collocate,
2279 4559 2376 4633 poiche

524 4696 598 4745 tutto
614 4687 713 4760 quello
728 4686 783 4743 che
799 4685 824 4740 si
838 4683 924 4756 legqe
939 4677 1038 4754 dippiir
1052 4681 1101 4738 nel
1114 4679 1232 4750 Codice,
1244 4680 1321 4737 dalle
1335 4679 1436 4753 parole
1449 4695 1461 4736 u
1475 4680 1547 4751 Erpo
1562 4681 1611 4736 hoo
1624 4683 1771 4737 uniuocom
1784 4683 1815 4737 io
1828 4684 1993 4752 persentiat
2007 4682 2065 4740 tino
2080 4683 2138 4740 allo
2152 4686 2251 4756 parole
2267 4700 2379 4756 quorum

494 4809 497 4816 ’
522 4828 551 4870 o.
568 4829 597 4885 g.
611 4812 746 4882 quaedam
758 4810 847 4880 posita
861 4815 923 4863 suat
934 4837 963 4849 -
975 4805 1123 4861 dovrehbs
1137 4805 1266 4878 leggersi
1281 4806 1328 4861 nel
1344 4805 1469 4878 capitolo
1484 4775 1626 4878 seguoute
1641 4806 1695 4862 che
1710 4821 1748 4862 ne
1763 4821 1878 4877 manca,
1892 4823 1908 4862 e
1923 4823 1981 4862 uon
1995 4806 2042 4878 gid
2054 4807 2082 4863 in
2099 4821 2202 4879 questo
2217 4807 2284 4882 Cap.
2296 4806 2380 4866 XXV.

581 4935 606 5008 ²)
620 4936 695 4992 lolli
710 4935 851 5008 ripertare
866 4932 1059 4989 collazionato
1075 4931 1092 4988 l'
1104 4895 1208 4986 ultimo
1222 4929 1310 4986 breve
1325 4930 1444 5004 periodo
1459 4931 1487 4986 di
1502 4939 1605 5003 questo
1621 4929 1764 5004 Capitolo‚
1779 4931 1887 5005 percht
1902 4933 1924 4988 si
1940 4948 2035 5005 vegga
2055 4934 2083 4989 la
2098 4933 2235 4990 difficultis
2256 4935 2281 4990 d'
2291 4936 2372 4991 inter-

523 5072 636 5135 petrare
651 5060 670 5116 il
685 5067 785 5116 nostro
800 5031 917 5128 Codice,
934 5065 1028 5114 attssa
1043 5057 1071 5112 la
1085 5071 1246 5112 mancanza
1260 5054 1288 5111 di
1304 5056 1405 5112 lettera
1420 5073 1436 5112 e
1451 5057 1527 5112 bene
1542 5073 1642 5129 epcsso
1657 5049 1682 5112 d'
1694 5057 1787 5114 intere
1802 5058 1901 5130 parole
1917 5074 1933 5114 e
1947 5041 2111 5130 grossolarri
2133 5058 2322 5116 stralalcioni.

579 5185 602 5256 ⁸)
618 5186 640 5243 ll
655 5195 754 5243 nostro
770 5183 873 5243 Codice
887 5183 950 5241 dice
964 5200 1056 5240 aarum
1067 5214 1096 5225 -
1108 5199 1124 5240 o
1138 5198 1237 5239 non-
1248 5183 1321 5241 risus
1335 5183 1401 5240 dell·
1411 5185 1443 5240 Ε.
1456 5185 1493 5240 Μ.

577 5311 603 5382 ⁴)
617 5310 669 5368 Col
683 5312 809 5384 capitolo
822 5311 909 5368 XXXI
922 5311 1026 5367 finisse
1040 5310 1060 5366 il
1075 5309 1203 5367 secondo
1217 5309 1304 5366 Libro
1318 5310 1346 5366 al
1361 5319 1463 5382 quarto
1486 5311 1627 5368 versicolo
1641 5310 1688 5368 del
1702 5309 1792 5384 loglio
1808 5310 1842 5365 ΙΙ
1857 5318 1939 5378 recto,
1955 5325 1972 5366 e
1993 5311 2039 5394 poi
2061 5325 2115 5366 con
2137 5309 2248 5383 grande
2267 5308 2375 5366 inizials

521 5436 664 5510 principia
678 5436 697 5491 il
712 5435 789 5492 libro
803 5445 882 5491 terzo
894 5468 922 5478 -
933 5437 1037 5506 Prosali
1047 5467 1075 5476 -
1086 5451 1144 5504 cc,
1160 5452 1176 5491 e
1191 5433 1293 5492 finisce
1307 5435 1334 5490 al
1349 5435 1492 5491 versicolo
1508 5435 1543 5490 14
1564 5435 1609 5492 del
1625 5435 1714 5509 logiis
1737 5435 1770 5491 31
1794 5443 1875 5492 recto.
1892 5434 2000 5500 Questa
2013 5433 2156 5490 divisione
2176 5433 2203 5490 di
2225 5433 2297 5490 libro
2310 5429 2375 5505 pert

521 5575 582 5616 non
597 5558 620 5616 si
635 5558 708 5615 rede
722 5559 792 5614 noll’
804 5560 835 5614 Ε.
856 5559 892 5614 M.
908 5559 989 5614 nella
1003 5557 1089 5630 quale
1104 5559 1112 5613 i
1127 5557 1249 5631 Capitoli
1260 5584 1295 5597 -
1306 5561 1340 5614 dc
1353 5560 1454 5615 llasica
1457 5599 1515 5614 .....
1529 5567 1585 5615 etc.
1598 5591 1626 5600 —
1638 5558 1727 5616 launo
1749 5567 1828 5632 parte
1849 5558 1897 5615 del
1918 5559 1992 5616 libro
2007 5557 2056 5629 ΙΙΙ,
2071 5567 2185 5614 mentre
2206 5557 2256 5614 nel
2278 5563 2370 5613 nostro

522 5682 625 5741 Codice
641 5683 685 5739 col
701 5683 827 5756 capitolo
841 5687 875 5738 dc
887 5685 990 5741 Musica
1004 5685 1147 5742 comincin
1161 5685 1180 5740 il
1196 5674 1340 5754 niuro'lv,
1356 5685 1411 5741 che
1427 5685 1566 5741 continua
1581 5701 1669 5742 senza
1683 5685 1880 5742 interfusione
1896 5684 1960 5740 sino
1975 5701 1992 5740 a
2005 5691 2078 5740 tutto
2093 5683 2112 5738 il
2123 5699 2153 5739 v.
2170 5683 2202 5738 tl
2220 5681 2266 5739 del
2288 5680 2369 5754 loglio

509 5804 553 5864 ,34
568 5814 650 5863 recto.

575 5931 598 5999 ⁵)
612 5928 741 6004 hiportai
755 5931 783 5988 le
796 5930 889 6004 prime
904 5932 939 5989 ed
956 5934 1057 5989 ultime
1072 5933 1171 6006 parole
1187 5933 1233 5991 del
1248 5933 1373 6008 capitolo
1388 5933 1471 5989 XXlll
1487 5949 1541 5990 con
1557 5933 1603 5990 cui
1619 5933 1720 5990 finiscc
1742 5949 1813 6006 pure
1834 5933 1883 5990 nel
1905 5930 2011 5990 Codice
2033 5933 2053 5989 il
2073 5932 2200 5990 Trattnto
2214 5933 2249 5988 lle
2263 5933 2365 5994 Illirico,
2395 6009 2397 6016 Α
