5216 7092
618 581 681 640 lie
1288 555 1451 630 cebux
1493 554 1727 630 celensis

571 805 644 874 sive
658 823 783 880 eoam,
801 804 875 872 sive
893 802 1044 878 orbato,
1064 800 1137 868 sive
1154 801 1383 871 redonatae
1405 798 1526 883 quibus
1550 799 1709 864 omnibus
1731 797 1783 864 nil
1807 801 1866 864 aut
1890 815 2013 882 parum
2037 799 2218 865 annuatim
2243 802 2407 887 recipiens,

571 977 630 1026 eas
645 957 836 1024 commutat
850 955 884 1024 et
899 952 1056 1020 concedit
1071 951 1286 1020 nobilissimo
1301 951 1376 1017 viro
1393 949 1571 1016 Arechisio
1588 949 1710 1016 domiti
1726 967 1791 1033 pro
1814 948 1930 1018 decem
1954 949 2054 1016 libris
2077 951 2264 1035 argenteis
2287 970 2409 1023 eonsen-

573 1110 680 1179 tiente
695 1107 858 1193 capitulo,
885 1105 1050 1174 eteodem
1068 1105 1181 1190 pretio
1206 1104 1363 1202 declarat
1390 1121 1426 1170 se
1451 1121 1607 1180 usurum,
1625 1104 1662 1166 ut
1683 1103 1792 1183 possit
1817 1103 2031 1186 adsecutum
2054 1103 2214 1170 laborare
2230 1107 2278 1172 ad
2299 1108 2410 1175 aorem

571 1259 693 1329 Sancti
706 1261 840 1326 Mataei
861 1260 971 1324 nostri
995 1258 1179 1340 Episcopii.
1207 1255 1390 1323 Ademario
1414 1254 1537 1332 iudice,
1563 1256 1597 1320 et
1620 1259 1750 1321 Ioanne
1773 1253 1977 1321 advocatore
1999 1253 2176 1340 Episcopii
2199 1257 2284 1325 baec
2305 1275 2410 1327 conve·

569 1412 702 1480 nientia
724 1413 863 1479 firmata
878 1414 940 1480 est.

632 1614 1116 1630 .........
1143 1565 1175 1627 ct
1190 1561 1310 1630 taliter
1324 1561 1472 1628 scribere
1488 1561 1682 1644 repudiatus
1698 1563 1730 1624 tc
1746 1558 1905 1629 adorauit
1928 1561 2096 1626 notarius.
2115 1561 2255 1628 hoctona
2278 1562 2406 1630 salerno.

630 1690 741 1803 †ego
757 1718 814 1802 qui
832 1735 939 1800 supra
954 1718 1088 1782 amatus
1104 1715 1297 1798 episcopus.

631 1839 740 1952 †ego
756 1865 932 1934 dauferius
948 1864 1211 1931 archidiaconus

628 1992 738 2104 †ego
755 2021 873 2102 petrus
922 2063 1287 2082 .......

628 2142 658 2252 †
674 2187 740 2252 ego
757 2172 875 2254 petrus
891 2168 1038 2236 clericus

630 2295 739 2407 †ego
755 2320 812 2405 qui
829 2338 932 2404 supra
948 2316 1162 2410 madellreda

628 2447 657 2559 †
672 2489 738 2558 ego
754 2473 908 2556 desigius

628 2598 657 2709 †
672 2644 738 2709 ego
787 2669 1510 2688 .............

631 2750 740 2862 †ego
755 2776 812 2861 qui
831 2793 938 2859 supra
954 2774 1099 2840 ioannes
1116 2771 1221 2840 iudex

628 2903 657 3015 †
673 2947 740 3014 ego
757 2930 814 3014 qui
830 2947 938 3012 supra
954 2925 1109 2994 ademari
1126 2925 1243 2993 iudex.

1346 3425 1672 3505 CCCXLVI.

1368 3671 1423 3745 A.
1462 3670 1512 3745 D.
1549 3667 1652 3747 982.

624 3937 1152 4069 †1nnomined0miniprim0
1177 3998 1269 4049 anno
1292 3981 1509 4066 principatus
1532 3980 1649 4048 domni
1674 3981 1784 4050 nostri
1809 3980 1969 4048 mansoni
1991 3983 2025 4046 ot
2046 3979 2166 4048 domni
2189 3980 2331 4048 iohanni
2351 3979 2412 4046 filio

565 4139 641 4206 eius
657 4137 801 4223 gloriosi
817 4137 1048 4222 principibus,
1067 4155 1185 4204 mense
1201 4137 1342 4202 octuber
1365 4134 1549 4202 undecima
1571 4135 1771 4203 indictione.
1791 4137 1872 4204 ante
1893 4151 1957 4203 nos
1980 4135 2180 4203 romoaldus
2202 4135 2296 4202 filius
2318 4131 2412 4201 allani

567 4285 733 4354 castaldei
751 4287 908 4354 causavit
925 4287 1095 4354 iohannes
1112 4287 1281 4371 presbiter
1296 4283 1389 4352 filius
1411 4284 1549 4351 cuidam
1573 4285 1665 4352 leoni
1688 4284 1731 4352 de
1754 4285 1849 4353 intus
1872 4285 2048 4356 civitatem
2072 4288 2318 4354 salernitanam
2340 4303 2406 4351 cum

564 4434 742 4520 iaquiutus
758 4437 849 4504 lilius
865 4436 1088 4521 ermengardi
1103 4435 1146 4504 de
1162 4439 1275 4503 locum
1291 4435 1446 4513 nuceria,
1461 4437 1496 4504 et
1511 4437 1692 4504 causanter
1708 4436 1872 4504 adversus
1887 4454 1966 4504 eum
1984 4439 2059 4523 ipse
2070 4437 2241 4505 iohannes
2253 4436 2411 4522 presbiter

565 4584 668 4664 dixit,
683 4587 773 4672 quod
786 4590 878 4656 malo
891 4587 1013 4656 ordine
1024 4591 1060 4656 et
1075 4589 1150 4656 sine
1167 4588 1304 4658 ratione
1318 4588 1392 4673 ipse
1408 4587 1584 4672 iaquiutus
1600 4587 1777 4656 introisset
1793 4588 1830 4654 in
1848 4591 1949 4656 rebus
1964 4589 2076 4656 sancti
2092 4589 2238 4656 maximi
2253 4589 2296 4657 de
2311 4590 2410 4656 locum

566 4742 710 4810 nuceria
725 4743 783 4809 ubi
798 4743 840 4810 ad
857 4746 1079 4812 catacanzulu
1095 4742 1236 4821 dicitur,
1254 4759 1355 4828 quem
1372 4742 1446 4826 ipse
1462 4743 1632 4810 iohannes
1648 4742 1817 4828 presbiter
1841 4745 1879 4808 in
1900 4741 2102 4810 beneficium
2126 4741 2254 4810 retinet
2275 4741 2319 4808 da
2340 4757 2412 4826 pars

564 4895 725 4965 iamdicta
741 4895 909 4964 hecclesie
925 4897 1035 4964 sancti
1052 4897 1210 4975 maximi,
1235 4899 1269 4963 et
1291 4913 1349 4964 eas
1372 4896 1446 4981 ipse
1469 4894 1644 4980 iaquiutus
1667 4897 1833 4964 calvasset
1849 4893 1876 4982 ¹)
1893 4897 1927 4962 et
1949 4895 2166 4972 exfossasset,
2180 4897 2209 4983 ε)
2232 4897 2268 4962 et
2290 4893 2412 4962 fecisset

564 5069 627 5136 per
645 5053 721 5135 ipsa
737 5052 841 5118 rebus
857 5049 915 5118 via
931 5067 1091 5137 carrara3
1109 5067 1175 5135 quo
1192 5048 1311 5116 audito
1326 5049 1401 5134 ipse
1416 5049 1592 5135 iaquiutus
1608 5049 1695 5116 talia
1710 5048 1929 5116 adversusse
1943 5047 2096 5117 dicentes
2119 5048 2265 5125 audivit,
2283 5063 2412 5132 respon·

566 5225 641 5274 sum
658 5203 769 5273 eidem
785 5203 930 5272 iohanni
945 5203 1131 5288 presbiteri
1148 5201 1291 5270 retdidit
1305 5201 1488 5269 dicendum
1503 5221 1573 5270 non
1590 5221 1665 5272 esse
1681 5201 1820 5282 veritas,
1830 5202 1919 5288 quod
1935 5203 1973 5270 in
1989 5200 2090 5272 rebus
2105 5204 2275 5288 prephato
2290 5200 2414 5268 heccle-

565 5357 615 5427 sie
630 5360 740 5428 sancti
755 5359 901 5426 maximi
915 5376 979 5428 nec
1002 5359 1190 5436 introisset,
1209 5375 1273 5424 nec
1297 5359 1476 5437 calvasset,
1495 5376 1559 5426 nec
1574 5358 1793 5434 exsossasset
1812 5376 1876 5425 nec
1893 5359 1951 5424 via
1966 5374 2110 5424 carrara
2132 5356 2262 5424 ibidem
2284 5355 2320 5422 in
2343 5354 2409 5438 ipsa

621 5710 645 5783 ⁴)
662 5711 806 5782 dulcescat,
822 5709 934 5767 scilicet
948 5710 1099 5766 arboribus
1114 5719 1142 5767 et
1157 5709 1309 5766 fruticibus
1322 5708 1473 5765 nudasset.

622 5833 645 5907 ²)
659 5833 834 5905 delectasset,
851 5833 925 5890 idest
938 5832 1084 5916 fossiones
1099 5832 1302 5890 lecisset-liae
1317 5831 1392 5888 duaa
1406 5845 1493 5889 uoces
1507 5831 1614 5889 desunt
1627 5831 1656 5887 in
1673 5829 1770 5888 Gloss:
1789 5831 1829 5887 llu
1847 5831 1955 5905 Gange.
