5216 7092
947 562 1333 636 DIPLOMATICUS-

269 788 297 899 †
320 832 386 898 ego
409 812 469 898 qui
493 829 601 896 supra
622 810 715 877 maio

268 937 297 1050 †
318 981 385 1048 ego
411 962 563 1031 arechisi
585 961 745 1028 notarius
767 978 823 1027 me
844 957 1033 1044 subscripsi

264 1086 293 1200 †
314 1131 382 1200 ego
398 1113 456 1208 qui
473 1131 582 1200 supra
597 1110 754 1180 ademari
770 1111 928 1178 notarius
944 1125 999 1176 me
1015 1105 1216 1192 subscripsi.

1001 1610 1243 1691 CCCLII.

986 1857 1042 1933 A.
1080 1857 1131 1934 D.
1168 1853 1273 1933 983.

265 2138 299 2275 ³(
322 2192 364 2256 In
381 2187 523 2255 nomine
538 2185 668 2253 domini
684 2183 833 2254 secundo
848 2201 940 2252 anno
954 2183 1174 2268 principatus
1189 2182 1308 2249 domni
1323 2181 1434 2249 nostri
1451 2184 1609 2252 mansoni
1638 2186 1672 2251 et
1699 2184 1817 2254 domni
1841 2189 1982 2256 iohanni
2006 2191 2070 2258 filii

213 2344 284 2412 eius
308 2341 458 2426 gloriosi
483 2340 668 2426 principes,
687 2357 805 2408 mense
827 2338 956 2424 aprelis
980 2337 1164 2404 undecima
1186 2334 1384 2402 indictione.
1403 2335 1540 2403 declaro
1563 2353 1630 2420 ego
1659 2338 1814 2421 areghisi
1841 2357 1954 2408 comes
1980 2343 2072 2413 filius

214 2495 388 2581 quondam
410 2494 569 2573 iohanni,
589 2491 753 2578 quoniam
769 2491 916 2558 domnus
931 2492 1068 2558 amatus
1084 2489 1275 2558 venerabili
1291 2491 1409 2574 presul
1426 2492 1545 2556 sancte
1561 2488 1652 2557 sedis
1667 2492 1877 2562 salernitane
1891 2512 1954 2578 per
1971 2497 2072 2564 firma

214 2649 349 2715 cartula
365 2665 428 2731 per
451 2646 578 2713 bonam
603 2644 890 2710 combenientiam
914 2641 1196 2709 commutationis
1220 2641 1341 2708 ordine
1363 2640 1483 2708 datum
1500 2641 1603 2713 ,abuit
1626 2643 1714 2709 mihi
1731 2645 1846 2722 rebus,
1876 2645 1966 2730 quod
1992 2666 2076 2732 pars

220 2802 326 2888 ipsius
344 2798 511 2885 episcopii
529 2798 627 2866 abuit
641 2798 679 2864 in
695 2795 824 2864 cetaria
839 2795 898 2862 ubi
913 2793 956 2861 ad
973 2795 1059 2861 lonti
1076 2794 1205 2861 dicitur
1220 2793 1346 2860 finibus
1362 2794 1592 2874 salernitanis,
1613 2815 1677 2881 que
1692 2800 1744 2864 est
1767 2816 1839 2864 rem
1863 2799 1973 2883 ipsam
1997 2819 2078 2886 pro-

119 2992 121 2996 ·
215 2956 344 3041 ptnquo
362 2973 452 3040 aqua
468 2953 510 3021 de
526 2952 696 3020 llescetole
713 2951 750 3018 in
767 2969 836 3036 qua
853 2951 1000 3017 ecclesia
1015 2949 1172 3034 quambis
1189 2948 1278 3016 aduc
1294 2965 1364 3015 non
1380 2947 1549 3029 dedicata,
1568 2951 1769 3017 vocabolum
1794 2954 1904 3019 sancti
1926 2956 2075 3022 archan-

216 3105 281 3192 geli
297 3106 367 3173 sita
383 3105 448 3191 est;
466 3105 501 3170 et
516 3106 597 3171 sunt
614 3103 718 3169 terris
735 3119 854 3178 vacue,
874 3101 909 3166 et
925 3099 1034 3179 silbis,
1052 3101 1087 3166 et
1102 3099 1226 3177 vineis,
1251 3101 1285 3166 et
1310 3099 1550 3179 castanietum,
1577 3101 1611 3167 et
1633 3101 1810 3170 insitetum
1837 3122 1906 3170 uno
1928 3107 2079 3176 teniente

216 3278 276 3343 per
299 3277 341 3326 as
356 3259 457 3326 fines:
476 3275 496 3322 a
512 3258 612 3342 parte
628 3255 818 3323 occidentis
835 3256 925 3322 sicut
940 3253 1107 3322 discernit
1123 3253 1199 3338 ipsa
1216 3270 1307 3338 aqua
1323 3253 1366 3320 de
1381 3253 1577 3322 deschetole
1600 3257 1635 3322 et
1658 3275 1681 3322 a
1703 3258 1817 3340 capite
1841 3256 1883 3326 de
1901 3259 1977 3343 ipsa
1991 3279 2081 3346 aqua

215 3413 347 3478 rectum
372 3409 554 3499 salientem
571 3425 634 3493 per
651 3409 764 3492 ipsum
781 3407 932 3474 montem
957 3408 991 3473 et
1014 3407 1250 3491 coniungente
1273 3424 1380 3490 usque
1404 3406 1441 3472 in
1465 3423 1562 3473 serra
1578 3407 1709 3476 maiore
1732 3407 1775 3475 de
1798 3412 1915 3478 monte
1938 3411 1996 3495 qui
2020 3430 2078 3478 vo·
2124 3435 2129 3440 ·

215 3563 312 3628 catur
330 3563 453 3630 saleco:
473 3561 612 3644 aparte
630 3558 775 3626 orientis
790 3559 880 3624 sicut
894 3557 1061 3626 discernit
1076 3557 1235 3624 inclitum
1251 3559 1363 3623 torum
1381 3558 1417 3623 in
1434 3576 1501 3642 quo
1518 3558 1594 3641 ipsa
1617 3561 1773 3642 plescora
1795 3562 1887 3639 sunt,
1908 3562 1967 3646 qui
1983 3567 2035 3630 est
2058 3583 2079 3630 a
2174 3627 2179 3640 ,

217 3733 320 3801 super
345 3715 423 3799 ipsa
445 3713 594 3782 ecclesia
616 3713 728 3778 sancti
752 3711 969 3795 archangeli,
988 3711 1022 3782 et
1038 3712 1083 3778 ab
1100 3711 1175 3795 ipso
1191 3711 1271 3776 toru
1295 3710 1428 3778 rectum
1455 3711 1683 3781 descendente
1706 3733 1812 3799 usque
1830 3735 1937 3794 mare,
1957 3717 2081 3785 iterum

216 3871 259 3935 ab
282 3871 361 3956 ipso
384 3871 464 3936 toru
487 3867 693 3936 ascendente
717 3885 779 3952 per
794 3868 908 3952 ipsum
924 3868 1073 3934 montem
1097 3871 1132 3932 et
1160 3871 1293 3936 rectum
1320 3869 1466 3936 saliente
1489 3869 1527 3932 in
1551 3871 1708 3952 partibus
1731 3871 2024 3954 septemtrionalis
2047 3877 2081 3940 et

216 4022 451 4106 coniungente
474 4020 511 4086 in
534 4021 612 4104 ipsa
639 4037 735 4088 serra
757 4018 799 4086 de
822 4018 935 4103 ipsum
959 4020 1111 4085 montem
1135 4017 1178 4085 de
1201 4019 1351 4085 lalerzo:
1378 4018 1580 4102 apartibus
1604 4020 1895 4103 septemtrionalis
1918 4022 1986 4090 fine
2004 4023 2079 4107 ipsa

216 4192 313 4242 serra
335 4174 378 4241 de
394 4173 508 4258 ipsum
525 4173 642 4240 monte
657 4171 700 4240 de
716 4173 870 4239 falerno:
896 4170 939 4238 de
962 4172 1084 4255 suptus
1107 4153 1178 4237 fine
1200 4188 1309 4237 mare.
1337 4173 1401 4238 hec
1425 4173 1506 4238 bero
1529 4172 1633 4238 rebus
1649 4191 1712 4257 per
1729 4172 1889 4240 iamdicto
1904 4174 1987 4240 finis
2001 4194 2078 4241 cum

217 4327 294 4412 ipsa
311 4327 458 4395 ecclesia
473 4329 508 4392 et
523 4343 601 4392 curn
619 4325 735 4392 omnia
750 4323 843 4391 inira
859 4343 895 4391 se
911 4323 1091 4392 abentibus
1108 4324 1335 4408 omnibusque
1358 4323 1430 4390 suis
1453 4323 1674 4408 pertinentiis
1697 4327 1731 4392 et
1754 4344 1831 4392 cum
1856 4326 1931 4394 bice
1954 4327 1996 4396 de
2019 4330 2078 4396 via

215 4498 276 4548 sua
300 4480 377 4565 ipse
399 4478 544 4546 domnus
561 4479 744 4563 episcopus
761 4496 824 4562 per
841 4479 936 4544 bona
959 4476 1211 4544 combenientia
1232 4475 1512 4543 commutationis
1535 4475 1658 4544 ordine
1681 4477 1786 4556 dedit,
1806 4479 1850 4544 At
1865 4481 2031 4548 securiter
2046 4483 2081 4548 et

213 4631 364 4698 firmiter
382 4647 448 4715 ego
463 4633 499 4697 et
513 4629 599 4697 meis
624 4629 820 4709 heredibus,
841 4630 876 4696 et
899 4627 954 4694 cui
978 4646 1041 4713 per
1064 4645 1127 4696 nos
1150 4628 1269 4695 datum
1293 4628 1461 4713 paruerit,
1477 4629 1512 4695 et
1528 4630 1602 4696 eius
1625 4627 1771 4697 heredes
1794 4631 1871 4697 illut
1893 4631 2078 4712 ebandum,

216 4783 480 4864 dominandum,
507 4772 766 4869 possidendum,
794 4785 828 4852 et
851 4782 968 4850 omnia
992 4781 1074 4851 inde
1096 4782 1293 4849 faciendum
1317 4800 1383 4867 que
1407 4783 1627 4850 voluerimus.
1655 4789 1728 4852 Nuc
1751 4785 1864 4851 autem
1888 4783 2082 4870 congruum

215 4941 269 5006 est
293 4937 383 5006 mihi
408 4891 656 5033 inclita⁴rebus
679 4937 767 5024 ipsa,
785 4955 849 5023 per
864 4937 938 5023 ipse
953 4935 1033 5004 finis
1050 4934 1259 5003 venumdare
1281 4935 1424 5002 iohanni
1440 4937 1642 5004 amalfitano
1657 4937 1731 5004 filio
1746 4939 2078 5018 mauronicomitis.

217 5093 261 5159 Et
285 5089 376 5172 ydeo
399 5107 466 5174 ego
488 5088 651 5174 superius
674 5089 787 5156 dictus
811 5087 979 5174 areghisi‚
1005 5087 1096 5156 sicut
1120 5087 1206 5158 mihi
1229 5104 1420 5174 congruum
1445 5091 1500 5157 est
1521 5107 1597 5158 mea
1618 5107 1707 5156 vona
1730 5089 1928 5162 bolumtate,
1951 5107 2015 5172 per
2037 5107 2081 5156 an

218 5245 394 5312 cartulam
416 5241 622 5312 venumdedi
647 5242 712 5309 tivi
735 5241 891 5310 iamdicti
915 5241 1059 5308 iohanni
1082 5241 1202 5308 inclita
1219 5242 1419 5327 supradicta
1440 5245 1542 5310 rebus
1556 5260 1619 5326 per
1635 5242 1710 5326 ipse
1725 5240 1817 5319 finis,
1835 5241 1924 5310 sicut
1945 5243 2082 5327 abipso

216 5397 386 5482 episcopo
401 5396 490 5468 mihi
505 5395 625 5464 datum
642 5397 704 5474 est,
723 5394 814 5463 unde
836 5397 968 5463 nullam
991 5391 1089 5462 nobis
1112 5399 1173 5464 aut
1195 5396 1298 5463 uxori
1314 5414 1388 5464 mee
1404 5398 1457 5463 vel
1472 5395 1599 5480 cuiqua
1614 5393 1810 5461 hominibus
1832 5394 1885 5461 vel
1901 5393 1940 5460 in
1962 5369 2082 5481 quavis

219 5547 387 5630 partibus
403 5545 531 5615 exinde
545 5545 680 5614 restitid
707 5548 768 5613 aut
791 5545 939 5613 dicimus
959 5563 1143 5614 remanere
1165 5547 1367 5625 sortionem‚
1394 5547 1447 5612 set
1468 5545 1576 5610 totum
1595 5547 1630 5611 et
1647 5543 1804 5612 inclitum
1820 5563 1884 5629 per
1900 5544 1974 5630 ipse
1990 5539 2083 5628 finis,

218 5697 319 5764 sicut
337 5699 418 5784 ipsa
434 5699 572 5767 cartula
591 5699 871 5767 commutationis
886 5700 1050 5780 continet,
1069 5718 1232 5767 unacum
1247 5699 1323 5784 ipsa
1338 5699 1469 5765 cartula
1486 5697 1583 5766 vobis
1605 5698 1823 5778 venumdedi,
1841 5697 1893 5766 Ad
1917 5701 2085 5768 securiter

221 5867 264 5915 ac
282 5851 432 5919 firmiter
444 5849 568 5920 amodo
584 5853 619 5920 et
633 5871 770 5937 semper
786 5869 847 5922 vos
862 5852 1051 5939 vestrisque
1066 5851 1249 5922 heredibus
1265 5851 1343 5921 illut
1358 5837 1541 5932 abendum,
1559 5849 1819 5932 dominandum,
1837 5849 2082 5936 possidendum

438 5976 500 6021 Tou.
514 5977 546 6022 ll.
1915 5955 1946 6000 m
