5252 7102
564 574 629 636 254
1250 550 1415 622 CODEX
1458 554 1692 626 ctvnNSts

530 805 643 872 locum
667 801 806 866 cetera:
833 796 926 864 infra
949 797 1013 862 hec
1031 795 1123 873 finis,
1141 793 1231 862 sicut
1252 791 1416 873 diximus,
1435 812 1504 862 una
1526 796 1681 864 sortione
1704 795 1848 867 fecimus
1871 817 1959 879 esse,
1978 803 2233 886 sceptuavimus
2256 805 2393 874 exinde

528 955 604 1040 ipsa
619 951 775 1029 ecclesia,
794 967 861 1036 que
877 964 1058 1014 commune
1073 945 1268 1013 habendum
1285 946 1558 1034 reservabimus3
1577 951 1613 1014 et
1626 949 1699 1016 alia
1721 951 1876 1020 sortione
1899 953 2045 1023 facimus
2067 974 2142 1024 esse
2164 955 2208 1022 da
2230 958 2390 1042 predicto

529 1105 661 1192 pariete
677 1106 714 1172 in
729 1122 836 1188 supra
851 1105 887 1170 et
901 1101 1064 1187 qualiter,
1082 1101 1171 1168 sicut
1186 1099 1353 1179 diximus,
1373 1103 1504 1170 rectum
1521 1101 1728 1171 ascendente
1745 1123 1850 1191 usque
1866 1105 1903 1172 in
1919 1125 2028 1188 serra,
2047 1111 2081 1176 et
2104 1128 2167 1193 per
2190 1109 2267 1196 ipsa
2289 1131 2391 1180 serra

532 1262 704 1346 pergente
720 1274 828 1341 usque
844 1257 879 1321 in
897 1255 1049 1321 oristone
1066 1252 1103 1320 in
1121 1269 1188 1336 quo
1203 1252 1413 1336 plescaturia
1428 1255 1520 1332 sunt,
1539 1256 1575 1320 et
1589 1273 1652 1338 per
1675 1250 1751 1341 ipso
1775 1257 1926 1326 cristone
1948 1263 2082 1326 rectum
2105 1261 2332 1330 descendente
2354 1269 2393 1334 et

531 1413 767 1496 coniungente
784 1410 820 1477 in
838 1409 913 1494 ipso
930 1408 1070 1474 flumen:
1089 1405 1133 1474 de
1147 1404 1235 1491 pede
1250 1406 1318 1476 fine
1333 1407 1409 1492 ipso
1431 1406 1585 1476 flumine:
1610 1408 1705 1476 infra
1727 1411 1791 1478 hec
1814 1411 1907 1491 finis,
1926 1412 2015 1480 sicut
2037 1412 2203 1494 diximus,
2220 1415 2291 1482 alia
2313 1434 2392 1484 sor-

532 1566 628 1634 tione
644 1563 788 1632 fecimus
804 1579 890 1629 esse.
909 1561 998 1629 unde
1013 1577 1079 1645 ego
1097 1558 1280 1627 iamdictus
1296 1559 1350 1626 leo
1366 1561 1473 1627 abbas
1488 1561 1721 1646 compreensit
1738 1562 1813 1646 ipsa
1828 1564 1981 1631 sortione
2005 1566 2170 1633 coniunta
2192 1586 2268 1633 cum
2284 1569 2393 1638 litore

533 1720 652 1798 maris,
670 1718 707 1784 in
725 1735 792 1802 quo
808 1717 883 1800 ipsa
898 1714 1043 1782 ecclesia
1060 1712 1219 1780 dedicata
1233 1714 1296 1790 est,
1315 1713 1350 1779 et
1364 1712 1432 1796 ipsi
1449 1713 1609 1798 germani
1633 1719 1940 1800 compreenserunt
1962 1718 2040 1801 ipsa
2062 1719 2214 1785 sortione
2236 1737 2394 1804 suprana

531 1870 578 1938 da
594 1868 759 1936 iamdicto
776 1867 909 1953 pariete
926 1867 968 1933 de
985 1867 1063 1950 ipsa
1079 1882 1253 1932 cammara
1269 1867 1303 1931 et
1320 1883 1425 1950 usque
1439 1866 1497 1932 ubi
1515 1883 1552 1932 se
1567 1867 1750 1952 coniungit
1765 1867 1841 1951 ipso
1857 1867 2007 1936 misione
2031 1887 2108 1936 cum
2133 1870 2207 1954 ipso
2223 1869 2366 1940 flumine
2382 1892 2392 1936 ε

533 2023 705 2106 simulque
719 2023 754 2088 et
768 2019 1062 2104 compreensimus
1079 2018 1155 2100 ipsa
1170 2033 1347 2082 cammara
1362 2034 1426 2102 que
1440 2021 1492 2084 est
1508 2018 1544 2084 in
1561 2036 1644 2102 pars
1659 2017 1701 2088 de
1717 2018 1794 2104 ipsa
1808 2018 1965 2098 ecclesia,
1980 2023 2014 2088 et
2036 2021 2103 2106 ipsi
2121 2023 2281 2104 germani
2298 2039 2394 2089 com-

534 2173 765 2258 preenserunt
780 2171 856 2256 ipsa
872 2185 1049 2236 cammaro
1064 2184 1221 2252 suprana
1236 2166 1399 2232 coniunta
1415 2184 1491 2232 cnm
1510 2167 1586 2252 ipsa
1600 2169 1753 2236 sortione
1776 2187 1847 2236 sua.
1866 2168 2035 2254 simulque
2059 2172 2093 2237 et
2114 2170 2298 2239 dividimus
2321 2173 2395 2240 alia

532 2329 628 2394 terra
642 2343 718 2391 cum
736 2324 954 2409 aliquantum
971 2321 1074 2388 vinea
1089 2322 1124 2388 et
1142 2322 1286 2387 bacuum
1303 2338 1371 2386 uno
1387 2321 1538 2388 teniente
1555 2321 1682 2388 ibidem
1698 2340 1720 2388 a
1735 2339 1855 2407 supra,
1873 2327 1908 2390 et
1923 2323 2065 2392 fecimus
2080 2293 2156 2391 esse
2178 2324 2245 2392 due
2267 2329 2394 2392 sortio-

535 2481 606 2548 nis:
625 2497 693 2545 una
708 2477 858 2546 sortione
874 2475 1018 2542 fecimus
1033 2493 1107 2544 esse
1122 2476 1287 2542 coninnta
1309 2491 1385 2540 cnm
1410 2475 1487 2559 ipsa
1510 2475 1662 2543 sortione
1684 2476 1774 2562 quod
1798 2477 1866 2562 ipsi
1891 2477 2051 2562 germani
2076 2480 2395 2562 compreenserunt,

534 2648 597 2715 per
613 2633 677 2699 heo
691 2630 783 2696 finis:
802 2629 844 2698 de
861 2629 945 2713 pede
964 2629 1031 2696 fine
1046 2629 1121 2712 ipso
1137 2627 1291 2696 flumine:
1310 2627 1351 2694 de
1365 2628 1436 2694 alia
1453 2631 1550 2712 parte
1565 2630 1635 2696 fine
1658 2631 1735 2715 ipsa
1758 2631 1910 2698 sortione
1934 2631 2089 2714 ipsorum
2113 2631 2284 2714 germani,
2303 2631 2398 2698 sicut

535 2782 612 2867 ipso
637 2781 786 2849 cristone
809 2779 985 2857 discernit,
1010 2780 1044 2846 et
1066 2780 1196 2846 rectum
1219 2778 1363 2847 saliente
1387 2797 1492 2863 usque
1516 2797 1614 2847 serra
1636 2783 1671 2849 et
1686 2798 1750 2864 per
1765 2781 1841 2866 ipsa
1855 2798 1951 2851 serra
1966 2784 2170 2866 pergentem
2194 2785 2229 2850 et
2250 2784 2396 2849 coniun-

536 2935 675 3018 gentem
703 2931 874 3016 usquead
898 2931 976 3014 ipsa
999 2931 1070 2997 alia
1093 2931 1281 2996 sortionem
1305 2933 1340 2996 et
1363 2932 1511 3014 qualiter
1533 2934 1666 2998 rectum
1689 2930 1867 2998 descendit
1889 2950 1995 3016 usque
2019 2933 2112 2998 oliba
2135 2933 2173 2998 in
2196 2950 2261 3017 quo
2283 2951 2394 3000 unum

536 3085 673 3152 termite
695 3086 848 3164 fiximus,
874 3087 909 3151 et
931 3083 1116 3168 coniungit
1140 3083 1176 3150 in
1200 3082 1275 3168 ipso
1299 3082 1459 3170 flumine5
1484 3086 1519 3152 et
1542 3085 1617 3169 ipsa
1640 3085 1712 3152 alia
1733 3086 1886 3152 sortione
1909 3085 2052 3166 fecimus
2075 3103 2150 3152 esse
2172 3083 2217 3151 da
2237 3083 2397 3169 predicta

535 3235 626 3305 oliba
648 3241 684 3306 et
705 3238 844 3305 termite
868 3239 904 3303 in
927 3255 1033 3322 supra
1056 3234 1226 3320 usquead
1250 3233 1399 3302 cristone
1422 3235 1563 3313 maiore,
1589 3237 1647 3320 qui
1671 3211 1871 3304 coniuntum
1898 3239 1952 3303 est
1974 3255 2051 3303 cum
2085 3237 2162 3321 ipso
2196 3237 2335 3305 flumine
2357 3243 2397 3307 et

535 3391 684 3477 qualiter
707 3391 839 3455 rectum
864 3388 1020 3456 ascendit
1044 3406 1150 3472 usque
1173 3388 1211 3454 in
1233 3407 1341 3456 serra.
1367 3388 1456 3454 unde
1479 3407 1542 3455 nos
1564 3389 1746 3458 iamdictus
1769 3392 1822 3458 leo
1844 3391 1952 3456 abbas
1974 3390 2207 3472 compreensit
2230 3388 2304 3473 ipsa
2320 3407 2398 3456 sor-

535 3540 628 3607 tione
645 3539 691 3606 da
705 3538 861 3623 predicta
876 3538 970 3603 oliba
986 3541 1019 3603 et
1034 3537 1170 3605 termite
1184 3537 1221 3600 in
1238 3539 1338 3620 supto
1355 3553 1459 3620 usque
1476 3536 1520 3603 ad
1537 3539 1606 3605 fine
1628 3538 1670 3606 de
1693 3537 1849 3605 iamdicti
1872 3539 2045 3622 germani,
2064 3539 2166 3623 quod,
2192 3540 2281 3606 sicut
2302 3538 2397 3605 dixi-

536 3710 625 3769 mus,
640 3691 957 3774 compreensernnt‚
971 3691 1005 3756 et
1018 3688 1086 3772 ipsi
1102 3689 1260 3772 germani
1277 3689 1404 3755 iterum
1420 3692 1725 3774 compreenserunt
1741 3691 1816 3774 ipsa
1830 3690 1980 3758 sortione
2004 3709 2157 3774 suprana
2179 3691 2222 3757 da
2238 3690 2397 3774 predicta

536 3843 626 3910 oliba
652 3842 690 3906 in
718 3860 826 3925 snpra
851 3859 958 3926 usqne
984 3839 1029 3906 ad
1053 3838 1209 3924 predicto
1235 3839 1390 3907 cristone
1414 3841 1471 3924 qui
1497 3857 1574 3909 cum
1599 3843 1675 3926 ipso
1698 3841 1839 3909 flumine
1866 3842 2067 3908 coniuntum
2093 3843 2169 3928 est3
2202 3860 2283 3908 nam
2313 3843 2394 3926 ipsa

535 3997 680 4066 ecclesia
702 3997 814 4064 sancti
837 3995 928 4080 petri
951 3998 986 4061 et
1010 3994 1082 4060 alia
1105 3994 1207 4060 rebus
1222 3993 1268 4059 da
1284 3993 1445 4060 iamdicto
1462 4011 1558 4062 serre
1574 3995 1612 4061 in
1628 3996 1785 4079 partibus
1801 3995 2093 4062 salernitanorum
2115 4011 2222 4077 usque
2245 3992 2396 4077 adaque

533 4148 577 4216 de
600 4149 776 4216 fisclretole
799 4146 1025 4214 communiter
1047 4145 1126 4211 illut
1148 4145 1404 4212 reservabimus
1427 4144 1649 4212 dividendum
1675 4165 1737 4230 por
1760 4147 1992 4224 medietatem,
2013 4149 2048 4214 et
2070 4164 2280 4232 quacumque
2310 4163 2394 4230 pro-

532 4303 610 4370 dem
634 4321 696 4387 per
720 4303 837 4386 partes
860 4298 985 4366 exinde
1007 4301 1129 4365 tollere
1151 4299 1207 4365 vel
1230 4299 1358 4365 habere
1375 4299 1609 4381 potuerimus,
1636 4299 1726 4366 inter
1748 4318 1811 4368 nos
1832 4299 2027 4366 dividamus
2057 4317 2119 4383 per
2149 4297 2392 4366 medietatem:

533 4471 616 4539 pars
639 4453 752 4538 ipsius
776 4452 887 4519 nostri
912 4449 1113 4518 monasterii
1137 4450 1242 4516 tollat
1264 4449 1342 4516 illut
1364 4449 1595 4528 medietatem,
1615 4453 1649 4518 et
1663 4451 1734 4517 illis
1758 4449 1987 4518 medietatem.
2005 4451 2069 4516 heo
2092 4450 2196 4516 sortis
2219 4450 2398 4518 internos

532 4607 676 4674 fecimus
707 4610 742 4674 et
766 4605 974 4674 tradidimus
998 4623 1082 4689 pars
1104 4604 1259 4688 partium
1286 4621 1363 4670 cum
1392 4604 1509 4671 omnia
1539 4604 1633 4671 infra
1661 4623 1697 4671 se
1727 4605 1932 4670 habentibus
1955 4605 1990 4670 et
2011 4603 2083 4670 suis
2118 4603 2339 4688 pertinentiis
2361 4607 2398 4670 et

537 4778 614 4826 cum
639 4760 714 4826 bice
737 4759 780 4826 de
803 4759 859 4827 via
882 4778 944 4828 sua
965 4757 1088 4825 amodo
1111 4760 1147 4824 et
1170 4776 1306 4843 sempor
1329 4758 1409 4825 illut
1431 4757 1642 4837 habendum,
1668 4757 1917 4862 dominandum
1943 4775 2005 4840 per
2028 4757 2088 4824 illo
2114 4755 2260 4822 hordine
2282 4758 2317 4824 et
2337 4772 2397 4821 ra·

538 4915 643 4991 tione,
662 4915 751 4980 sicut
773 4931 878 4998 supra
901 4913 1030 4980 dictum
1054 4917 1117 4990 est,
1143 4915 1178 4980 et
1200 4913 1318 4979 omnia
1341 4911 1469 4979 exinde
1492 4912 1686 4980 faciendum
1710 4929 1773 4979 nos
1796 4915 1831 4976 et
1853 4926 2063 4979 successores
2090 4911 2240 4988 nostros,
2258 4909 2292 4974 et
2314 4924 2398 4992 pars

537 5067 646 5152 ipsius
669 5065 895 5142 monasterii,
921 5065 955 5133 et
977 5065 1045 5147 ipsi
1070 5065 1233 5148 germani
1257 5067 1292 5132 et
1314 5065 1454 5132 illorum
1477 5065 1623 5134 heredes
1645 5064 1732 5150 quod
1755 5063 1986 5139 voluerimus,
2012 5063 2047 5130 et
2069 5078 2133 5145 per
2156 5059 2262 5126 nullis
2285 5056 2398 5126 modis

536 5235 717 5303 queramus
740 5220 805 5284 hec
828 5216 932 5284 sortis
954 5215 1131 5282 remobere
1155 5217 1217 5281 aut
1239 5216 1413 5280 contrare.
1441 5213 1533 5283 unde
1556 5214 1593 5280 in
1615 5231 1655 5282 eo
1678 5211 1824 5280 hordine
1846 5211 1978 5296 guadia
2012 5208 2099 5275 mihi
2133 5209 2200 5293 ipsi
2235 5207 2397 5290 germani

536 5389 630 5449 ursn,
645 5389 779 5450 manso,
794 5371 952 5439 marinus
967 5371 1001 5438 et
1026 5371 1079 5436 leo
1101 5367 1281 5444 dederunt,
1300 5370 1334 5434 et
1353 5366 1581 5434 mediatorem
1604 5366 1692 5432 mihi
1715 5367 1906 5449 posuerunt
1929 5361 2102 5448 iaqnintus
2125 5361 2284 5428 notarius
2299 5360 2395 5426 filius

535 5523 707 5610 iaqninti3
733 5526 768 5590 et
791 5543 851 5609 per
871 5525 946 5608 ipsa
968 5522 1097 5608 guadia
1119 5522 1360 5607 obligaverunt
1382 5539 1419 5588 se
1441 5523 1476 5588 et
1498 5539 1577 5588 suos
1600 5519 1754 5599 heredes
1773 5523 1810 5585 ut
1832 5519 1862 5586 si
1887 5517 2020 5602 aliquit,
2039 5515 2081 5584 de
2103 5513 2273 5599 quomodo
2296 5529 2402 5597 supe

535 5679 611 5746 rius
635 5679 789 5762 legitur,
815 5671 981 5762 quesierit
1005 5679 1183 5746 remobere
1204 5679 1264 5744 aut
1286 5679 1471 5754 contrare,
1492 5677 1528 5742 et
1549 5674 1667 5742 taliter
1690 5674 1728 5740 in
1754 5675 1817 5741 bec
1840 5671 2020 5740 divisionis
2046 5670 2194 5736 firmiter
2221 5684 2292 5732 non
2316 5685 2402 5750 per-

536 5832 715 5912 manserit,
738 5835 821 5899 tunc
846 5850 906 5915 per
929 5831 1006 5916 ipsa
1029 5831 1161 5916 guadia
1183 5848 1390 5914 componere
1412 5828 1658 5912 obligaverunt
1679 5846 1716 5897 se
1734 5828 1769 5893 et
1791 5843 1871 5895 suos
1894 5823 2038 5893 heredes
2055 5822 2139 5889 mihi
2165 5821 2301 5905 meique
2317 5838 2401 5887 suc-
