5216 7092
1019 592 1388 666 nienourricus
1559 569 1564 576 '
2025 615 2081 675 en

278 839 506 910 unianimiter
529 838 676 924 parique
698 855 903 906 consensum
927 853 1014 903 rone
1036 838 1153 904 nostre
1169 837 1370 905 volumtatis
1392 855 1456 922 per
1479 857 1545 906 ane
1568 842 1737 909 cartulam
1762 858 1826 910 nos
1849 842 2003 911 iamdicti
2026 845 2080 910 rir
2102 848 2138 912 et

280 1008 371 1059 uxor
393 990 563 1058 donamus
586 990 696 1074 adque
718 989 760 1056 ad
785 1007 921 1072 semper
936 987 1107 1054 abendum
1123 988 1369 1056 confirmamus
1380 989 1476 1057 vobis
1499 990 1740 1060 iamdictorum
1765 993 1962 1077 guaimario
1985 999 2019 1063 et
2043 998 2141 1081 guai-

276 1147 363 1217 ferio
382 1146 516 1213 dilectis
531 1143 732 1239 parentibus
747 1144 877 1238 nostris
892 1143 935 1211 de
951 1145 1055 1211 rebus
1070 1145 1190 1210 nostra
1205 1142 1249 1210 de
1264 1143 1421 1212 tusciano
1437 1146 1530 1212 ulter
1546 1144 1621 1230 ipso
1636 1145 1740 1214 flubio
1756 1166 1841 1232 quas
1863 1149 1964 1216 nobis
1986 1151 2030 1216 ab
2053 1151 2138 1235 ipsis

277 1300 425 1368 domnus
441 1299 588 1384 gisolfus
605 1301 639 1366 et
653 1299 782 1366 domna
797 1317 948 1384 gemma,
974 1299 1014 1363 ut
1038 1297 1203 1376 diximus,
1233 1316 1296 1382 per
1323 1315 1362 1365 as
1389 1298 1476 1366 fines
1503 1301 1538 1365 et
1564 1300 1760 1367 mensuria:
1779 1301 1961 1369 ameridie
1986 1303 2056 1369 fine
2083 1304 2139 1369 bia

280 1451 432 1536 puplica,
451 1467 517 1535 que
532 1450 652 1536 pergit
668 1467 773 1534 super
789 1450 925 1516 litorem
944 1449 1069 1516 maris:
1089 1451 1133 1516 ab
1149 1448 1326 1516 occidente
1343 1449 1411 1518 fine
1428 1450 1500 1516 alia
1516 1450 1584 1528 bia,
1603 1469 1669 1535 que
1685 1450 1839 1519 ascendit
1853 1469 1874 1516 a
1890 1469 1987 1520 mare
2004 1455 2047 1520 ab
2062 1453 2139 1538 ipsa

279 1605 352 1670 sala
368 1605 508 1671 nostra:
527 1603 569 1670 de
585 1621 689 1687 super
706 1621 727 1668 a
743 1602 1026 1687 septemtrionem
1043 1603 1112 1671 fine
1128 1603 1201 1669 alia
1215 1602 1291 1668 bia:
1310 1620 1429 1708 apars
1445 1603 1590 1670 orientis
1606 1603 1676 1670 flne
1692 1603 1769 1689 ipsa
1792 1604 1973 1688 peduclosa
1995 1607 2030 1670 et
2052 1623 2137 1690 qua·

280 1757 359 1825 liter
375 1755 555 1824 descendit
569 1758 603 1825 et
618 1757 802 1840 coniungit
817 1759 853 1822 in
871 1756 1109 1841 suprascripta
1124 1759 1243 1841 priore
1259 1757 1317 1823 bia
1326 1777 1336 1844 3
1351 1759 1386 1823 et
1400 1775 1604 1827 mensurare
1620 1759 1698 1826 illut
1714 1758 1858 1825 fecimus
1873 1757 1916 1825 da
1931 1759 2006 1844 ipsa
2023 1759 2080 1827 bia
2094 1759 2140 1826 da

280 1926 379 1975 mare
395 1910 430 1975 et
441 1925 553 1994 usque
569 1908 612 1974 ad
637 1908 715 1994 ipsa
738 1910 808 1986 bia,
826 1927 892 1993 que
916 1911 968 1974 est
991 1927 1013 1974 a
1035 1906 1292 1992 septemtrionis
1315 1911 1551 1976 mensuratum
1576 1929 1637 1994 per
1661 1911 1736 1995 ipsa
1759 1911 1815 1976 bia
1830 1929 1897 1995 que
1921 1913 1972 1978 est
1995 1914 2139 1996 aparte

279 2060 478 2140 occidentis,
498 2063 533 2128 ct
549 2061 698 2146 qualiter
715 2061 811 2128 badii
827 2064 862 2128 et
877 2060 1023 2128 revolbit
1039 2061 1114 2146 ipsa
1131 2061 1187 2127 bia
1203 2064 1238 2127 et
1252 2063 1333 2129 sunt
1347 2061 1440 2146 passi
1462 2063 1558 2128 mille
1582 2061 1850 2147 quadingentoS,
1867 2067 1901 2130 et
1917 2065 1992 2149 ipse
2015 2083 2140 2149 passus

281 2211 378 2280 abuit
394 2212 497 2297 pedes
515 2213 666 2298 quinque
682 2214 717 2280 et
731 2193 895 2292 medium,
914 2216 948 2278 et
965 2213 1076 2296 ipsum
1094 2211 1214 2296 pedem
1233 2213 1335 2278 talem
1359 2212 1436 2291 fuit,
1463 2215 1629 2296 quantum
1653 2213 1721 2280 ista
1744 2216 1880 2282 cartula
1902 2219 1955 2283 est
1977 2215 2142 2301 incapite

280 2366 364 2432 lata.
393 2382 432 2433 ec
448 2383 530 2431 vero
553 2364 711 2448 predicta
734 2383 790 2430 res
806 2383 868 2448 per
885 2363 1076 2431 iamdictas
1096 2364 1183 2430 fines
1209 2366 1244 2430 et
1269 2365 1463 2430 mensurius
1489 2383 1567 2430 cum
1594 2365 1752 2431 omnibus
1778 2364 1873 2431 infra
1898 2383 1934 2432 se
1961 2366 2141 2432 ababtibus

279 2517 504 2600 omnibusque
519 2516 590 2582 suis
607 2516 879 2600 pertinentiis-et
895 2534 973 2580 cuin
999 2515 1072 2582 bioe
1087 2516 1130 2581 de
1147 2515 1205 2581 bia
1221 2533 1285 2581 sua
1307 2514 1512 2582 trasactibns
1535 2516 1675 2582 nomine
1698 2518 1733 2581 et
1755 2533 1776 2580 a
1799 2515 1933 2582 fundito
1957 2534 2016 2584 eos
2040 2519 2136 2584 vobis

282 2667 526 2734 iamdictorum
551 2667 744 2752 guaimario
768 2668 803 2734 et
825 2665 1243 2752 guaiferio-donabimus3
1269 2665 1361 2732 unde
1383 2668 1516 2733 nullam
1540 2668 1639 2734 nobis
1662 2669 1723 2733 aut
1745 2663 1904 2752 cuiquam
1929 2669 2138 2748 hominibus,

282 2823 337 2888 vel
355 2822 391 2886 in
409 2823 531 2906 quabis
548 2823 707 2906 partibus
722 2820 850 2889 exinde
867 2821 995 2887 restitit
1010 2822 1068 2886 ant
1083 2819 1229 2886 dicimus
1245 2838 1429 2887 remanere
1445 2821 1645 2899 senionem,
1664 2823 1728 2899 set,
1746 2823 1836 2889 sicut
1851 2822 2016 2900 diximus,
2037 2823 2137 2889 incli-

179 3027 182 3032 .
280 2976 357 3042 tum
374 2993 432 3042 eos
449 2975 512 3041 tibi
530 2975 733 3042 donabimus
749 2976 791 3042 ad
808 2977 974 3043 securiter
991 2994 1031 3040 ac
1048 2975 1195 3041 firmiter
1211 2975 1334 3040 amodo
1350 2978 1384 3041 et
1399 2993 1534 3059 semper
1551 2993 1609 3042 vos
1633 2976 1823 3060 vestrisque
1845 2975 2030 3043 heredibus
2054 2976 2132 3042 illut

280 3125 467 3206 abendum,
485 3121 743 3207 dominandum,
763 3128 1008 3212 possidendum
1035 3131 1069 3196 et
1095 3129 1212 3195 omnia
1238 3123 1318 3196 inde
1343 3127 1540 3196 faciendum
1556 3128 1646 3213 quod
1673 3127 1861 3206 volueritis,
1892 3130 2021 3212 absque
2048 3128 2142 3195 omni

281 3281 403 3344 nostra
419 3281 682 3365 nostrorumque
697 3280 882 3348 heredibus
905 3282 1150 3350 contrarietate
1167 3283 1218 3348 uel
1236 3281 1473 3366 requisitione.
1493 3281 1583 3350 unde
1606 3299 1670 3366 pro
1687 3279 1957 3347 confirmandam
1984 3283 2018 3346 et
2041 3281 2144 3348 stabi-

280 3431 468 3500 liscendam
485 3450 524 3498 ac
540 3424 660 3500 nostra
675 3433 873 3510 donatione,
892 3432 1079 3500 secundum
1096 3434 1210 3518 legem
1228 3435 1420 3518 recepimus
1437 3452 1458 3500 a
1473 3451 1534 3501 vos
1549 3433 1737 3501 nominatis
1753 3432 1946 3517 guaimario
1959 3434 1993 3500 et
2004 3432 2142 3516 guaife-

281 3582 336 3648 rio
353 3583 525 3666 launegilt
540 3602 692 3666 pannum
710 3585 854 3651 sericum
872 3603 996 3650 unum:
1016 3584 1182 3669 finitoque
1197 3583 1367 3668 launegilt
1392 3586 1505 3670 ipsum
1533 3585 1616 3668 aput
1640 3604 1705 3650 nos
1732 3603 1772 3652 ea
1798 3584 1945 3662 ratione,
1964 3602 2027 3669 per
2054 3596 2148 3651 vona*

281 3734 535 3802 cumvenientia
551 3735 742 3819 obligamus
757 3752 820 3802 nos
836 3735 889 3800 sir
905 3738 939 3801 et
965 3753 1054 3800 uxor
1081 3735 1116 3801 et
1140 3735 1269 3802 nostris
1285 3733 1367 3802 filiis
1382 3738 1416 3802 et
1442 3734 1586 3803 heredes
1612 3733 1734 3800 amodo
1761 3736 1796 3803 et
1821 3751 1959 3818 semper
1985 3731 2143 3818 predicta

283 3889 403 3954 nostra
426 3886 624 3965 donatione,
650 3888 688 3952 ut
709 3885 874 3963 diximus
893 3886 988 3956 vobis
1012 3887 1206 3972 vestrisque
1230 3887 1416 3954 heredibus
1439 3887 1642 3955 antistemus
1665 3890 1700 3953 et
1722 3886 1939 3954 defensemus
1962 3886 2006 3952 da
2031 3887 2143 3955 omnis

281 4041 455 4120 homines,
470 4041 526 4108 cui
544 4043 597 4108 vel
614 4041 673 4108 ubi
689 4061 752 4127 per
768 4059 829 4109 nos
846 4044 925 4109 illut
936 4044 991 4109 vel
1004 4041 1129 4108 exinde
1146 4041 1275 4118 datum,
1291 4043 1352 4106 aut
1363 4041 1566 4125 obligatum,
1581 4060 1641 4108 seu
1653 4040 1864 4124 tingnatum,
1879 4042 1934 4107 vel
1946 4040 2145 4108 manifesta-

281 4197 355 4260 tum
371 4197 538 4280 paruerit,
557 4197 591 4260 et
606 4193 664 4279 qui
680 4195 889 4279 prorostris
907 4194 1063 4279 partibus
1080 4193 1177 4260 vobis
1189 4194 1381 4278 vestrisque
1397 4191 1580 4260 heredibus
1591 4191 1718 4260 exinde
1734 4175 1914 4258 emiserint
1929 4195 2145 4276 qualescum-

285 4365 351 4430 que
368 4348 599 4415 causationes.
620 4349 648 4415 si
667 4349 795 4425 autem,
814 4348 904 4414 sicut
929 4346 1059 4414 dictum
1087 4349 1150 4426 cst,
1168 4347 1284 4414 taliter
1312 4363 1370 4412 eos
1397 4345 1495 4412 vobis
1521 4364 1593 4412 non
1619 4344 1920 4422 defensaberimus‚
1938 4347 1996 4411 aut
2020 4343 2051 4411 si
2078 4360 2143 4412 nos
2231 4385 2233 4390 ·

277 4503 477 4586 nostrisque
493 4502 577 4569 filiis
592 4505 626 4569 et
642 4502 786 4570 heredes
802 4502 1118 4587 quomodocumque
1134 4519 1196 4585 per
1211 4502 1459 4584 qualecumque
1475 4500 1608 4566 ratione
1624 4498 1851 4583 quesierimus
1864 4497 1941 4564 illut
1953 4499 2005 4564 vel
2018 4494 2142 4565 exinde

279 4657 379 4723 vobis
395 4656 585 4741 vestrisque
600 4623 786 4724 heredibus
802 4659 934 4734 tollere,
954 4657 1015 4723 aut
1029 4663 1192 4722 contrane
1207 4672 1264 4722 seu
1283 4657 1471 4732 remobens,
1491 4655 1544 4720 vel
1561 4653 1696 4738 aliquas
1714 4653 1932 4719 causationes
1948 4651 2044 4719 vobis
2060 4652 2141 4720 inde

283 4808 569 4892 proposuerimus
579 4829 588 4893 3
606 4808 663 4874 tuc
681 4807 833 4892 primum
850 4806 1006 4871 omnium
1022 4805 1155 4890 questio
1171 4807 1207 4871 et
1221 4803 1375 4871 causatio
1390 4805 1509 4871 nostra
1525 4802 1637 4870 modis
1653 4803 1810 4869 omnibus
1827 4803 1873 4869 sit
1888 4803 2016 4870 exinde
2032 4804 2140 4870 tacita

279 4963 317 5025 et
332 4962 453 5038 bacua,
472 4959 563 5027 etad
580 4941 846 5044 compositiones
861 4959 993 5026 siamus
1009 4976 1072 5025 nos
1088 4958 1285 5042 nostrisque
1307 4957 1491 5025 heredibus
1505 4955 1660 5040 ¹obligati
1684 4954 1725 5021 ad
1750 4953 2022 5040 componendum
2045 4956 2142 5022 vobis

279 5112 473 5196 vestrisque
490 5109 649 5177 eredibus
665 5111 759 5176 mille
776 5113 853 5175 auri
871 5109 998 5176 solidos
1022 5111 1272 5186 constantinos
1298 5111 1346 5186 et,
1366 5107 1456 5174 sicut
1478 5105 1609 5173 dictum
1632 5108 1696 5184 est,
1715 5124 1778 5191 per
1802 5104 1918 5170 inbitis
1942 5104 2020 5169 illut
2042 5104 2140 5172 vobis

279 5262 517 5332 defensemus:
534 5261 578 5330 de
593 5260 673 5329 aliis
688 5281 770 5328 vero
786 5261 983 5329 bominibus
999 5279 1070 5328 non
1086 5261 1241 5346 queratis
1256 5279 1320 5327 nos
1336 5259 1416 5326 inde
1432 5261 1588 5325 auctores
1606 5259 1720 5335 abere,
1740 5257 1792 5324 set
1807 5256 1881 5322 vice
1897 5257 2018 5322 nostra
2040 5258 2137 5340 pote·

281 5417 408 5484 statem
424 5416 569 5492 abeatis,
589 5432 665 5482 cum
681 5417 784 5500 quale
801 5415 976 5480 monimen
992 5419 1026 5482 et
1045 5415 1214 5480 rationem
1232 5411 1312 5480 inde
1329 5415 1429 5480 abere
1444 5409 1639 5496 potueritis,
1658 5407 1696 5474 in
1711 5407 1869 5473 omnibus
1892 5406 1972 5474 inde
1997 5425 2140 5476 causare

279 5573 316 5636 et
330 5570 436 5637 finem
454 5570 570 5636 facere
586 5570 620 5636 et
636 5585 694 5635 eos
710 5567 806 5634 vobis
822 5567 1013 5634 defensare.
1043 5568 1077 5633 et
1103 5567 1165 5632 tibi
1190 5566 1299 5632 totoni
1324 5564 1460 5632 notario
1482 5562 1634 5630 scribere
1660 5560 1819 5627 iussimus
1844 5559 1880 5626 in
1903 5577 2000 5628 sacro
2023 5562 2142 5628 nostro

280 5722 424 5807 palatio.
443 5739 511 5806 ego
526 5722 696 5788 iohannes
712 5737 837 5789 comes.
857 5737 924 5804 ego
940 5719 1042 5786 maio.
1061 5719 1132 5785 alia
1148 5717 1312 5802 scriptio:
1333 5716 1369 5783 in
1386 5715 1526 5781 nomine
1540 5711 1673 5778 domini
1690 5711 1838 5796 septimo
1855 5729 1947 5779 anno
1963 5713 2139 5798 principa-

280 5879 337 5946 tus
352 5875 471 5943 domni
488 5872 632 5958 paldolfl
647 5873 802 5957 glorioso
817 5871 987 5958 principe,
1006 5888 1122 5940 mense
1138 5870 1254 5938 iunius
1269 5887 1365 5936 nona
1379 5865 1579 5934 indictione.
1598 5867 1678 5932 ante
1694 5881 1754 5932 nos
1772 5863 1877 5948 gaido
1892 5866 1927 5930 et
1942 5862 2139 5933 ademarius
