5252 7102
996 577 1366 653 ulplbllnllulls
1990 599 2048 660 251

237 837 276 887 se
299 821 413 905 ipsum
430 823 465 886 et
481 821 588 888 roffus
603 819 645 888 de
661 822 803 890 nuceria
819 822 911 890 tilius
935 823 1028 900 roffi,
1047 825 1082 889 et
1097 824 1172 908 ipse
1188 825 1325 898 amatus
1342 824 1377 891 et
1393 823 1468 908 ipse
1484 824 1766 918 ruffus-apposuit
1788 827 1821 892 ei
1845 825 1888 892 ad
1913 827 2101 913 pigneran-

235 971 317 1038 dum
341 971 453 1038 omnis
468 988 530 1038 sua
547 988 661 1039 causa.
681 974 714 1042 et
729 973 848 1040 taliter
863 973 1074 1060 subiungere
1091 975 1236 1043 fecimus
1254 978 1286 1041 te
1302 975 1460 1058 superius
1475 973 1587 1043 dictus
1603 977 1823 1061 aghenardus
1838 979 2003 1046 notarius.

296 1100 326 1212 †
340 1143 407 1210 ego
423 1123 481 1210 qui
504 1141 612 1210 supra
627 1128 748 1210 petrus
764 1124 881 1194 iudex.

1031 1576 1357 1685 cccxcvi

1038 1787 1324 1868 n.ntmn

237 2021 240 2024 ’
308 2033 436 2101 Tantus
452 2033 552 2100 bnins
566 2035 894 2102 membranaceum
912 2039 960 2104 est
977 2056 1019 2106 oc
1041 2039 1078 2103 in
1096 2037 1332 2120 praecedenti.
1354 2039 1396 2104 In
1417 2040 1477 2106 boc
1499 2055 1579 2104 oeno
1598 2041 1677 2121 post
1699 2042 1978 2128 subscriptionem
1997 2046 2099 2114 Petri

241 2184 369 2252 indicis
385 2185 532 2268 tepitnr:

304 2307 416 2422 †ego
431 2337 488 2422 qui
504 2355 613 2422 supra
629 2327 818 2406 cennamus
835 2339 1007 2424 presbiter
1024 2342 1058 2407 et
1074 2342 1182 2408 abbas

302 2460 332 2574 †
347 2507 413 2574 ego
429 2490 488 2574 qui
506 2505 612 2574 supra
627 2487 788 2556 romoalt.

1015 2947 1363 3029 ccuxuvu.

1050 3163 1335 3242 A‚nsns

313 3358 401 3492 †ln
416 3407 556 3474 nomine
571 3406 701 3474 domini
718 3408 839 3492 quinto
863 3424 955 3474 anno
978 3407 1193 3493 principatus
1216 3407 1334 3474 domni
1359 3409 1471 3476 nostri
1493 3411 1636 3477 iohanni
1659 3413 1693 3479 et
1716 3412 1834 3478 domni
1859 3412 2003 3497 guidoni
2026 3413 2103 3480 eius

243 3560 317 3626 filio
342 3560 487 3645 gloriosi
503 3559 731 3644 principibus
746 3578 864 3628 mense
879 3563 1027 3628 martius
1042 3561 1157 3646 prima
1172 3561 1374 3630 indictione.
1394 3564 1677 3632 memoratorium
1694 3566 1824 3632 iactum
1840 3584 1926 3634 ame
1939 3565 2106 3635 iohannes

245 3715 449 3782 atrianense
465 3714 557 3781 tilius
573 3714 682 3798 guoti.
703 3715 848 3800 eoquod
866 3719 947 3783 ante
963 3717 1150 3801 subscripti
1166 3719 1270 3786 testes
1293 3718 1478 3786 coniuctus
1501 3737 1575 3787 sum
1600 3737 1677 3786 cum
1703 3721 1871 3788 iohannes
1894 3719 1954 3804 qui
1977 3719 2044 3786 fuit
2065 3719 2107 3788 de

245 3865 378 3944 amalfi,
397 3868 431 3934 et
446 3865 547 3933 modo
564 3885 638 3934 sum
655 3869 929 3934 commanentem
946 3867 1040 3933 intus
1056 3868 1308 3934 salernitanam
1331 3869 1505 3938 civitatem
1543 3919 1967 3937 ........
2007 3870 2105 3970 'quod
2154 3925 2155 3928 ,

246 4017 435 4101 preteritos
450 4035 518 4101 ego
535 4019 567 4084 ei
586 4018 622 4084 in
639 4017 796 4102 partione
811 4018 855 4084 ad
872 4018 1121 4102 pastenandum
1138 4019 1217 4086 dedi
1234 4019 1276 4086 de
1293 4022 1394 4086 rebus
1411 4038 1487 4088 mea
1501 4019 1668 4086 dalocum
1683 4021 1804 4098 beteri,
1819 4021 1908 4088 etad
1921 4021 2104 4090 tenendum

245 4167 342 4237 dedit
357 4188 423 4254 ego
442 4171 473 4236 ei
492 4171 659 4236 molinum
683 4188 796 4236 meum
809 4191 818 4255 3
837 4169 936 4236 modo
961 4173 1089 4248 autem,
1108 4171 1198 4238 sicut
1221 4171 1308 4236 mihi
1331 4174 1366 4237 et
1388 4171 1483 4238 illius
1506 4172 1728 4255 complacuit,
1747 4172 1820 4238 tota
1843 4172 1921 4255 ipsa
1945 4173 2046 4240 rebus
2070 4175 2104 4237 et

246 4326 361 4408 ipsum
379 4326 546 4390 molinum
565 4324 608 4390 ad
625 4342 701 4391 mea
718 4323 776 4391 ille
792 4324 929 4392 remisit
944 4326 1162 4409 potestatem,
1178 4326 1212 4391 et
1228 4342 1294 4410 ego
1312 4325 1407 4390 illum
1426 4325 1589 4408 prosolsit
1603 4323 1730 4391 exinde
1746 4324 1844 4390 exire
1863 4325 1897 4391 et
1917 4325 1967 4392 ire
1980 4325 2104 4408 ubique

246 4479 396 4546 boluerit
412 4496 517 4564 asque
533 4479 627 4545 omni
645 4481 763 4546 nostra
778 4469 1001 4563 requisitione
1017 4481 1051 4546 et
1066 4478 1312 4546 contrarietate
1329 4477 1366 4580 in
1383 4494 1423 4544 eo
1439 4477 1573 4555 ordine,
1594 4458 1632 4543 ut
1648 4494 1718 4543 non
1735 4479 1853 4546 aberet
1869 4479 1928 4544 ille
1952 4479 2104 4562 potesta-

244 4635 314 4700 tem
367 4686 374 4699 .
426 4685 433 4698 .
487 4686 493 4700 .
547 4685 554 4698 .
593 4683 596 4690 .
607 4681 1093 4697 .........
1142 4631 1243 4715 parte
1259 4631 1367 4698 veteri
1384 4631 1419 4696 iu
1438 4632 1501 4697 illa
1523 4633 1623 4714 parte
1672 4681 2101 4696 ........

248 4835 675 4851 ........
724 4802 791 4851 nec
806 4783 931 4851 ibidem
951 4786 1070 4851 tenere
1086 4783 1251 4850 molinum
1302 4832 1309 4846 .
1362 4811 1378 4849 ‚t
1423 4833 1429 4846 .
1483 4832 1490 4845 .
1543 4831 1552 4849 .
1604 4835 1611 4847 .
1663 4782 1953 4850 .ine0hordine
1975 4783 2104 4867 guadia

246 4937 332 5003 mihi
354 4937 430 5021 ipse
445 4937 613 5006 iohannes
628 4936 720 5013 dedi,
739 4941 774 5004 et
789 4936 1017 5003 mediatorem
1035 4934 1121 5002 mihi
1137 4935 1251 5020 posuit
1266 4953 1303 5001 se
1319 4935 1452 5021 ipsum3
1470 4937 1505 5000 et
1519 4952 1582 5019 per
1607 4935 1684 5019 ipsa
1707 4934 1839 5019 guadia
1862 4934 2032 5018 obligavit
2054 4953 2103 5012 se,

247 5091 286 5154 ut
309 5088 339 5153 si
356 5087 479 5172 aliquit
496 5087 623 5156 exinde
639 5088 817 5155 remobere
834 5089 894 5153 aut
911 5087 1072 5154 contrare
1088 5085 1267 5170 quesierit,
1286 5087 1367 5150 tunc
1383 5101 1447 5168 per
1463 5084 1539 5168 ipsa
1555 5083 1687 5168 guadia
1710 5101 1915 5167 componere
1939 5077 2107 5167 obligavit

251 5257 289 5307 se
317 5241 403 5308 mihi
433 5242 569 5326 meique
595 5242 755 5310 eredibus
781 5241 899 5309 decem
927 5241 1004 5309 auri
1034 5240 1161 5314 solidos
1189 5239 1411 5316 costantinus,
1430 5241 1464 5305 et
1490 5237 1606 5304 omnia
1634 5237 1873 5320 suprascripta
1898 5253 1961 5319 per
1988 5233 2107 5300 inbitis

251 5393 351 5461 nobis
367 5393 574 5478 adimpleret
590 5397 625 5462 et
642 5395 804 5479 apposuit
820 5393 919 5461 nobis
934 5393 977 5461 ad
995 5391 1253 5478 pignerandum
1269 5393 1373 5458 rebus
1387 5391 1421 5458 et
1436 5407 1549 5457 casam
1566 5403 1673 5464 suam,
1692 5384 1781 5470 quod
1798 5385 1955 5470 legitimo
1972 5388 2007 5452 et
2022 5385 2108 5453 inle-

250 5547 379 5630 gitima
395 5549 486 5614 abet.
506 5549 541 5613 et
557 5565 624 5613 unc
639 5548 778 5614 brebem
796 5547 920 5632 scripsi
937 5563 1003 5631 ego
1021 5545 1205 5613 radoaldus
1221 5545 1379 5612 notarius
1395 5542 1452 5626 qui
1469 5539 1624 5606 intertui.

308 5673 419 5785 †ego
436 5700 631 5769 teudericus
647 5718 702 5767 me
719 5699 907 5784 subscripsi

308 5827 338 5939 †
354 5872 420 5938 ego
436 5856 567 5937 petrus.
