5216 7092
605 592 667 654 170
704 617 707 622 ·
1271 573 1433 645 counit
1472 573 1704 646 cavensis

559 823 661 908 ginta
684 821 770 888 duo:
787 823 818 886 A
841 837 924 904 pars
947 815 1093 912 meridie
1114 819 1183 886 fine
1206 818 1316 902 ipsius
1338 818 1493 894 ecclesie,
1520 817 1602 884 sunt
1624 817 1753 885 exinde
1777 835 1898 902 passos
1921 819 2147 904 septuaginta
2169 820 2335 912 quadtuor3
2349 826 2384 895 de

558 976 629 1042 alia
652 975 750 1059 parte
773 971 936 1039 similiter
958 971 1028 1038 fine
1050 969 1206 1056 predicte
1229 969 1397 1049 ecclesie,
1423 971 1504 1037 sunt
1526 968 1653 1038 exinde
1676 987 1797 1054 passos
1820 969 1966 1054 triginta
1996 989 2122 1038 unuin:
2148 971 2189 1038 de
2217 974 2383 1061 aliavparte

559 1127 629 1194 fine
654 1125 764 1211 ipsius
779 1124 934 1203 ecclesie,
954 1126 1034 1192 sunt
1050 1124 1130 1194 inde
1146 1142 1267 1209 passos
1282 1123 1469 1208 sexaginta
1484 1142 1558 1202 sex,
1572 1125 1679 1190 totum
1697 1122 1740 1189 ad
1756 1123 1847 1192 iusto
1861 1141 1997 1209 passum
2015 1123 2146 1190 homini
2163 1131 2382 1198 mensuratum.

556 1297 595 1347 ec
613 1280 697 1348 bero
711 1280 824 1356 rebus,
843 1267 993 1364 qualiter
1008 1279 1168 1362 superius
1184 1278 1265 1346 finis
1281 1279 1393 1363 posite
1408 1279 1489 1345 sunt
1512 1279 1548 1345 et
1569 1277 1745 1345 mensoria
1760 1235 1836 1364 ipsa
1858 1279 2045 1363 percurrit,
2064 1278 2172 1343 totum
2196 1280 2229 1344 et
2249 1280 2384 1350 inclitum

557 1447 634 1497 cum
652 1429 771 1496 omnia
787 1429 880 1495 intro
897 1447 934 1496 se
950 1428 1133 1496 abentibus
1149 1431 1183 1496 et
1199 1445 1276 1496 curn
1294 1429 1368 1500 bice
1383 1429 1426 1496 de
1440 1430 1499 1496 bia
1515 1448 1579 1498 sua
1593 1429 1671 1496 illut
1686 1427 1773 1495 mihi
1799 1427 1942 1497 tradidit
1966 1446 2101 1512 unaque
2123 1446 2197 1495 cum
2220 1431 2384 1514 guaiferius

557 1581 731 1650 castaldus
749 1580 991 1648 advocatorem
1006 1601 1104 1650 suum
1122 1581 1185 1649 tali
1202 1582 1336 1661 ordine,
1355 1586 1393 1649 ut
1408 1581 1530 1649 amodo
1545 1585 1580 1648 et
1603 1600 1711 1666 usque
1732 1580 1850 1649 decem
1875 1582 1960 1648 anni
1984 1583 2145 1668 completi
2169 1583 2272 1650 licead
2294 1605 2340 1653 me
2359 1593 2385 1656 et

556 1735 644 1804 meis
661 1733 847 1802 heredibus
863 1734 937 1800 tota
952 1733 1153 1818 supradicta
1169 1751 1224 1801 res
1240 1735 1360 1800 tenere
1377 1731 1421 1799 ad
1438 1736 1560 1800 nostra
1575 1735 1757 1816 potestate,
1773 1735 1808 1799 et
1830 1733 1860 1800 si
1884 1733 2095 1800 boluerimus
2118 1733 2243 1800 ibidem
2265 1735 2390 1807 residere

556 1889 591 1956 et
607 1847 754 1966 abitare,
776 1889 810 1955 et
826 1888 938 1954 omnis
954 1889 1072 1955 nostre
1087 1887 1227 1954 utilitati
1243 1887 1368 1954 ibidem
1386 1887 1555 1954 faciamus
1572 1887 1664 1954 iusta
1679 1886 1827 1964 ratione,
1846 1887 1936 1953 etde
1959 1886 2049 1973 quod
2072 1887 2262 1954 annualiter
2283 1888 2390 1957 ibidem

556 2041 764 2108 seminatum
781 2039 884 2106 suerit
899 2038 1022 2105 amodo
1039 2042 1073 2106 et
1088 2058 1196 2125 usque
1210 2039 1288 2125 ipso
1303 2040 1539 2118 constitutum,
1558 2038 1679 2106 demus
1695 2037 1822 2106 exinde
1838 2039 1875 2106 in
1892 2055 1973 2123 pars
1989 2039 2098 2123 ipsius
2114 2039 2255 2106 ecclesie
2274 2041 2391 2108 terrati-

556 2210 633 2259 cum
650 2192 1138 2262 secundumconsuetudinem
1155 2193 1290 2278 deipso
1316 2195 1441 2272 locum,
1460 2196 1494 2262 et
1516 2194 1605 2261 abiis
1626 2194 1840 2278 temporibus
1863 2195 1938 2278 ipso
1961 2191 2203 2260 abellanietum
2224 2207 2346 2262 aremus
2364 2197 2391 2260 et

556 2347 744 2429 studiemus
761 2349 796 2414 et
810 2366 928 2414 curam
944 2347 1071 2414 exinde
1088 2350 1262 2426 abeamus
1280 2350 1316 2414 ct
1330 2351 1455 2432 quante
1470 2349 1647 2415 abellanae
1664 2346 1790 2413 exinde
1806 2348 1925 2414 tollere
1941 2349 1976 2415 et
1990 2348 2094 2413 ahere
2109 2345 2324 2430 potuerimus,
2339 2366 2391 2432 per

558 2499 712 2565 medium
729 2499 789 2565 ille
806 2497 1006 2566 dibidimus:
1025 2496 1067 2564 ad
1085 2517 1168 2582 pars
1191 2497 1301 2582 ipsius
1324 2497 1468 2564 ecclesie
1491 2496 1612 2563 demus
1635 2497 1710 2580 ipse
1733 2497 1891 2563 abellane
1913 2497 2033 2564 secche
2055 2494 2271 2563 medietatem
2292 2499 2323 2562 et
2342 2515 2392 2565 nos

555 2651 719 2720 tollamus
749 2649 829 2716 inde
859 2649 1091 2726 medietatem,
1128 2651 1162 2716 et
1193 2652 1292 2734 quale
1323 2648 1466 2716 missum
1490 2647 1617 2715 ibidem
1641 2648 1810 2716 direxerit
1841 2667 1923 2732 pars
1946 2649 2055 2733 ipsius
2078 2649 2222 2715 ecclesie
2243 2667 2301 2732 pro
2322 2649 2393 2717 reoi-

555 2803 719 2890 piendum
736 2804 813 2888 ipsa
830 2805 981 2871 sortione
997 2802 1040 2871 de
1057 2803 1136 2887 ipsa
1154 2803 1311 2882 ecclesia,
1332 2802 1535 2887 usquedum
1553 2803 1679 2870 ibidem
1695 2804 1831 2870 steterit
1845 2821 1909 2888 pro
1933 2802 2170 2888 recipiendum
2193 2802 2265 2886 ipse
2287 2803 2394 2869 abella·

551 2971 607 3030 ne,
627 2971 691 3021 nos
709 2957 827 3020 autem
847 2971 925 3019 eum
944 2953 1133 3044 nutriamus
1149 2952 1336 3021 secundum
1354 2954 1470 3020 nostru
1487 2952 1715 3038 possibilitate
1730 2954 1766 3020 et
1786 2953 1993 3036 recipiamus
2016 2971 2094 3020 eum
2120 2954 2156 3019 in
2181 2971 2260 3020 casa
2281 2954 2390 3020 nostra.

554 3111 588 3177 et
605 3107 649 3174 ad
666 3107 830 3191 completi
847 3108 912 3191 ipsi
930 3106 1048 3174 decem
1065 3108 1149 3174 anni
1167 3127 1230 3174 nos
1245 3109 1358 3174 autem
1375 3109 1410 3174 et
1425 3107 1556 3174 nostris
1570 3106 1753 3176 heredibus
1768 3126 1831 3191 per
1847 3110 1956 3174 totum
1972 3107 2047 3192 ipso
2063 3109 2221 3182 bacuum,
2240 3106 2294 3192 qui
2315 3105 2392 3172 intro

552 3258 629 3343 ipse
645 3259 726 3326 finis
741 3260 794 3326 est
808 3259 1054 3326 abellanietum
1072 3259 1199 3325 factum
1218 3261 1252 3326 et
1267 3261 1434 3326 cultatum
1448 3262 1485 3327 et
1499 3261 1734 3344 cooperatum,
1752 3260 1842 3326 sicut
1857 3261 1952 3326 locus
1978 3259 2051 3343 ipse
2073 3259 2250 3336 meruerit,
2268 3259 2299 3327 et
2319 3257 2392 3323 sicut

554 3411 596 3480 de
611 3413 727 3479 tantos
741 3427 851 3478 annos
869 3411 1116 3479 abellanietum
1133 3411 1299 3478 meruerit
1315 3429 1401 3490 esse,
1420 3412 1455 3477 et
1471 3411 1509 3475 in
1525 3413 1629 3479 antea
1652 3412 1681 3477 si
1699 3411 1922 3490 boluerimus
1942 3411 2036 3478 omni
2062 3412 2220 3494 tempore
2242 3407 2392 3478 licentiam

553 3563 716 3628 abeamus
732 3575 795 3627 nos
810 3563 847 3627 et
862 3561 991 3627 nostris
1006 3560 1189 3629 heredibus
1202 3564 1276 3668 tota
1291 3562 1370 3647 ipsa
1385 3565 1494 3647 rebus
1505 3581 1569 3648 per
1586 3561 1750 3629 iamdicta
1768 3563 1848 3630 finis
1865 3565 1900 3628 et
1915 3563 2090 3630 mensurio
2106 3580 2185 3628 cnm
2201 3563 2274 3627 hice
2294 3559 2333 3626 de
2346 3557 2394 3624 hia

554 3729 616 3780 sua
630 3715 750 3780 tenere
767 3709 811 3778 ad
826 3713 947 3778 nostra
961 3713 1127 3795 potestate
1149 3715 1184 3782 et
1199 3715 1310 3781 omnis
1332 3716 1450 3781 nostre
1467 3714 1610 3780 utilitati
1634 3713 1760 3780 ibidem
1778 3715 1905 3790 facere,
1924 3715 1958 3782 et
1982 3714 2092 3780 totum
2116 3712 2195 3778 illut
2217 3713 2394 3778 laboremus

554 3864 588 3933 et
603 3865 768 3960 cultemus
783 3863 876 3929 sicut
891 3861 1071 3940 meruerit,
1092 3865 1126 3930 et
1141 3869 1267 3948 quante
1282 3862 1436 3932 abellane
1450 3863 1494 3931 de
1517 3865 1593 3949 ipsa
1615 3864 1825 3932 abellanieta
1847 3863 1891 3930 da
1913 3863 2073 3950 completi
2097 3864 2167 3950 ipsi
2189 3862 2302 3931 decem
2324 3859 2396 3927 anni

468 4087 470 4091 ,
554 4013 591 4079 in
607 4015 707 4081 antea
723 4014 888 4097 colligere
903 4014 939 4079 et
954 4014 1058 4080 abere
1073 4015 1289 4098 potuerimus
1305 4013 1348 4082 de
1364 4015 1442 4082 illut
1457 4014 1548 4100 quod
1564 4031 1628 4116 nos
1643 4017 1955 4100 pastenaberimus,
1973 4015 2111 4082 tertiam
2126 4034 2213 4101 pars
2229 4016 2264 4080 in
2280 4014 2396 4099 partem

554 4163 664 4248 ipsius
680 4165 824 4231 ecclesie
840 4165 961 4232 demus
977 4169 1111 4246 secche,
1131 4169 1165 4236 et
1179 4171 1313 4252 relique
1337 4169 1412 4252 ipse
1434 4167 1501 4235 due
1523 4168 1687 4234 sortionis
1709 4168 1809 4234 nobis
1831 4170 2003 4246 abeamus,
2022 4169 2057 4235 et
2079 4167 2122 4234 de
2145 4167 2224 4252 ipso
2246 4165 2330 4233 aliut
2349 4162 2398 4248 qui

554 4314 655 4382 modo
671 4317 723 4383 est
738 4315 983 4383 abellanietum
1001 4317 1139 4398 factum,
1156 4321 1285 4403 quante
1301 4319 1478 4388 abellanae
1494 4319 1575 4386 inde
1592 4319 1847 4398 collexerimus‚
1862 4337 1925 4405 per
1938 4317 2154 4387 medietatem
2172 4319 2231 4386 ille
2247 4317 2332 4384 inter
2346 4328 2399 4381 nos

554 4465 768 4534 dividamus:
788 4485 872 4552 pars
886 4468 995 4552 ipsius
1010 4469 1154 4538 ecclesie
1169 4470 1269 4537 tollat
1283 4487 1341 4537 eos
1355 4472 1476 4537 secche
1493 4469 1724 4550 medietatem,
1741 4475 1776 4539 et
1792 4489 1855 4538 nos
1872 4473 1907 4538 et
1929 4470 2057 4539 nostris
2080 4469 2266 4539 heredibus
2288 4466 2400 4536 medie

557 4622 674 4685 tatem.
694 4623 729 4686 et
744 4618 775 4685 si
791 4619 954 4687 forsitans
972 4637 1035 4686 nos
1051 4623 1107 4688 rel
1130 4622 1259 4689 nostris
1281 4621 1465 4690 heredibus
1488 4621 1532 4689 de
1555 4639 1595 4689 ac
1619 4625 1712 4691 terra
1734 4624 1946 4691 salernitana
1965 4623 2165 4706 exierimus,
2184 4625 2221 4691 et
2244 4621 2346 4690 aliubi
2364 4617 2400 4686 ad

555 4770 755 4838 abitandum
773 4773 1042 4854 perrexerimus,
1061 4777 1117 4842 tuc
1133 4778 1206 4842 tota
1223 4767 1422 4862 supradicta
1437 4778 1540 4846 rebus
1563 4777 1752 4861 perbeniad
1777 4777 1820 4844 ad
1844 4779 2049 4863 potestatem
2073 4777 2184 4862 ipsius
2207 4773 2358 4850 ecclesie,
2373 4773 2401 4840 et

553 4919 583 4988 si
597 4921 695 5024 ¹infra
710 4921 821 4988 tribus
839 4919 923 4988 anni
938 4923 974 4987 in
990 4941 1030 4989 ac
1045 4927 1141 4992 terra
1155 4927 1369 4995 salernitana
1384 4927 1517 5002 rebersi
1533 4928 1701 4996 fuerimus
1713 4927 1757 4996 ad
1770 4927 1981 5008 abitandum,
1996 4932 2076 4995 tunc
2091 4929 2167 5013 ipsa
2179 4929 2283 4996 rebus
2297 4926 2402 4993 rebor-

553 5075 609 5140 tar
625 5073 668 5140 ad
687 5074 855 5158 potestate
870 5075 991 5140 nostra
1007 5078 1041 5142 et
1056 5075 1099 5143 de
1114 5077 1441 5148 nostrisheredibus
1456 5079 1498 5146 ad
1514 5079 1682 5148 abendum
1699 5099 1836 5165 semper
1848 5081 1885 5147 in
1897 5079 2053 5166 predicta
2068 5081 2225 5168 ratione3
2243 5082 2277 5149 et
2292 5077 2320 5147 si
2336 5077 2402 5162 ipsa

553 5222 877 5307 supradicta-rebus
901 5244 967 5292 nos·
987 5230 1041 5296 vel
1066 5230 1195 5296 nostris
1218 5229 1403 5298 heredibus
1427 5231 1640 5299 noluerimus
1662 5233 1781 5300 tenere
1804 5235 1838 5298 ct
1861 5233 2028 5312 laborare,
2046 5233 2225 5320 licentiam
2250 5233 2402 5299 abeamus

553 5373 635 5442 inde
651 5375 749 5442 exire
764 5392 842 5443 cum
859 5379 972 5446 omnis
986 5382 1106 5448 nostra
1121 5399 1225 5450 causa
1241 5400 1307 5467 que
1322 5383 1370 5450 ibi
1387 5385 1595 5463 abuerimuS,
1615 5387 1650 5452 et
1673 5387 1814 5469 portare
1837 5400 1895 5453 eos
1917 5385 1974 5451 uhi
1999 5385 2211 5452 boluerimus
2234 5383 2310 5452 sine
2330 5395 2402 5446 eon·

553 5529 735 5598 trarietate
751 5531 805 5596 uel
822 5529 1047 5615 requisitione
1062 5552 1145 5617 pars
1162 5535 1272 5620 ipsius
1288 5535 1432 5603 ecclesie
1449 5539 1510 5604 aut
1525 5538 1683 5621 cuiquam
1701 5537 1886 5616 ominibus,
1905 5541 1940 5605 et
1955 5540 2029 5606 tota
2044 5539 2285 5624 suprascripta
2307 5536 2399 5603 rebus

554 5681 712 5750 robertar
727 5681 770 5748 ad
787 5683 990 5767 potestatem
1007 5683 1116 5769 ipsius
1131 5687 1283 5756 ecclesie.
1301 5685 1399 5756 Unde
1414 5705 1479 5772 pro
1494 5688 1608 5756 taliter
1624 5707 1685 5773 per
1707 5691 1796 5758 bona
1811 5691 2062 5758 combenientia
2078 5689 2208 5775 guadia
2224 5689 2312 5758 mihi
2333 5688 2401 5771 ipse

553 5837 660 5902 abbas
673 5851 893 5920 unaquecum
906 5835 982 5918 ipso
991 5853 1054 5902 suo
1065 5836 1455 5919 advocatoredederunt,
1465 5841 1500 5907 et
1511 5839 1735 5911 mediatorem
1748 5842 1833 5910 mihi
1847 5845 2034 5928 posuerunt
2046 5845 2099 5910 leo
2110 5831 2401 5911 atrianensefilius
