5286 7098
981 596 1353 676 olPLollnnlcUs

290 807 320 919 †
334 852 402 918 ego
416 835 475 918 qui
491 854 597 922 supra
611 838 718 924 gaido
733 837 836 908 iudex

289 959 398 1072 †ego
413 986 472 1072 qui
488 1005 596 1074 supra
612 988 781 1060 iohannes
796 989 979 1075 episcopus

290 1110 319 1224 †
334 1157 401 1224 ego
416 1140 476 1226 qui
492 1159 597 1227 supra
610 1144 729 1228 petrns
745 1142 861 1210 index.

1054 1648 1276 1732 CCCIII.

1016 1898 1071 1974 A.
1107 1896 1158 1974 D.
1196 1895 1299 1975 978.

287 2153 374 2290 †ln
388 2204 527 2272 nomine
540 2202 672 2274 domini
688 2205 864 2274 tricesimo
878 2206 997 2292 quinto
1014 2221 1106 2273 anno
1122 2204 1341 2289 principatus
1363 2203 1482 2272 domni
1497 2205 1607 2274 nostri
1623 2204 1765 2290 paldold
1788 2207 1933 2292 gloriosi
1957 2208 2088 2294 princi-

226 2358 294 2442 pis,
311 2358 347 2426 et
362 2355 475 2442 primo
488 2372 580 2423 anno
595 2357 812 2443 principatus
827 2357 900 2426 eius
916 2359 1056 2436 salerni,
1074 2359 1109 2426 et
1132 2357 1253 2441 quarto
1275 2373 1371 2434 anno,
1389 2357 1605 2443 principatus
1621 2357 1740 2428 domni
1764 2359 1905 2445 paldolfl
1929 2362 2087 2446 glorioso

228 2509 389 2595 principe
405 2509 482 2576 eius
496 2509 579 2590 fllio,
598 2527 719 2579 mense
734 2513 903 2596 augustus
919 2513 1020 2580 sexta
1035 2509 1235 2579 indictione.
1261 2510 1401 2580 declaro
1423 2529 1491 2596 ego
1518 2507 1687 2580 iohannes
1713 2511 1834 2580 divina
1850 2512 2087 2582 misericordia

229 2659 388 2746 pontifex
402 2661 522 2730 sancte
537 2659 631 2737 sedis
645 2663 868 2742 salernitane,
886 2681 990 2748 quum
1007 2663 1089 2730 ante
1103 2679 1141 2730 os
1158 2679 1268 2729 annos
1283 2680 1367 2746 pars
1383 2663 1491 2730 nostri
1509 2662 1699 2748 episcopii.
1753 2715 1759 2728 .
1812 2716 1819 2729 .
1871 2713 1879 2728 .
1927 2665 2088 2749 partione

228 2813 271 2882 ad
298 2814 552 2900 pastenandum
580 2813 747 2883 traditum
775 2818 873 2884 abuit
898 2815 1034 2884 mastali
1059 2816 1261 2884 amalfitano
1288 2817 1347 2900 qui
1375 2817 1516 2884 bocatnr
1542 2817 1690 2896 roibulu,
1717 2832 1772 2886 res
1798 2817 2011 2902 pertinentes
2034 2819 2088 2903 ip-

94 3014 96 3018 ·
225 2967 299 3038 sius
312 2969 479 3055 episcopii
496 2967 539 3037 de
556 2971 669 3037 locum
685 2971 771 3038 fonti
789 2987 930 3056 asuper
944 2987 1038 3038 mare
1065 2969 1132 3037 ista
1153 2972 1254 3055 parte
1277 2969 1424 3038 ecclesia
1439 2970 1551 3037 sancti
1566 2969 1662 3048 felix,
1683 2969 1773 3053 quod
1796 2969 1866 3036 iam
1891 2971 1994 3037 antea
2010 2973 2084 3054 ipse

225 3124 393 3190 mastalus
408 3121 599 3207 pastenabi:
618 3121 789 3208 simulque
804 3125 839 3192 et
853 3121 1055 3193 tradiderad
1071 3123 1104 3190 ei
1119 3126 1215 3192 terra
1230 3140 1306 3191 eum
1322 3123 1520 3192 cannielum
1538 3140 1561 3190 a
1574 3123 1694 3208 suptus
1711 3121 1829 3210 ibique
1851 3123 1886 3187 et
1902 3121 1971 3187 alia
1987 3123 2083 3188 terra

226 3291 295 3358 que
309 3264 362 3342 est
377 3275 486 3340 totum
503 3275 597 3341 huno
614 3273 766 3342 teniente
781 3293 826 3342 ex
841 3276 935 3344 omni
953 3277 1053 3361 parte
1069 3275 1268 3345 coniuntnm
1293 3273 1337 3343 ad
1360 3275 1430 3343 fine
1453 3273 1562 3359 ipsius
1576 3273 1743 3358 episcopii
1770 3290 1833 3358 per
1860 3271 2082 3349 mensurnam,

228 3424 411 3510 longitudo
426 3443 548 3511 passos
563 3427 715 3503 centum,
734 3426 880 3494 latitudo
896 3427 1285 3514 passos-qninquaginta
1300 3425 1344 3494 ad
1361 3426 1489 3495 iustum
1506 3442 1644 3511 passum
1661 3423 1851 3493 hominem.
1870 3441 1933 3510 per
1949 3424 2024 3509 ipse
2047 3424 2086 3489 ii-

226 3577 285 3645 nis
299 3581 333 3646 et
350 3577 524 3644 mensurio
548 3595 569 3644 a
585 3596 669 3663 pars
683 3578 792 3663 ipsius
814 3579 980 3665 episcopii
995 3579 1105 3666 ipsius
1121 3580 1259 3648 mastali
1276 3579 1320 3646 ad
1336 3577 1586 3665 pastenandum
1601 3575 1812 3657 tradiderad,
1827 3578 1982 3663 utusque
1998 3571 2093 3646 hun·'

224 3728 340 3797 decim
356 3732 438 3798 anni
455 3732 616 3816 completi
631 3733 707 3818 ipse
724 3735 889 3802 mastalus
911 3738 946 3802 et
961 3751 1040 3803 suos
1055 3734 1200 3804 heredes
1225 3733 1344 3802 eadem
1363 3752 1419 3802 res
1443 3733 1486 3801 ad
1503 3752 1600 3802 suam
1615 3734 1818 3818 potestatem
1834 3735 1953 3801 tenere
1967 3733 2003 3800 et
2025 3732 2088 3811 ibi·

225 3881 308 3950 dem
318 3855 482 3951 laborare
497 3885 533 3951 et
548 3887 743 3969 pastenare,
763 3889 797 3954 et
813 3889 979 3972 qnantum
996 3885 1148 3956 frudium
1165 3905 1273 3973 usque
1289 3849 1357 3972 ipsi
1371 3885 1558 3956 hundecim
1580 3887 1665 3954 anni
1687 3884 1769 3956 inde
1783 3887 1906 3954 tollere
1920 3885 2085 3971 potuerit,

224 4037 337 4105 totum
353 4039 432 4107 illut
446 4039 576 4109 habere
592 4044 627 4108 et
638 4043 771 4108 nullam
787 4041 974 4109 sortionem
991 4041 1028 4108 in
1041 4058 1122 4126 pars
1134 4041 1245 4126 ipsius
1261 4039 1428 4126 episcopii
1443 4039 1524 4110 inde
1534 4039 1629 4110 dare.
1645 4037 1688 4107 ad
1699 4033 1864 4123 completi
1875 4037 1943 4122 ipsi
1955 4037 2087 4108 hunde-

91 4191 95 4201 ’
227 4188 298 4255 cim
315 4189 400 4257 anni
416 4189 455 4257 in
470 4191 542 4256 tota
556 4190 635 4276 ipsa
649 4193 743 4260 terra
758 4193 902 4259 haberet
916 4193 1018 4258 vinea
1032 4191 1124 4258 facta
1138 4193 1174 4258 et
1189 4191 1305 4258 lebata
1316 4192 1351 4258 et
1362 4190 1536 4259 canietum
1551 4191 1641 4259 sicut
1655 4189 1831 4269 meruerit,
1845 4192 1880 4260 et
1890 4189 2039 4276 plicaret
2050 4209 2086 4260 se

226 4341 289 4408 ille
303 4343 338 4410 et
351 4358 432 4409 suos
447 4341 593 4410 heredes
607 4345 642 4412 et
657 4345 718 4412 ille
733 4363 793 4430 per
810 4345 884 4429 ipse
899 4344 979 4411 finis
994 4345 1029 4411 et
1043 4343 1229 4421 mensuris,
1248 4347 1283 4410 et
1298 4343 1326 4414 si
1342 4344 1444 4413 extra
1458 4343 1535 4429 ipsa
1551 4342 1728 4412 mensoria
1750 4341 1867 4429 ibique
1883 4341 2084 4410 coniuntum

224 4495 330 4564 vinea
345 4493 416 4562 illis
462 4545 468 4558 .
521 4543 528 4558 .
583 4547 589 4559 .
641 4545 648 4559 .
699 4495 893 4574 habuerint,
909 4467 1018 4562 totum
1042 4512 1105 4580 per
1121 4492 1272 4562 medium
1288 4511 1366 4560 eum
1390 4511 1473 4579 pars
1495 4493 1606 4561 nostri
1628 4492 1795 4579 episcopii
1818 4493 1897 4562 illut
1913 4490 2082 4560 dibidere:

224 4665 311 4730 pars
325 4645 437 4714 nostri
453 4639 618 4732 episcopii
634 4649 755 4715 tollere
771 4649 849 4716 illut
865 4648 1095 4728 medietatem,
1110 4650 1145 4716 et
1157 4647 1264 4733 ipsius
1280 4646 1416 4716 mastali
1432 4649 1468 4714 et
1478 4645 1521 4714 ad
1537 4646 1680 4717 heredes
1692 4647 1767 4716 eins
1778 4645 1916 4715 tradere
1927 4645 2003 4730 ipsa
2015 4645 2086 4712 alia

224 4790 476 4878 medietatam
491 4799 580 4866 sicut
594 4799 670 4883 ipse
684 4800 850 4867 mastalus
867 4799 948 4868 inde
996 4851 1003 4864 .
1056 4852 1063 4866 .
1116 4849 1122 4863 .
1176 4851 1182 4865 .
1233 4799 1297 4866 fuit
1313 4799 1351 4866 in
1365 4797 1486 4866 eadem
1503 4817 1559 4868 res
1573 4798 1677 4868 vinea
1691 4801 1726 4867 et
1735 4754 1940 4868 'banniarum
1955 4795 2036 4866 fecit
2051 4798 2085 4864 ot

224 4969 304 5017 cum
317 4967 400 5036 pars
411 4950 524 5018 nostri
539 4951 706 5036 episcopii
718 4949 795 5041 illut
806 4950 914 5019 dibidi
931 4969 994 5037 per
1010 4955 1204 5020 traversum
1217 4950 1261 5019 ad
1274 4950 1456 5036 equaliter.
1473 4951 1588 5019 hunde
1602 4968 1684 5036 pars
1695 4951 1805 5019 nostri
1817 4950 1982 5036 episcopii
1994 4967 2086 5018 com·

222 5103 382 5189 preensit
397 5105 550 5172 sortione
564 5104 691 5173 exinde
706 5109 838 5191 partem
853 5107 947 5173 illam
964 5123 1128 5190 suprana,
1143 5107 1177 5172 et
1193 5107 1269 5191 ipse
1280 5107 1445 5176 mastalus
1456 5107 1688 5192 compreensit
1700 5105 1835 5191 reliqua
1846 5107 1921 5190 ipsa
1933 5103 2086 5172 sortione

222 5272 244 5321 a
258 5273 342 5339 pars
353 5254 397 5323 de
408 5273 519 5335 mare,
534 5225 657 5342 etipsa
667 5257 819 5324 sortione
834 5255 923 5341 quod
937 5275 958 5324 a
970 5273 1053 5342 pars
1062 5257 1172 5324 nostri
1188 5257 1353 5343 episcopii
1369 5257 1449 5325 inde
1461 5258 1555 5325 venit
1569 5275 1647 5326 cum
1659 5256 1731 5324 alia
1746 5273 1803 5322 res
1813 5253 1941 5324 exinde
1951 5272 2013 5340 per
2024 5254 2083 5322 fir-

222 5425 320 5475 mam
336 5407 562 5493 scriptionem
572 5425 639 5493 ego
652 5409 728 5476 illul
741 5407 836 5477 dedit
848 5411 882 5476 et
894 5373 1114 5478 confirmabit
1128 5409 1246 5494 lupeni
1261 5410 1459 5478 amalfitano
1473 5410 1566 5478 lilius
1581 5409 1739 5478 mauroni
1754 5407 1884 5487 comiti,
1902 5407 1992 5478 sicut
2007 5409 2083 5495 ipsa

221 5561 370 5646 scriptio
387 5564 440 5629 est
462 5562 709 5650 continentem
726 5565 760 5630 et
776 5565 850 5647 ipse
865 5565 1026 5631 mastalus
1041 5581 1078 5632 se
1094 5565 1129 5633 et
1143 5563 1286 5633 heredes
1301 5581 1380 5632 suos
1397 5563 1562 5648 obligabi‚
1577 5565 1615 5630 ut
1629 5563 1657 5630 si
1675 5565 1752 5650 ipsa
1767 5563 1919 5632 sortione
1934 5562 2008 5632 eius
2023 5582 2084 5632 ex·

222 5712 305 5783 inde
316 5713 445 5808 datura
456 5715 515 5781 aut
525 5711 705 5782 vinditura
716 5716 899 5784 habuerint
909 5733 931 5783 a
943 5735 1025 5800 pars
1038 5716 1146 5801 ipsius
1162 5717 1341 5802 episcopii,
1358 5717 1435 5784 illut
1446 5713 1651 5784 venumdare
1661 5715 1703 5782 ad
1716 5715 1806 5784 iusto
1818 5715 1966 5801 pretium
1979 5732 2079 5801 quem

224 5865 316 5932 iuste
332 5865 439 5933 fucrit
460 5863 701 5950 adpretiatum,
716 5867 750 5934 et
765 5867 876 5936 lacere
894 5867 974 5938 inde
995 5868 1084 5939 scire
1106 5887 1188 5954 pars
1205 5866 1316 5953 ipsius
1330 5864 1497 5953 episcopii
1518 5865 1561 5933 ad
1586 5867 1663 5936 illos
1686 5865 1868 5936 emendum
1892 5885 1955 5952 per
1977 5867 2081 5934 tertio
