5286 7098
1268 579 1430 651 count
1468 579 1700 654 CAVENSIS

1359 1032 1583 1114 CCXCI.

1328 1281 1383 1358 A.
1421 1279 1472 1357 D.
1509 1277 1612 1358 976.

603 1546 693 1684 †In
710 1595 850 1663 nomine
873 1591 1006 1660 domini
1028 1590 1084 1658 dei
1100 1585 1286 1658 salvatoris
1301 1589 1400 1656 ihesu
1416 1588 1525 1666 eristi,
1543 1587 1755 1673 temporibus
1769 1585 1887 1653 domni
1910 1591 2088 1655 mansonis
2106 1586 2251 1672 gloriosi
2263 1585 2357 1656 ducis
2373 1591 2406 1655 et

547 1750 740 1837 imperialis
763 1747 906 1834 patricii
930 1763 1021 1813 anno
1044 1745 1163 1810 octavo
1186 1741 1332 1820 decimo,
1359 1740 1416 1809 die
1438 1742 1554 1826 prima
1569 1741 1701 1809 mensis
1723 1740 1903 1818 februarii,
1930 1739 2117 1809 indictione
2140 1744 2274 1826 quarta,
2301 1745 2406 1809 amal·

547 1906 583 1972 fi.
600 1904 738 1972 Certum
762 1903 815 1969 est
838 1919 893 1967 me
916 1897 1033 1982 sergio
1056 1897 1148 1964 filius
1172 1893 1345 1980 quondam
1368 1895 1527 1979 stephani
1551 1893 1731 1962 celendola
1753 1913 1776 1962 a
1798 1893 1953 1979 presenti
1976 1893 2032 1964 die
2053 1895 2088 1961 et
2103 1893 2330 1979 prumtissima
2353 1911 2411 1960 vo

548 2061 682 2127 luntate
706 2055 834 2123 donavi
858 2055 893 2121 et
914 2051 1058 2131 tradidi,
1074 2053 1108 2118 et
1130 2051 1277 2118 firmiter
1300 2049 1454 2118 scrivere
1478 2047 1620 2134 precavi
1642 2049 1742 2116 vobis
1759 2047 1885 2115 domno
1901 2047 2021 2133 lupino
2038 2047 2112 2114 filio
2127 2047 2303 2132 quondam
2317 2065 2412 2116 mau-

548 2211 627 2278 roni
651 2207 797 2280 comitis,
824 2205 914 2272 idest
937 2203 1159 2270 medietatem
1182 2202 1223 2270 de
1247 2204 1322 2286 ipse
1345 2205 1438 2270 terre
1462 2219 1536 2269 mee
1559 2218 1667 2269 vacue
1690 2199 1733 2269 de
1756 2201 1831 2268 loco
1857 2199 1955 2276 fonti,
1982 2198 2038 2284 qui
2061 2199 2159 2269 nobis
2181 2203 2215 2269 et
2231 2201 2268 2266 at
2289 2200 2412 2266 nicifo-

465 2345 468 2350 λ
547 2365 634 2431 rium
653 2379 861 2448 germanum
885 2378 1000 2426 meum
1024 2358 1213 2425 obbenerat
1236 2375 1296 2441 per
1320 2357 1515 2422 chartulam
1540 2353 1736 2420 donationis
1759 2355 1802 2420 ab
1826 2370 1907 2420 urso
1930 2353 2002 2420 filio
2026 2353 2139 2437 lupini
2163 2353 2205 2420 de
2227 2353 2331 2438 erini;
2360 2355 2411 2420 set

547 2519 670 2603 postea
692 2532 794 2600 quam
811 2513 911 2580 nobis
933 2531 992 2579 eos
1015 2511 1111 2579 dedit
1134 2511 1390 2595 suprascriptus
1414 2529 1526 2588 ursus,
1554 2487 1633 2576 tulit
1656 2526 1713 2576 eos
1736 2509 1812 2594 ipse
1835 2507 2038 2592 episcopius
2055 2506 2098 2575 de
2120 2509 2260 2574 salerno
2285 2509 2319 2574 et
2342 2525 2410 2592 ego

548 2669 620 2736 iam
643 2669 763 2754 postea
790 2667 956 2751 recollegi
980 2684 1038 2733 eos
1061 2667 1104 2731 ab
1127 2666 1204 2748 ipso
1227 2663 1402 2748 episcopio
1425 2662 1467 2730 de
1484 2629 1622 2731 salerno
1645 2679 1722 2729 cum
1738 2677 1812 2730 meo
1836 2659 2021 2744 expendio,
2047 2661 2081 2727 et
2103 2661 2224 2737 totum,
2245 2661 2410 2745 quantum

549 2823 656 2890 michi
680 2823 715 2888 et
738 2823 776 2886 at
795 2819 993 2886 niciforium
1016 2815 1110 2884 dedit
1133 2815 1388 2900 suprascriptus
1412 2833 1525 2893 ursus,
1552 2814 1648 2881 venit
1671 2813 1706 2880 in
1729 2831 1808 2882 mea
1830 2814 2047 2900 potestatem;
2064 2813 2165 2880 modo
2181 2833 2263 2882 vero
2286 2813 2328 2881 de
2345 2816 2413 2882 tote

546 2972 622 3056 ipse
645 2973 736 3038 sorte
760 2971 794 3036 et
818 2969 904 3038 silve
928 2971 1094 3052 quantum
1117 2968 1246 3034 clamat
1269 2967 1347 3051 ipsa
1362 2945 1533 3044 chartula,
1548 2984 1652 3050 quam
1668 2966 1766 3034 nobis
1782 2965 2039 3052 suprascriptus
2057 2985 2155 3035 ursus
2175 2966 2267 3044 fecit,
2284 2967 2413 3035 medie-

546 3125 653 3191 tatem
678 3122 774 3190 vobis
789 3119 916 3189 exinde
939 3117 1097 3186 dedimus
1119 3121 1154 3185 et
1169 3117 1375 3185 tradidimus
1390 3119 1466 3184 sine
1481 3117 1679 3197 minuitate,
1695 3122 1732 3184 ut
1748 3121 1792 3184 ab
1808 3118 1950 3186 odierna
1962 3117 2020 3187 die
2035 3121 2070 3187 et
2086 3119 2122 3186 in
2134 3120 2310 3205 perpetuis
2324 3121 2410 3188 tem·

544 3277 685 3362 poribus
713 3295 772 3347 vos
794 3278 828 3344 et
851 3273 996 3343 heredes
1019 3275 1126 3342 vestri
1150 3273 1309 3341 haveatis
1332 3272 1462 3340 exinde
1486 3273 1717 3350 medietatem,
1732 3277 1766 3341 et
1789 3293 1852 3340 nos
1877 3273 2107 3353 medietatem,
2126 3277 2161 3342 et
2185 3291 2246 3342 vos
2268 3273 2311 3342 de
2334 3275 2410 3360 ipsa

545 3427 728 3496 medietate
742 3430 860 3494 vestra
875 3427 1011 3495 faciatis
1024 3429 1058 3494 et
1074 3423 1232 3492 iudicetis
1245 3425 1364 3491 omnia
1379 3443 1444 3507 que
1460 3424 1651 3511 volueritis3
1668 3429 1702 3493 et
1719 3426 1748 3492 si
1765 3426 1852 3510 ipso,
1868 3425 1959 3510 quod
1974 3426 2074 3493 modo
2087 3429 2204 3494 leontu
2217 3427 2340 3496 relicta
2356 3445 2412 3495 su·

547 3577 737 3664 praecripti
761 3580 834 3646 ursi
857 3547 951 3648 tenet
974 3579 1012 3645 in
1035 3578 1134 3656 sonti,
1160 3577 1233 3644 sive
1258 3577 1295 3644 in
1318 3578 1392 3644 vita
1414 3595 1490 3657 sua,
1510 3579 1583 3646 sive
1606 3580 1683 3663 post
1705 3581 1849 3645 mertem
1866 3596 1962 3646 suam
1986 3579 2092 3646 michi
2109 3581 2161 3648 vel
2179 3583 2214 3647 at
2235 3597 2328 3648 meos
2352 3583 2411 3648 lie-

547 3731 648 3800 redes
672 3732 881 3818 pervenerit,
901 3732 990 3798 sicut
1012 3749 1075 3816 per
1098 3731 1295 3798 chartulam
1316 3747 1375 3797 eos
1397 3730 1565 3815 scriptum
1582 3732 1693 3798 haveo
1710 3751 1731 3799 a
1746 3733 1846 3816 parte
1869 3731 2037 3817 episcopii
2053 3733 2268 3812 salernitani,
2284 3733 2412 3802 medie-

548 3885 655 3951 tatem
678 3883 806 3950 exinde
829 3902 890 3950 vos
913 3884 948 3950 et
969 3882 1074 3952 vestri
1098 3881 1242 3950 heredes
1265 3883 1392 3949 havere
1423 3880 1550 3960 deatis,
1570 3881 1595 3969 ¹)
1619 3882 1700 3967 quia
1722 3881 1941 3950 medietatem
1964 3883 2064 3955 nobis
2088 3883 2246 3952 refudisti
2268 3883 2311 3952 de
2332 3885 2409 3969 ipso

547 4037 756 4121 expensario
771 4029 810 4122 ²),
830 4033 920 4121 quod
946 4036 982 4103 in
1006 4037 1082 4120 ipse
1097 4035 1272 4120 episcopio
1288 4035 1460 4122 dedimus3
1486 4037 1521 4103 et
1544 4036 1574 4102 si
1598 4035 1725 4104 ividem
1749 4055 1889 4104 censum
1913 4035 2121 4116 dederimus
2140 4056 2203 4105 nes
2220 4039 2254 4106 et
2270 4053 2407 4122 vesper

547 4187 769 4256 medietatem
787 4188 900 4272 ipsum
916 4205 1055 4255 censum
1070 4186 1153 4254 dare
1168 4187 1365 4266 deveamus,
1385 4190 1420 4255 et
1435 4190 1504 4255 iam
1529 4187 1717 4273 aliquando
1740 4187 1866 4256 exinde
1889 4207 1997 4273 neque
2020 4207 2041 4254 a
2063 4208 2128 4268 me,
2149 4207 2259 4274 neque
2283 4192 2327 4256 ab
2350 4191 2410 4258 he·

550 4340 691 4410 redibus
714 4341 823 4419 meis,
854 4343 908 4408 vel
937 4360 959 4406 a
986 4341 1084 4408 nobis
1111 4339 1333 4409 summissam
1357 4359 1541 4426 personam
1565 4344 1692 4409 nullam
1718 4342 1982 4427 requesitionem
2009 4342 2134 4410 exinde
2156 4343 2315 4412 liaveatis
2338 4359 2412 4412 non

550 4512 612 4561 vos
634 4513 705 4561 non
729 4495 834 4561 vestri
859 4493 1005 4562 heredes
1027 4513 1090 4579 per
1105 4496 1239 4561 nullum
1262 4493 1401 4561 modum
1424 4495 1461 4561 in
1485 4498 1709 4583 perpetuum3
1735 4498 1770 4563 et
1794 4496 1822 4562 si
1848 4495 2000 4580 qualivet
2024 4499 2178 4580 tempere
2202 4515 2265 4581 per
2289 4498 2411 4584 quovis

549 4645 686 4711 modum
712 4647 764 4712 vel
790 4646 982 4730 ingenium,
1009 4648 1082 4715 sive
1097 4667 1160 4714 nes
1178 4651 1237 4714 aut
1260 4648 1403 4717 heredes
1426 4649 1549 4726 nostri,
1564 4666 1625 4717 vos
1642 4651 1703 4716 aut
1719 4647 1862 4718 heredes
1877 4651 2010 4718 vestros
2033 4649 2160 4717 exinde
2184 4667 2325 4735 querere
2349 4651 2408 4719 aut

551 4797 709 4862 contrane
737 4799 1063 4881 presumpserimus
1090 4798 1345 4883 quinquaginta
1361 4797 1555 4881 bytianteos
1573 4800 1671 4867 vebis
1694 4816 1901 4888 componere
1926 4799 2171 4884 promittimus.
2198 4803 2233 4866 et
2249 4817 2288 4867 ec
2310 4803 2412 4867 eliar-

551 4947 623 5014 tula
640 4945 685 5014 sit
708 4947 812 5014 firma
838 4945 874 5011 in
890 4949 1107 5033 perpetuum.

608 5074 719 5187 †ego
735 5099 974 5169 constantinus
996 5101 1040 5169 de
1063 5117 1196 5182 maure,
1223 5101 1265 5170 de
1287 5103 1453 5188 leupardo

610 5223 720 5338 †ego
736 5257 857 5322 taurus
881 5253 973 5323 filius
995 5253 1104 5322 leonis
1127 5253 1171 5322 de
1187 5273 1268 5324 tirso
1291 5257 1428 5322 comitis
1452 5261 1592 5342 rogatus
1607 5256 1747 5343 scripsit
1764 5275 1786 5324 a
1801 5258 2039 5343 suprascripta
2055 5274 2202 5343 persona

610 5376 720 5489 †ego
744 5422 862 5473 musco
884 5406 977 5474 illius
1000 5406 1158 5491 pulchari
1181 5405 1224 5474 de
1246 5407 1422 5491 gregorio·
1435 5410 1559 5476 comite
1583 5409 1724 5476 intertui

610 5722 632 5794 ⁴)
654 5723 750 5788 lleea's,
767 5737 818 5794 pvo
834 5723 959 5779 (lateatis.

617 5847 641 5911 ²)
665 5848 842 5916 Enpensevio.
859 5863 873 5901 a
889 5861 916 5900 v:
933 5848 1091 5916 cepervdnu.
1107 5847 1194 5904 Deest
1210 5849 1239 5903 in
1254 5848 1421 5920 ltu-Canen.
