5252 7102
629 556 690 616 mo
1101 493 1107 504 ’
1295 537 1457 608 cooux
1500 537 1732 610 cavensis

584 790 680 854 terra
704 787 812 851 bacua
828 783 920 850 inter
937 783 1012 866 ipso
1027 799 1127 847 muro
1150 779 1369 863 etmuricino
1392 779 1531 848 cuilibet
1553 780 1638 848 dare
1661 783 1696 848 et
1719 782 1869 866 pretium
1894 782 1975 850 inde
1998 783 2166 868 recipere,
2182 784 2272 854 unde
2294 785 2334 853 de
2353 789 2420 872 ipsa

582 939 684 1004 rebus
700 935 828 1002 exdicti
844 933 1045 1002 monasterii
1062 933 1105 1000 ad
1124 933 1241 1018 aliqua
1257 933 1544 1001 restaurationem
1561 933 1779 1018 perduceret,
1797 952 1898 1002 nemo
1914 935 2115 1002 imbenisset
2133 935 2192 1020 qui
2214 935 2300 1004 talia
2321 938 2420 1008 facere

579 1095 722 1160 beteret.
743 1089 861 1172 postea
877 1104 959 1153 vero
975 1085 1126 1152 friderisi
1146 1136 1393 1152 .....
1420 1086 1512 1153 filius
1529 1085 1683 1154 radoaldi
1707 1086 1834 1154 dixiset
1849 1087 1892 1166 ei,
1910 1090 1939 1155 si
1956 1106 2019 1172 per
2035 1089 2286 1158 combenientia
2302 1090 2420 1160 dederit

579 1247 610 1317 ei
628 1245 829 1331 supradicta
846 1248 941 1313 terra
957 1244 1067 1309 bacua
1083 1242 1175 1308 inter
1192 1241 1269 1324 ipso
1284 1257 1383 1312 muro
1398 1244 1433 1306 et
1449 1241 1618 1306 muricino
1634 1259 1697 1325 per
1713 1241 1793 1308 finis
1808 1245 1843 1308 11
1860 1242 2049 1321 mensoria,
2068 1242 2126 1310 1111
2141 1243 2239 1310 daret
2262 1245 2380 1312 exinde
2393 1248 2420 1313 ei

577 1401 762 1484 argentum
779 1398 887 1464 libras
903 1392 1111 1478 quindecim.
1131 1395 1166 1458 et
1181 1409 1244 1476 per
1262 1391 1443 1458 consilium
1461 1393 1575 1456 actum
1592 1391 1682 1474 petri
1700 1391 1883 1475 presbiteri
1900 1392 1997 1475 prior
2012 1392 2065 1459 sui
2090 1391 2291 1458 monasterii
2305 1396 2337 1460 et
2352 1411 2418 1460 cum

580 1550 741 1618 monachi
758 1570 818 1618 sue
839 1544 1122 1632 congregationis
1144 1549 1180 1610 et
1202 1562 1280 1610 cum
1305 1544 1521 1611 theodericus
1544 1544 1702 1612 notarius
1725 1561 1854 1628 suoque
1876 1544 2130 1622 adbocatorem,
2150 1545 2225 1627 ipse
2247 1543 2346 1612 abbas
2366 1563 2420 1629 per

578 1703 729 1788 seipsum
746 1700 944 1786 supradicto
962 1696 1106 1782 gloriosi
1123 1696 1273 1780 principi
1290 1693 1405 1760 omnia
1423 1713 1485 1778 per
1501 1695 1623 1761 ordine
1639 1697 1832 1763 nuntiasset
1855 1698 1890 1762 et
1906 1696 1977 1764 illis
2001 1695 2204 1763 solutionem
2222 1696 2255 1764 11
2271 1697 2416 1776 dedisset,

580 1859 677 1924 terra
695 1857 773 1940 ipsa
787 1853 940 1920 dandum
964 1855 998 1918 et
1021 1851 1096 1934 ipso
1120 1852 1304 1933 argentum
1330 1849 1579 1933 recipiendum,
1598 1854 1633 1915 et
1656 1867 1720 1933 pro
1742 1849 1918 1916 firmitatis
1942 1868 2046 1916 causa
2068 1850 2157 1915 inter
2184 1849 2334 1916 medium
2358 1851 2418 1918 illis

581 2005 754 2074 exendum
772 2003 978 2070 direxerunt
995 2020 1050 2068 me
1067 1999 1266 2067 tamdictum
1285 2002 1421 2083 petrum
1441 1999 1564 2078 iudice,
1579 2002 1614 2067 et
1630 2019 1713 2085 pars
1728 2000 1878 2086 partium
1895 2002 1986 2070 inter
2003 2021 2038 2069 se
2054 2003 2289 2070 combocasset
2304 2001 2419 2068 idoneis

580 2157 789 2232 homiuibus,
809 2158 846 2220 ut
862 2171 929 2238 quo
948 2155 1128 2237 utrumque
1144 2149 1276 2229 iecerit,
1296 2151 1389 2216 omni
1414 2132 1579 2235 tempore*
1592 2153 1730 2218 firmum
1754 2153 1978 2238 stabilemque
2001 2154 2169 2230 maneret,
2190 2157 2225 2218 et
2241 2170 2341 2236 super
2355 2153 2418 2236 ipsa

579 2315 674 2378 terra
699 2307 938 2394 perrexissent
961 2309 995 2373 et
1019 2304 1255 2390 probidisseut
1278 2307 1312 2372 et
1336 2323 1399 2388 per
1424 2305 1579 2373 ordinem
1604 2306 1833 2386 estimassent,
1853 2309 1887 2372 11
1909 2307 2022 2391 magis
2045 2306 2227 2391 magisque
2250 2305 2419 2372 inbenisset

477 2437 482 2440 ’
579 2465 798 2533 melioratum
817 2460 891 2546 ipso
909 2461 1106 2543 argentum,
1127 2478 1228 2542 quam
1246 2458 1442 2542 supradicta
1459 2461 1553 2524 terra
1575 2463 1654 2528 exet
1671 2460 1865 2544 abpretiata
1881 2463 1915 2528 et
1929 2460 2088 2545 baliente3
2106 2463 2140 2524 et
2156 2461 2235 2542 post
2251 2477 2290 2525 oc
2307 2459 2418 2524 iactum

580 2619 654 2703 ipse
670 2614 889 2700 supradictus
905 2611 1088 2678 radoaldus
1104 2614 1207 2679 abbas
1222 2615 1299 2678 ante
1318 2611 1430 2696 ipsum
1448 2612 1593 2680 iudicem
1610 2615 1645 2679 11
1662 2612 1727 2696 ipsi
1752 2611 1885 2679 idoneis
1902 2611 2093 2680 hominibus
2110 2629 2172 2694 per
2190 2613 2280 2679 bona
2301 2612 2419 2676 combe-

570 2769 713 2856 nientia
729 2765 928 2834 tradidisset
943 2764 1143 2849 supradicto
1160 2764 1311 2830 iriderisi
1329 2767 1401 2831 tota
1419 2764 1616 2848 supradicta
1632 2767 1725 2831 terra
1744 2767 1854 2832 bacua
1867 2764 2022 2849 predicto
2035 2763 2246 2830 monasterio
2260 2763 2418 2846 pertinen-

579 2927 630 2990 tes
647 2922 689 2989 de
707 2923 798 2987 intus
816 2921 891 3003 ipso
908 2937 1007 2985 muro
1023 2923 1057 2985 et
1074 2917 1244 2985 muricino
1260 2936 1323 3003 per
1339 2919 1419 2985 finis
1434 2921 1471 2986 et
1487 2921 1672 2986 mensurie:
1693 2922 1736 2985 ab
1753 2921 1886 2986 oriente
1907 2918 1975 2984 line
1993 2917 2162 3001 guaimari
2176 2916 2322 2995 comitis,
2337 2917 2419 2983 inde-

577 3095 644 3160 que
660 3074 762 3160 pedes
778 3074 926 3157 triginta
941 3093 1013 3140 sex:
1028 3070 1206 3137 ameridie
1222 3073 1291 3138 flue
1306 3089 1406 3136 muro
1423 3073 1500 3139 uius
1517 3073 1663 3151 cibitati,
1679 3073 1827 3156 indeque
1840 3071 1940 3156 perles
1956 3068 2160 3153 nonaginta:
2176 3071 2222 3136 ab
2238 3067 2416 3144 occidentis,

576 3226 664 3293 sicut
687 3223 864 3293 descendit
879 3223 1054 3290 labinario
1070 3224 1128 3308 qui
1145 3223 1239 3289 exiet
1255 3241 1317 3306 per
1333 3222 1510 3289 delusorie
1527 3223 1568 3289 de
1586 3225 1660 3307 ipso
1685 3241 1795 3300 1111110,
1816 3222 1960 3307 indeque
1984 3223 2086 3305 pedes
2109 3222 2259 3306 triginta
2282 3242 2361 3291 sex:
2383 3222 2418 3287 de

578 3396 682 3462 super
699 3377 1027 3462 aseptemtrioualis
1044 3378 1113 3444 tine
1130 3378 1188 3443 bia
1203 3379 1236 3446 et
1253 3377 1332 3444 inde
1347 3376 1451 3461 pedes
1467 3379 1674 3461 nonaginta,
1691 3381 1797 3444 totum
1815 3378 1858 3444 ad
1876 3380 1968 3446 iusta
1985 3395 2124 3442 manum
2142 3377 2277 3442 homini
2299 3393 2416 3441 mensu·

583 3537 712 3594 ratum.
731 3527 930 3612 supradicta
944 3531 1037 3596 terra
1053 3545 1116 3612 per
1132 3528 1330 3612 supradicto
1348 3528 1428 3594 finis
1445 3531 1477 3596 et
1494 3530 1668 3596 mensurio
1684 3548 1760 3596 cum
1786 3530 1902 3596 omnia
1924 3531 2017 3595 intro
2042 3549 2078 3595 se
2102 3525 2284 3596 abentibus
2306 3531 2337 3592 et
2356 3527 2416 3591 suis

578 3679 798 3764 pertinentiis
813 3684 848 3747 et
864 3699 941 3745 cum
962 3681 1035 3746 bice
1054 3679 1097 3746 de
1112 3680 1189 3762 ipsa
1203 3677 1261 3745 bia
1277 3680 1431 3763 predicto
1448 3679 1598 3746 sridcrisi
1617 3699 1679 3764 per
1696 3681 1786 3746 bona
1801 3659 2055 3748 combenientia
2072 3679 2270 3749 tradidisset
2282 3680 2323 3747 ad
2337 3697 2418 3746 secu·

488 3916 495 3924 .
580 3830 668 3896 11111
684 3831 881 3896 etfirmiter
899 3832 969 3906 ille,
985 3835 1018 3896 et
1030 3831 1085 3898 cui
1101 3849 1161 3915 per
1178 3849 1256 3896 eum
1273 3828 1390 3896 datum
1409 3831 1577 3914 paruerit,
1592 3831 1709 3898 eteius
1725 3831 1880 3907 beredeS,
1895 3834 1930 3896 et
1942 3830 1998 3895 cui
2010 3833 2064 3897 vel
2081 3831 2136 3897 ubi
2154 3850 2219 3916 per
2237 3833 2304 3900 illis
2317 3831 2418 3897 datum

577 3986 746 4066 paruerit,
767 4001 825 4050 eos
843 3983 1023 4062 abondum,
1042 3983 1296 4068 possidendum,
1315 3984 1574 4062 dominandum,
1594 3986 1710 4051 emnia
1725 3985 1852 4052 exinde
1867 3985 2062 4053 iaciendum
2078 3985 2167 4072 quod
2185 3984 2354 4053 voluerint
2365 4005 2373 4069 3
2390 3984 2416 4048 et

579 4152 644 4218 pro
660 4133 935 4201 confirmandam
960 4137 1038 4219 ipsa
1061 4136 1322 4214 tradictione,a
1345 4137 1517 4219 presentis
1540 4138 1726 4221 recepisset
1749 4137 1795 4204 da
1819 4139 1929 4222 ipsum
1956 4135 2105 4202 friderisi
2131 4137 2207 4222 ipse
2235 4134 2414 4220 quindecim

578 4285 665 4350 libre
682 4285 834 4370 argenti,
854 4283 944 4351 sicut
966 4286 1057 4352 inter
1074 4286 1143 4352 illis
1159 4286 1343 4364 combenit,
1359 4287 1394 4352 et
1409 4303 1470 4370 per
1494 4301 1582 4352 vona
1605 4285 1856 4360 combenientia
1880 4284 2065 4370 obligasset
2087 4305 2124 4354 se
2146 4290 2223 4370 ipse
2248 4284 2414 4352 radoaldus

585 4436 689 4500 abbas
706 4438 739 4500 et
755 4421 1096 4503 suis'successoribus
1112 4453 1246 4520 semper
1271 4434 1389 4502 inclita
1409 4434 1608 4518 supradicta
1631 4454 1694 4502 sua
1717 4435 1923 4505 tradictione
1946 4436 2178 4503 antistandum
2204 4442 2239 4504 et
2260 4437 2419 4504 defensan-

579 4587 661 4652 dum
678 4588 830 4666 illorum,
845 4591 880 4664 et
892 4587 947 4655 cui
962 4590 1017 4656 111
1029 4589 1085 4655 tibi
1102 4607 1165 4672 per
1181 4589 1231 4656 eis
1248 4588 1331 4655 data
1346 4589 1511 4671 paruerit,
1527 4565 1694 4692 dalomnis
1706 4589 1863 4655 homines
1879 4585 2039 4673 omnique
2052 4589 2220 4672 partibus
2232 4593 2266 4656 et
2277 4591 2305 4654 si
2316 4587 2417 4654 taliter

576 4743 657 4808 111111
673 4741 717 4819 11,
733 4745 766 4809 11
778 4742 831 4808 cui
849 4761 911 4826 per
927 4761 1004 4809 eum
1021 4743 1140 4810 datum
1154 4743 1322 4827 paruerit,
1338 4745 1372 4808 et
1388 4741 1432 4808 ad
1449 4742 1523 4808 eius
1540 4743 1696 4821 heredes,
1710 4746 1744 4810 et
1759 4744 1812 4809 cui
1829 4746 1882 4811 vel
1896 4744 1952 4810 ubi
1965 4762 2028 4828 per
2044 4744 2113 4811 illis
2129 4743 2249 4810 clatum
2262 4741 2412 4828 paruerit,

583 4908 652 4958 uon
669 4891 901 4984 defensaberit
916 4893 959 4958 da
975 4893 1133 4961 omnibus
1148 4895 1345 4960 hominibus
1362 4895 1522 4979 omnique
1547 4896 1704 4978 partibus
1727 4896 1846 4962 inclita
1870 4894 2069 4979 supradicta
2091 4913 2153 4961 sua
2176 4894 2412 4966 tradictionem,

579 5046 640 5110 aut
657 5044 686 5110 si
703 5045 762 5111 ille
778 5045 832 5111 101
848 5043 919 5110 suis
935 5044 1188 5112 successoribus
1204 5050 1262 5112 aut
1278 5066 1361 5130 pars
1378 5047 1524 5131 predicti
1542 5048 1745 5115 monasterii
1761 5067 1823 5133 per
1838 5049 2086 5132 qualecumque
2111 5047 2248 5113 ratione
2271 5042 2416 5131 quesierit

579 5196 657 5264 illut
674 5199 724 5264 vel
746 5196 871 5266 exinde
894 5199 1019 5267 tollere
1042 5201 1104 5265 aut
1126 5202 1289 5268 contrare
1313 5221 1371 5269 seu
1394 5205 1584 5280 remobere,
1603 5205 1638 5268 et
1660 5201 1898 5286 quodcumque
1921 5201 2136 5268 causationes
2159 5201 2286 5269 exinde
2307 5212 2414 5284 prepe

577 5348 697 5426 suerit,
717 5367 780 5434 per
798 5350 888 5416 bona
904 5347 1156 5418 combenientia
1173 5368 1380 5435 componere
1398 5353 1585 5437 obligasset
1601 5371 1638 5420 se
1654 5353 1728 5436 ipse
1750 5352 1933 5420 radoaldus
1948 5354 2052 5419 abbas
2074 5356 2109 5418 et
2131 5351 2203 5421 suis
2226 5347 2413 5420 successori-

578 5503 641 5567 bus
657 5503 692 5568 11
709 5519 792 5584 pars
807 5501 951 5586 predicti
970 5503 1171 5571 monasterii
1186 5502 1326 5570 illorum
1343 5506 1395 5571 vel
1413 5504 1455 5569 ad
1475 5505 1612 5571 illorum
1634 5505 1831 5583 heredibus,
1850 5505 1910 5571 aut
1926 5505 1978 5571 cui
1994 5507 2049 5572 vel
2072 5506 2131 5573 ubi
2155 5525 2219 5592 per
2241 5507 2289 5573 eis
2310 5503 2412 5570 datum

577 5649 750 5737 paruerit,
768 5639 941 5721 sescentos
956 5657 1031 5720 auri
1049 5656 1174 5724 solidos
1190 5658 1415 5743 costantin0s3
1432 5659 1468 5724 11
1482 5655 1511 5724 si
1528 5655 1597 5726 illis
1613 5661 1667 5724 111
1685 5643 1822 5724 illorum
1838 5656 2034 5734 heredibus
2053 5657 2114 5723 ant
2131 5655 2186 5724 cui
2209 5659 2264 5724 vel
2286 5654 2340 5720 ubi
2361 5667 2413 5734 per

581 5802 631 5872 eis
643 5803 762 5872 datum
778 5805 947 5888 paruerit,
963 5808 1110 5874 voluerit
1126 5827 1185 5891 per
1202 5828 1238 5877 se
1254 5807 1339 5893 ipsis
1355 5811 1444 5876 esset
1459 5812 1617 5875 auctores
1632 5809 1674 5874 de
1690 5808 1890 5893 supradicta
1901 5805 2121 5884 tradictione,
2137 5808 2333 5890 potestatem
2344 5801 2412 5866 abe
