5378 7098
1008 637 1379 710 blPLOllu'lloUS
1728 703 1730 710 .
2032 657 2070 717 *17

257 890 317 954 ille
331 888 445 953 autem
463 893 497 952 et
513 883 583 951 suis
600 882 784 952 heredibus
799 883 925 950 abeant
949 885 1021 948 tota
1044 881 1120 965 ipsa
1143 879 1238 946 terra
1262 881 1443 964 pastenata
1458 883 1493 948 et
1508 882 1617 948 laotos
1634 885 1668 950 et
1685 886 1843 967 operatos
1866 885 2054 962 arbustum,
2074 887 2120 953 si-

258 1043 316 1104 cut
331 1040 423 1105 locus
439 1037 513 1122 ipse
528 1037 698 1104 meruerit
712 1037 751 1102 ut
765 1039 850 1104 bene
866 1033 995 1120 paread
1013 1033 1134 1112 iactos,
1153 1037 1189 1101 et
1212 1035 1385 1118 operatos,
1404 1035 1439 1099 et
1462 1033 1647 1111 lavoratos,
1666 1038 1701 1103 et
1728 1036 1876 1121 plicaret
1902 1055 1940 1106 se
1966 1041 2019 1107 vel
2046 1039 2118 1106 suis

258 1189 442 1259 heredibus
458 1193 492 1256 et
506 1207 569 1258 nos
585 1191 640 1257 vel
656 1206 871 1258 successores
887 1192 1036 1268 nostros,
1056 1189 1091 1254 et
1107 1189 1179 1256 tota
1194 1187 1269 1272 ipsa
1286 1191 1383 1254 terra
1399 1205 1462 1272 per
1480 1187 1551 1272 ipse
1574 1187 1653 1256 finis
1680 1206 1743 1273 per
1765 1189 1915 1258 medium
1937 1189 2092 1258 dibidere
2108 1210 2116 1256 :

260 1361 342 1426 pars
367 1342 476 1422 ipsius
500 1343 644 1413 ecclesie
666 1343 765 1428 prius
787 1341 892 1410 tollad
918 1359 976 1408 eos
999 1339 1243 1418 medietatem,
1270 1345 1303 1406 et
1326 1341 1403 1425 ipsa
1426 1339 1496 1407 alia
1530 1339 1745 1408 medietatem
1780 1341 1959 1409 tradamus
1982 1343 2119 1410 illorum

259 1514 322 1580 per
337 1497 445 1563 talem
461 1494 694 1573 securitatem,
713 1495 802 1561 sicut
819 1493 957 1562 brebem
973 1493 1048 1561 eius
1065 1491 1230 1559 continet.
1248 1490 1385 1576 quodsi
1401 1491 1535 1576 aliquit,
1551 1491 1594 1558 de
1609 1491 1777 1577 quomodo
1794 1493 1952 1578 superius
1975 1494 2117 1596 legitur,

260 1647 426 1731 quesierit
440 1664 617 1716 remouere
628 1648 688 1714 aut
703 1649 866 1714 contrare
881 1647 915 1714 et
930 1647 1015 1713 talia
1028 1662 1098 1712 non
1113 1644 1390 1730 adimpleverint,
1408 1662 1616 1731 componere
1632 1645 1803 1731 obligauit
1817 1663 1854 1714 se
1869 1646 2006 1732 suisque
2022 1649 2120 1714 bere·
2135 1659 2138 1664 ·

259 1794 360 1863 dibus
383 1795 479 1866 nobis
502 1796 696 1882 nostrisque
722 1796 976 1864 successoribus
999 1797 1033 1862 et
1057 1795 1105 1862 im
1122 1812 1205 1879 pars
1220 1794 1331 1879 ipsius
1355 1795 1498 1862 ecclesie
1525 1795 1673 1880 triginta
1699 1797 1776 1862 auri
1803 1796 1931 1864 solidos
1958 1797 2123 1865 costanti-

261 1965 338 2027 nos,
358 1951 393 2016 et
408 1949 570 2033 apposuit
584 1951 620 2015 et
642 1949 809 2032 obligauit
824 1949 924 2016 nobis
946 1947 987 2014 ad
1005 1946 1262 2033 pignerandum
1280 1965 1399 2014 omnes
1416 1948 1565 2032 pignera
1589 1967 1652 2016 sua
1676 1949 1832 2032 legitima
1856 1951 1890 2016 et
1912 1948 2121 2033 inlegitima.

260 2104 294 2167 et
310 2117 379 2185 ego
395 2103 514 2185 petrus
528 2101 683 2168 notarius
699 2099 841 2166 interlui
858 2105 892 2166 ot
909 2102 1001 2166 hunc
1018 2099 1156 2166 brebem
1171 2099 1307 2182 scripsi.

319 2223 351 2336 †
366 2267 432 2336 ego
447 2251 634 2319 audoaldus

319 2374 350 2486 †
366 2419 433 2485 ego
448 2402 595 2468 alfanus.

323 2555 365 2617 lu
380 2553 475 2620 cclcc
489 2552 639 2618 ciusdem
656 2554 802 2621 obortae
816 2553 1056 2620 describuntur·
1070 2551 1152 2633 fiaes
1170 2574 1192 2622 c
1212 2551 1401 2620 blotande:
1418 2553 1460 2620 de
1477 2571 1545 2619 uuna
1561 2560 1659 2636 parte
1683 2553 1758 2628 fine.
1775 2553 1829 2618 uia
1851 2571 1917 2638 que
1941 2553 2036 2620 vadit
2062 2571 2125 2638 per

261 2705 385 2788 pedem
413 2705 456 2772 de
484 2709 601 2796 monte
626 2707 743 2783 nostre
772 2705 953 2784 hecclesie,
973 2705 1053 2773 inde
1077 2711 1158 2774 sunt
1180 2705 1274 2790 passi
1298 2709 1398 2774 XXX
1422 2709 1519 2773 Vllll
1543 2709 1577 2772 et
1600 2705 1769 2792 medium3
1789 2704 1860 2773 alia
1883 2705 2022 2790 quidem
2046 2723 2126 2790 par-

263 2861 295 2924 te
310 2858 381 2926 line
395 2863 516 2926 nostre
532 2860 711 2936 hecclesie,
731 2859 819 2927 sicut
841 2860 951 2928 limite
974 2863 1008 2927 et
1030 2859 1144 2928 media
1159 2877 1241 2944 sepe
1263 2859 1459 2938 disscernit‚
1479 2857 1559 2925 inde
1584 2857 1679 2942 passi
1695 2861 1820 2926 LXXll
1844 2862 1880 2924 et
1895 2856 2060 2945 medium3
2077 2857 2120 2924 de

260 3012 332 3079 alia
356 3015 454 3097 parte
477 3012 546 3079 dne
569 3013 628 3079 bia
651 3013 817 3097 publica,
843 3013 923 3082 inde
946 3015 1027 3081 sunt
1049 3015 1144 3099 passi
1178 3017 1346 3099 LXXXl;
1369 3012 1439 3080 alia
1470 3011 1607 3097 quidem
1640 3015 1739 3096 parte
1769 3011 1838 3078 fine
1868 3013 1968 3078 rebus
1992 3011 2122 3078 heccle-

262 3167 314 3232 sie
338 3169 456 3234 sancte
472 3165 591 3243 marie,
611 3163 699 3232 sicut
724 3164 835 3231 limite
858 3167 892 3231 et
915 3166 1045 3232 termiti
1061 3163 1290 3240 disscernunt,
1307 3164 1386 3232 inde
1410 3167 1487 3231 sunt
1509 3164 1602 3248 passi
1625 3168 1665 3230 L.

1059 3749 1320 3829 CCXXV.

1049 4027 1103 4103 A.
1141 4027 1192 4104 D.
1229 4019 1333 4104 964.

325 4319 414 4451 †ln
430 4366 568 4434 nomine
583 4355 715 4434 domini
732 4383 823 4432 anno
840 4363 1015 4432 tricesimo
1031 4365 1144 4450 primo
1159 4363 1378 4449 principatus
1394 4363 1511 4432 domni
1527 4365 1636 4431 nostri
1654 4366 1769 4449 gisolfi
1785 4369 1928 4452 gloriosi
1945 4371 2125 4456 principis,

268 4535 386 4586 mense
403 4519 583 4586 ianuarius
595 4518 742 4603 septima
758 4517 959 4585 indictione.
979 4516 1136 4602 Ideoque
1151 4535 1214 4584 nos
1231 4517 1398 4584 iohannes
1413 4517 1581 4600 magister
1596 4517 1689 4584 filius
1705 4519 1878 4603 quondam
1894 4522 1978 4601 ursi,
1994 4524 2052 4606 qui
2066 4524 2130 4590 suit

268 4674 501 4750 tramontanq
518 4675 552 4741 et
566 4671 691 4760 mulier
705 4673 846 4740 nomine
862 4673 976 4740 maria
991 4672 1050 4756 qui
1066 4690 1186 4740 sumus
1208 4671 1414 4754 coniugales
1430 4670 1483 4737 vir
1499 4673 1533 4738 et
1549 4687 1650 4750 uxor,
1671 4672 1857 4757 inspirabit
1871 4677 1969 4743 nobis
1983 4676 2039 4744 dei
2057 4695 2128 4743 om-

268 4823 458 4908 nipotentis
474 4822 723 4902 misericordia,
742 4825 780 4889 ut
796 4839 860 4907 pro
877 4824 995 4890 nostre
1011 4821 1134 4889 salutis
1151 4821 1293 4888 hanimo
1308 4820 1554 4887 libertaremus
1569 4838 1675 4887 unum
1691 4823 1828 4889 serbum
1846 4827 2001 4891 nostrum
2019 4831 2129 4892 nomi·

268 4995 312 5044 ne
333 4977 503 5045 iohannes
526 4977 584 5062 qui
609 4977 740 5044 suiten
766 4993 893 5061 genere
916 4977 1141 5061 francorum3
1167 4977 1201 5042 et
1228 4973 1302 5042 ideo
1326 4992 1393 5058 ego
1417 4974 1596 5041 nominata
1618 4973 1741 5041 mulier·
1765 4993 1827 5058 per
1865 4991 2069 5042 consensum
2094 4981 2129 5044 et

269 5131 456 5197 volumtate
479 5128 587 5214 ipsius
609 5129 676 5195 viri
701 5129 781 5206 mei,
808 5128 846 5196 in
869 5128 966 5195 cuius
989 5126 1170 5194 mundium
1197 5145 1252 5194 me
1275 5127 1453 5195 subiacere
1477 5127 1696 5210 palamfacio‚
1722 5131 1756 5195 et
1779 5126 1856 5194 ideo
1878 5144 1939 5194 nos
1963 5131 2130 5212 amboque

271 5281 325 5345 uir
348 5283 382 5347 et
405 5297 496 5346 uxor
518 5297 582 5364 pro
605 5279 703 5346 cristi
726 5281 761 5344 et
784 5253 946 5345 salbatori
971 5279 1090 5344 nostro
1113 5276 1387 5344 misericordiam
1405 5293 1504 5361 quam
1529 5279 1564 5342 et
1586 5294 1651 5360 pro
1666 5275 1854 5344 remedium
1871 5277 1993 5344 salutis
2015 5279 2132 5346 anime

272 5435 389 5501 nostre
412 5451 476 5518 per
500 5451 567 5499 ano
589 5433 760 5499 cartulam
784 5435 819 5498 te
843 5431 1041 5498 nominatus
1063 5432 1231 5499 iohannes
1253 5433 1324 5496 tota
1348 5432 1406 5496 tua
1430 5447 1578 5514 persona
1601 5430 1710 5498 libera
1733 5432 1890 5499 absoluta
1913 5433 2131 5500 costiluimus

273 5585 361 5654 inter
384 5601 505 5652 omnes
528 5569 629 5652 liberi
653 5584 838 5663 ominibus,
863 5585 924 5650 tali
948 5585 1073 5666 tinore,
1097 5588 1134 5650 ut
1157 5585 1281 5651 amodo
1305 5587 1340 5651 et
1362 5584 1486 5650 cumtis
1508 5583 1627 5651 diebus
1643 5583 1713 5651 bite
1727 5585 1844 5651 nostre
1866 5587 1925 5668 qui
1941 5603 2049 5668 supra
2065 5587 2134 5651 uiri

272 5739 305 5802 ot
325 5737 428 5804 uxori
452 5738 488 5805 in
511 5737 670 5804 omnibus
693 5737 792 5804 nobis
815 5736 1031 5815 deserbiatis,
1058 5738 1117 5803 ubi
1140 5741 1200 5804 aaut
1215 5739 1365 5822 qualiter
1382 5736 1480 5802 nobis
1497 5737 1677 5819 placuerit.
1697 5740 1773 5821 post
1790 5754 1872 5803 vero
1888 5739 2045 5804 nostrum
2072 5741 2132 5803 bo-

276 5885 378 5953 bilum
403 5889 448 5954 ab
472 5889 530 5954 illo
552 5888 607 5957 die
631 5889 887 5956 innominatus
911 5892 1078 5960 iohannes
1101 5891 1247 5957 liborum
1274 5893 1308 5956 et
1331 5888 1522 5954 absolutum
1547 5889 1717 5954 maneatis
1744 5905 1821 5952 cuum
1846 5889 1956 5972 omnis
1979 5891 2129 5953 restrum

406 6004 462 6046 l'on.
480 6001 511 6045 ll.
862 5997 865 6004 ’
1978 5997 1991 6010 ”
