5210 7098
867 612 1302 686 Ellllolocllltull
1333 613 1422 686 ΗΒ.

596 859 647 944 Ε.
697 860 757 946 Μ.
1367 937 1372 948 ,
1550 854 1596 940 C.
1645 855 1693 939 C.

573 1103 665 1187 cop.
689 1104 785 1170 XXI.

264 1282 312 1346 De
337 1297 404 1365 quo
428 1281 621 1348 Pacuvius:
647 1281 825 1347 Flammeo
851 1293 979 1363 vapore
1002 1278 1140 1344 torrens
1164 1279 1207 1347 de
1222 1299 1289 1366 quo
1301 1279 1470 1348 Paoubius
1486 1280 1644 1358 flammeo
1657 1299 1796 1368 vapore.
1813 1285 1846 1351 te
1857 1284 1993 1353 torrens
2005 1280 2084 1369 (sic)

221 1421 336 1486 terrae
361 1417 484 1485 foetum
509 1419 691 1486 exusserit.
717 1417 750 1483 2.
1163 1423 1284 1488 torret.

267 1656 390 1722 Araris
413 1653 537 1722 fluvius
561 1653 767 1722 Germaniae
788 1651 831 1720 de
854 1668 922 1738 quo
938 1649 1139 1736 Virgilius:
1210 1644 1345 1713 Ararim
1387 1646 1512 1715 fluvius
1542 1647 1693 1716 Orientis
1723 1647 1766 1715 de
1794 1665 1862 1734 quo
1884 1601 1995 1732 Ver}
2023 1649 2086 1715 aut

222 1803 282 1866 aut
312 1799 443 1866 ararim
476 1778 617 1868 Partus
634 1800 749 1877 bibet,
780 1803 841 1866 aut
872 1797 1061 1866 Germania
1088 1796 1143 1865 Ti·
1167 1782 1330 1851 &salitus-
1356 1786 1457 1869 laria
1480 1784 1579 1851 bibit·
1599 1785 1715 1852 Currit
1737 1757 1832 1852 essim!
1847 1801 1910 1870 l]er
1926 1783 2081 1870 Parthia·

228 1937 334 2021 grim.
363 1939 416 2006 16.
1167 1919 1296 1987 adasia.

561 2156 688 2228 LIBER
717 2155 801 2226 XlV.

473 2332 518 2394 lla
540 2331 642 2394 Terra
668 2335 704 2394 et
726 2331 891 2395 Partibus.

422 2611 427 2615 .
546 2525 549 2531 '
600 2546 686 2631 cap.
716 2551 787 2616 111.

273 2743 504 2828 Commagena
527 2743 639 2827 prima
654 2741 840 2809 Provincia
863 2741 984 2824 Syriae
999 2744 1033 2810 et
1049 2757 1149 2808 voca·
1214 2738 1411 2822 Comagena
1427 2739 1543 2825 prima
1555 2738 1762 2826 provincias.
1775 2739 1875 2824 Syrie
1889 2757 1911 2806 a
1923 2740 2089 2807 vocabulo

232 2879 309 2944 bulo
326 2879 576 2962 commagenae
590 2879 693 2946 Urbis
709 2879 917 2962 nuncupata,
936 2893 1027 2962 quae
1042 2893 1149 2962 quon·
1169 2891 1315 2961 comaga
1331 2879 1427 2946 urbis
1444 2882 1644 2965 nuncupata
1660 2898 1726 2964 que
1742 2881 1916 2965 quondam
1930 2933 2040 2946 .....

228 3015 308 3084 dam
328 3069 335 3084 .
353 3069 359 3082 .
380 3068 385 3082 .
405 3071 411 3084 .
430 3020 482 3086 13.

602 3235 687 3318 Cup.
717 3237 779 3301 IV.

279 3477 285 3490 .
305 3476 311 3490 .
331 3429 448 3493 terra
463 3426 559 3495 dives
575 3429 742 3506 virorum,
761 3444 802 3494 ac
825 3427 964 3514 populis
985 3445 1146 3495 numero
1214 3417 1310 3486 Unde
1325 3421 1360 3486 et
1375 3423 1520 3505 propter
1536 3419 1746 3490 fecunditate
1762 3419 2017 3507 gignendorum
2029 3439 2090 3506 po-

230 3566 297 3642 sia,
323 3568 359 3630 et
386 3563 594 3632 immanibus
620 3565 794 3651 frequens.
821 3565 916 3636 Unde
941 3569 976 3635 et
1002 3569 1156 3755 propter¹
1170 3562 1344 3647 pulcrum.
1364 3564 1550 3648 germania
1572 3563 1664 3632 dicia
1692 3568 1754 3635 est.
1780 3563 1875 3635 dives
1897 3564 2025 3633 virium
2049 3583 2089 3632 ae

231 3705 499 3774 foecunditatem
531 3707 790 3792 gignendorum
820 3713 1043 3796 populorum,
1064 3711 1147 3778 Ger·
1171 3708 1376 3792 populorum
1392 3709 1585 3778 numerosis
1599 3715 1634 3778 et
1649 3709 1870 3778 immanibus.

231 3845 349 3911 mania
365 3843 459 3916 dicta
475 3848 537 3913 est.
553 3848 586 3912 2.

280 4119 286 4130 .
308 4119 313 4130 .
334 4119 340 4132 .
361 4120 367 4131 .
388 4069 432 4133 ab
456 4085 578 4134 occasu
604 4069 706 4136 lstria
730 4047 949 4140 terminatur.
976 4072 1008 4137 6.
1219 4069 1357 4136 ...ab
1373 4083 1492 4137 occasu
1509 4069 1649 4139 dustria
1664 4068 1883 4137 terminatur.

1156 4174 1159 4331 l

228 4335 229 4338 π
277 4303 457 4380 Pannonia
475 4353 613 4380 ......
629 4305 729 4389 regio
756 4305 830 4371 viro
861 4305 985 4384 sortis,
1014 4310 1049 4374 et
1079 4310 1153 4376 solo

231 4443 340 4509 beata.
371 4443 423 4506 17.

1219 4309 1399 4376 Pannonia
1404 4359 1472 4375 .....
1493 4307 1592 4392 regio
1609 4306 1736 4374 virium
1753 4305 1853 4373 sortis
1869 4309 1902 4374 et
1919 4305 2086 4373 solo'leta.

278 4658 454 4742 Apulia..
474 4647 481 4722 ζ
502 4709 508 4721 .
528 4657 790 4728 ,condiderunt
808 4663 861 4728 12.
1218 4668 1346 4752 Apulia
1370 4663 1407 4754 ⁴).

278 4875 486 4958 Campania.
506 4925 512 4940 .
532 4923 538 4937 .
557 4925 564 4940 .
580 4875 614 4941 et
631 4873 787 4944 blandus.
808 4877 860 4944 13.
1218 4888 1409 4973 campania
1427 4887 1464 4974 ²).

283 5098 462 5184 Tripolim,
482 5100 648 5169 Bizatium
667 5152 856 5168 ........
872 5103 905 5169 2.
1221 5106 1389 5190 Tripolim
1416 5105 1597 5173 bezazium.

278 5315 361 5397 Otia,
373 5318 548 5399 Sabratae,
560 5323 680 5406 Leptis
692 5339 852 5407 magnae:
867 5323 953 5390 haec
966 5323 1158 5398 nabet...5„
1220 5324 1305 5392 Oesa
1321 5324 1430 5392 brete.
1450 5324 1569 5408 Leptis
1585 5324 1649 5389 hee
1665 5323 1768 5390 habet
1784 5372 1893 5387 .....

288 5579 293 5582 -
313 5578 637 5586 --—-—--—-——---.....

295 5738 318 5810 ⁴)
339 5737 423 5796 Tutia
444 5738 471 5794 le
494 5736 593 5810 parole
614 5737 748 5808 seguenti
770 5751 828 5791 non
851 5736 874 5790 si
897 5737 1022 5808 leggono
1043 5735 1094 5810 nel
1114 5732 1218 5792 Codice
1241 5734 1382 5791 Covense.

293 5863 316 5924 ²)
338 5862 471 5937 Neppure'
493 5861 587 5936 quisi
610 5863 735 5936 leggono
756 5863 804 5919 nel
826 5861 930 5919 Codice
952 5863 979 5920 le
1001 5861 1100 5934 parole
1122 5865 1255 5936 seguentt
1277 5861 1333 5918 nlla
1357 5875 1426 5917 voco
1450 5860 1618 5934 Corripuaiu.

448 5979 509 6025 Tou.
532 5979 563 6024 ll.
1241 5982 1243 5986 '
