5286 7098
603 605 643 664 68
1268 581 1429 650 toullx
1470 583 1702 656 cavlJNSls

553 831 755 918 supradicta
777 849 838 898 sua
860 827 1066 896 tradictione
1091 829 1224 892 etcum
1248 824 1323 889 vice
1345 823 1394 922 de
1412 825 1467 892 bie
1492 841 1550 890 sue
1573 829 1608 892 et
1631 827 1706 892 vice
1728 827 1771 894 dc
1796 829 1955 912 puteum,
1982 831 2069 915 quod
2094 833 2166 915 ipsc
2190 835 2308 916 petrus
2332 855 2406 920 pro-

557 988 686 1072 pinquo
711 985 788 1068 ipsa
809 983 957 1052 ecclesia
981 983 1092 1058 habet,
1119 983 1153 1047 et
1176 997 1253 1044 cum
1277 977 1351 1046 vice
1374 978 1417 1045 de
1441 979 1498 1044 bia
1521 979 1564 1045 ad
1590 981 1666 1064 ipso
1689 984 1829 1065 puteum
1854 984 1897 1047 ab
1912 984 2071 1050 omnibus
2088 984 2285 1053 hominibus
2303 991 2407 1055 omni-

556 1158 622 1224 que
646 1136 814 1222 partibus‚
841 1139 875 1202 et
899 1152 967 1202 non
993 1136 1072 1202 illut
1094 1133 1190 1200 nobis
1215 1135 1335 1202 tollere
1358 1135 1419 1200 aut
1442 1136 1614 1202 contrare.
1630 1134 1717 1220 quod
1745 1135 1775 1204 si
1798 1135 1927 1213 taliter,
1947 1141 1985 1203 ut
2008 1137 2166 1223 superius
2190 1142 2330 1224 legitur,
2348 1145 2407 1208 mi-

555 1291 613 1357 chi
637 1279 706 1357 non
731 1287 996 1373 adimpleherit,
1022 1289 1104 1353 tunc
1128 1303 1190 1370 per
1214 1285 1289 1369 ipsa
1313 1285 1440 1370 guadia
1463 1287 1656 1371 hobligabit
1678 1306 1716 1354 se
1739 1303 1886 1374 suosque
1910 1288 2053 1358 heredes
2077 1302 2284 1375 componere
2308 1293 2406 1360 michi

556 1439 809 1526 quinquaginta
834 1439 912 1506 auri
936 1437 1064 1505 solidos
1088 1438 1338 1505 constantinus.
1365 1440 1399 1506 et
1422 1441 1513 1507 hunc
1539 1437 1675 1508 brebem
1700 1440 1823 1508 scribsi
1847 1457 1914 1523 ego
1938 1443 2057 1523 petrus
2080 1405 2234 1508 notarius
2249 1419 2255 1430 ’
2270 1444 2327 1526 qui
2360 1445 2407 1509 in·

557 1593 674 1660 tersui.

617 1718 647 1827 †
668 1761 737 1828 ego
760 1743 819 1827 qui
844 1761 952 1826 supra
975 1744 1093 1828 petrus

619 1869 649 1980 †
671 1915 740 1981 ego
764 1895 949 1962 richardus
971 1897 1129 1964 notarius

620 2022 741 2135 †ego
764 2047 960 2116 romoaldus
984 2067 1038 2116 me
1063 2049 1248 2132 subscripsi

617 2173 647 2286 †
669 2221 735 2284 ego
759 2201 961 2284 guaiferius.

1360 2703 1641 2784 CCLXVI.

1361 2947 1415 3050 A.
1451 2948 1502 3026 o.
1539 2945 1644 3025 aaa.

626 3209 719 3343 †ln
744 3255 886 3322 nominc
909 3253 1040 3322 domini
1065 3255 1241 3322 tricesimo
1264 3271 1356 3321 nono
1380 3271 1471 3321 anno
1495 3254 1712 3338 principatus
1735 3253 1853 3320 domni
1876 3253 1985 3320 nostri
2010 3253 2125 3336 gisolfi
2154 3253 2297 3338 gloriosi
2330 3251 2419 3334 prin·

562 3406 663 3490 cipis,
690 3423 807 3472 menso
831 3404 979 3470 martius
1003 3401 1259 3487 quintadecima
1283 3402 1482 3470 indictione.
1510 3401 1586 3472 ideo
1609 3421 1676 3487 que
1699 3419 1762 3470 nos
1785 3402 1978 3487 guaiferius
2001 3405 2188 3471 monachus
2206 3403 2299 3469 filius
2320 3419 2419 3488 quon-

562 3553 642 3621 dam
668 3554 822 3621 arechisi
846 3557 881 3620 et
904 3552 1030 3621 mulier
1054 3555 1192 3622 nomine
1217 3553 1408 3638 alpherade
1431 3553 1625 3622 monachile
1645 3554 1801 3646 havitum
1818 3553 1951 3630 induta,
1971 3553 2093 3621 relicta
2108 3552 2281 3637 quondam
2297 3553 2420 3621 maioni

562 3704 634 3770 illio
658 3704 760 3772 istius
784 3703 938 3788 guaiferi
962 3707 998 3771 et
1021 3707 1143 3772 aloara
1165 3704 1237 3771 tilia
1253 3704 1401 3790 predicti
1425 3706 1555 3772 maioni
1579 3709 1614 3774 et
1637 3705 1735 3772 istius
1758 3703 1943 3790 alpherade
1966 3707 2001 3771 et
2016 3707 2133 3788 petrus
2149 3705 2322 3772 castaldus
2336 3706 2421 3771 filius

571 3854 767 3939 aghenardi
792 3855 905 3921 virum
931 3855 1033 3922 istius
1056 3857 1183 3928 aloare.
1210 3876 1273 3924 nos
1296 3875 1416 3926 omnes
1438 3855 1651 3926 unanimiter
1676 3858 1821 3942 parique
1845 3873 2047 3926 consensum
2072 3875 2136 3941 pro
2166 3875 2285 3924 amore
2315 3858 2420 3924 omni·

572 4008 702 4088 potenti
727 4005 801 4086 deo,
825 4024 928 4090 quarn
950 4009 985 4074 et
1008 4023 1071 4090 pro
1094 4008 1284 4075 remedium
1308 4008 1428 4076 salutis
1451 4009 1564 4074 anime
1587 4009 1704 4075 nostre
1728 4011 1763 4074 et
1786 4007 1933 4090 predicti
1956 4007 2086 4074 maioni
2103 4007 2260 4086 castaldi,
2280 4008 2340 4092 qui
2363 4007 2421 4074 luit

569 4157 663 4224 lilius
686 4158 720 4222 et
742 4155 797 4223 vir
820 4158 857 4223 et
878 4156 1020 4242 genitor
1043 4159 1180 4230 noster.
1206 4159 1380 4226 offerimus
1403 4157 1439 4224 in
1462 4159 1674 4226 monasterio
1698 4161 1816 4225 sancte
1839 4157 1948 4224 marie
1971 4159 2004 4223 et
2028 4158 2140 4223 sancti
2162 4155 2350 4240 mighaelis
2372 4174 2421 4222 ar-

566 4309 761 4393 changelis
789 4307 872 4375 hubi
896 4309 1103 4377 venerabilis
1127 4309 1297 4377 iohannes
1321 4312 1427 4377 abhas
1450 4312 1565 4395 preest
1589 4309 1675 4377 situs
1699 4309 1735 4376 in
1758 4310 1871 4376 locum
1890 4306 2042 4375 drdiaria
2064 4306 2261 4373 amalfitano
2283 4307 2416 4374 tinibus.

571 4462 674 4526 rebus
697 4462 831 4537 nostra,
858 4460 947 4544 quod
972 4461 1140 4529 habemus
1163 4462 1201 4528 in
1223 4463 1390 4547 pasciano
1412 4467 1447 4530 et
1472 4463 1508 4529 in
1533 4462 1705 4530 mitiliano
1728 4481 1790 4546 per
1813 4460 2065 4530 nominatibum
2090 4459 2128 4525 in
2150 4458 2316 4543 pasciano
2333 4457 2421 4542 pecie

572 4611 692 4679 nobem
718 4609 909 4678 castanieta
931 4615 967 4679 et
990 4612 1161 4678 bacibum.
1189 4613 1307 4698 prima
1330 4615 1441 4698 pecia,
1467 4614 1549 4680 hubi
1573 4612 1700 4680 dicitur
1725 4613 1768 4680 ad
1792 4614 1959 4697 planello,
1985 4612 2044 4696 qui
2068 4613 2121 4679 est
2143 4611 2372 4678 castanietum
2394 4611 2424 4674 ct

577 4761 767 4846 insitetum3
793 4760 863 4828 alia
884 4778 961 4827 cum
989 4765 1219 4832 castanietum
1242 4783 1328 4849 erga
1349 4766 1562 4842 atrianensi,
1589 4765 1649 4849 qui
1672 4763 1799 4830 dicitur
1822 4763 1984 4849 stagilla3
2010 4763 2080 4830 alia
2102 4781 2180 4829 cum
2204 4763 2426 4832 castanietum

576 4913 611 4977 et
634 4911 812 4978 insitetum
838 4912 957 4978 subtus
981 4915 1083 4981 rebus
1108 4912 1150 4980 de
1174 4914 1315 4984 heredes
1338 4915 1479 4984 iohanni
1502 4915 1633 5001 pelluli;
1659 4917 1785 5000 quarta
1808 4913 1904 5000 pecia
1926 4931 2001 4980 cum
2025 4914 2251 4982 castanietum
2281 4919 2316 4981 et
2339 4933 2426 4980 cam·

574 5078 683 5146 pense
706 5063 827 5128 subtus
851 5059 976 5143 porcili
999 5059 1178 5148 dominici3
1204 5063 1277 5130 alia
1299 5067 1398 5148 pecia
1421 5083 1488 5149 que
1510 5067 1563 5133 est
1585 5064 1748 5142 cesinale,
1774 5061 1863 5148 quod
1886 5081 1909 5129 a
1931 5064 2051 5132 nostra
2074 5064 2173 5148 parte
2200 5062 2242 5128 ad
2274 5065 2427 5129 lavoran·

577 5215 659 5282 dnm
684 5215 812 5281 retinet
835 5213 898 5282 filii
923 5214 1012 5299 petri
1037 5213 1081 5281 da
1103 5216 1281 5303 paradisu3
1306 5217 1378 5285 alia
1401 5235 1479 5284 cum
1502 5217 1730 5286 castanietum
1751 5235 1835 5302 erga
1859 5217 1961 5285 rebus
1982 5185 2238 5285 deatrianensi
2258 5215 2320 5305 qui
2346 5213 2425 5280 dici-

574 5365 631 5430 tur
654 5363 698 5430 ad
722 5355 876 5450 costola;
901 5363 970 5430 alio
992 5365 1222 5436 castanietum
1245 5369 1468 5435 coniunctum
1491 5384 1569 5434 cum
1595 5370 1696 5437 rebus
1724 5367 1767 5435 de
1795 5365 1859 5434 filii
1889 5366 2094 5452 potelchisi:
2120 5365 2190 5432 alia
2224 5364 2323 5448 pecia
2356 5381 2428 5429 cum

575 5513 801 5582 castanietum
825 5518 860 5582 et
887 5534 1033 5584 vacuum
1058 5537 1161 5603 super
1183 5523 1341 5588 sanctum
1364 5521 1586 5604 saltatorem
1610 5489 1682 5587 alio
1704 5519 1934 5588 castanietum
1957 5518 2046 5614 hubi⁸
2064 5517 2193 5584 dicitur
2209 5534 2288 5584 casa
2312 5516 2423 5583 ricini.

579 5663 666 5732 illud
689 5664 732 5732 de
757 5664 929 5733 mitiliano
952 5687 1021 5735 nno
1044 5688 1170 5757 campo
1194 5673 1276 5740 hubi
1299 5673 1427 5740 dicitur
1450 5671 1590 5750 biniola,
1615 5672 1741 5740 etalio
1764 5689 1888 5756 campu
1912 5669 1995 5737 hubi
2019 5669 2146 5736 dicitur
2163 5669 2245 5735 sano
2261 5668 2427 5736 castanie

581 5819 653 5880 tum
676 5817 710 5884 et
735 5813 913 5884 insitetum
937 5823 972 5886 et
995 5823 1153 5910 bacuum3
1178 5827 1247 5893 alio
1269 5827 1500 5896 castanietum
1522 5827 1557 5894 et
1578 5825 1727 5894 cesinale
1752 5824 1810 5891 uhi
1837 5823 1963 5889 dicitur
1986 5820 2028 5888 ad
2052 5823 2203 5906 acquole;
2230 5821 2299 5888 alio
2322 5823 2427 5886 casta-
