5286 7098
957 619 1325 694 blutonlrtttts
1976 652 2018 712 39

210 856 315 938 plere,
341 857 430 920 sicut
452 856 620 941 scriptum
642 857 821 938 continet,
847 862 935 945 quod
960 881 1053 932 nuno
1078 865 1150 948 ipse
1173 867 1310 950 sergius
1333 868 1377 935 ad
1402 887 1482 954 pars
1504 874 1614 939 nostri
1639 874 1806 961 episcopii
1834 877 1960 947 exinde
1982 881 2069 948 emi-

209 1001 264 1068 sit.
291 1003 400 1082 Quam
425 1007 459 1072 te
482 1007 600 1088 petrus
622 1001 780 1075 notarius
802 1008 954 1077 scribere
978 1012 1189 1095 rogabimus,
1216 1017 1355 1082 hactum
1379 1020 1527 1088 salerno.

182 1107 184 1114 Ι
267 1125 378 1238 †ego
395 1155 455 1239 qui
471 1173 578 1239 snpra
601 1159 719 1242 petrus
741 1155 859 1227 iudex.

990 1669 1269 1750 CCXLHI·

994 1913 1049 1988 A.
1087 1913 1137 1990 D.
1176 1912 1279 1992 966.

263 2173 299 2310 †
318 2230 356 2294 ln
372 2227 513 2292 nomine
529 2225 660 2294 domini
677 2227 851 2296 tricesimo
868 2234 990 2315 quarto
1007 2246 1099 2297 anno
1114 2230 1330 2314 principatus
1345 2230 1462 2296 domni
1475 2233 1584 2298 nostri
1597 2233 1713 2316 gisolfi
1728 2234 1880 2318 glorioso
1892 2235 2065 2322 princeps,

210 2397 328 2448 mense
344 2382 489 2464 agustus
503 2398 597 2447 nona
613 2379 810 2450 indictione.
830 2381 932 2450 lrideo
948 2401 1013 2467 que
1028 2401 1091 2450 nos
1133 2434 1140 2446 .
1193 2435 1200 2447 .
1253 2383 1961 2471 .66661111666661161666111,6666661
1978 2408 2067 2455 uxor

210 2534 301 2617 petri
317 2533 410 2600 filius
432 2533 561 2600 6611161
583 2533 710 2601 menda
732 2533 806 2601 filia
829 2535 1000 2620 quondam
1023 2505 1175 2620 geraldi,
1202 2555 1268 2621 que
1292 2555 1368 2602 sum
1394 2554 1482 2602 uxor
1504 2537 1647 2604 adelferi
1671 2539 1771 2608 filius.
1818 2593 1824 2606 .
1996 2593 2003 2606 .
2058 2597 2064 2609 .

210 2684 356 2753 facimus
379 2685 508 2752 habere
532 2686 701 2752 sortiones
724 2685 762 2751 16
785 2687 897 2763 rebus,
912 2704 978 2770 que
993 2686 1058 2752 luit
1080 2687 1252 2771 quondam
1276 2688 1366 2771 petri
1382 2688 1474 2756 filius
1497 2687 1631 2756 cuidam
1655 2690 1848 2775 raudiperti
1871 2687 1962 2776 quod
1978 2711 2070 2760 com-

210 2855 316 2904 mune
347 2838 509 2905 habemus
538 2856 615 2904 cum
645 2841 791 2906 ecclesia
819 2840 928 2908 sancti
959 2842 1127 2918 maximi,
1154 2845 1185 2906 et
1211 2859 1403 2925 congruum
1435 2844 1486 2908 est
1508 2843 1607 2909 nobis
1630 2844 1844 2928 aliquantum
1871 2844 1996 2913 exinde
2020 2847 2070 2912 vi·

210 2990 347 3059 caria-re
370 3008 446 3058 cum
477 2989 635 3075 predicta
656 2992 828 3072 ecclesia,
855 2999 916 3070 61,
944 2995 980 3060 ut
1002 2993 1150 3060 firmiter
1174 2995 1251 3060 illut
1281 2994 1447 3076 perficere
1471 2996 1674 3074 valeamus,
1699 3013 1763 3063 nos
1787 2995 1968 3066 iamdictes
1992 3015 2067 3064 mu-

213 3145 319 3214 lieres
341 3144 617 3214 convocabimus
641 3145 726 3230 ipsis
747 3146 879 3214 viribus
903 3147 1055 3224 nostris,
1086 3149 1121 3213 ut
1146 3147 1246 3214 nobis
1272 3145 1354 3214 inde
1381 3151 1468 3217 esset
1494 3150 1713 3218 consentiens
1739 3155 1774 3219 et
1799 3169 1868 3218 una
1890 3152 2066 3220 nobiscum

213 3296 304 3361 hanc
328 3295 460 3361 vicaria
474 3294 641 3368 lacerent,
660 3313 724 3379 pro
740 3316 780 3364 eo
796 3294 885 3380 quod
904 3298 1018 3380 palem
1035 3296 1179 3362 iacimus
1196 3296 1232 3362 in
1250 3297 1387 3362 illorum
1406 3296 1570 3364 muudum
1588 3296 1614 3385 ⁴)
1632 3315 1693 3366 nos
1708 3300 1898 3368 subiacere.
1913 3301 1984 3367 illis
2008 3319 2069 3368 66-

212 3449 277 3514 tem
302 3463 368 3513 nos
390 3447 612 3514 exaudientes
637 3447 735 3513 nobis
758 3444 839 3513 inde
863 3447 1081 3514 consentiens
1106 3449 1255 3514 fuerunt.
1316 3497 1562 3514 .....
1585 3489 1621 3513 -.
1674 3503 1681 3516 .
1734 3451 1928 3520 mulieres
1954 3451 2069 3536 grima

212 3605 244 3666 et
260 3601 401 3678 menda,
419 3605 454 3668 et
470 3605 588 3685 petrus
604 3603 640 3668 et
654 3601 796 3668 adelferi
812 3601 907 3669 viros
922 3604 957 3668 et
971 3619 1097 3670 uxores
1114 3602 1325 3671 unanimiter
1350 3603 1493 3688 parique
1520 3621 1724 3672 consensum
1767 3656 2066 3673 ......
2094 3643 2097 3650 =

213 3771 274 3838 per
291 3770 496 3821 consensum
519 3755 554 3822 et
576 3755 760 3820 volumtate
784 3753 827 3820 de
850 3753 964 3838 ipsum
989 3755 1204 3838 genitoribus
1226 3756 1354 3821 nostris
1376 3757 1410 3822 et
1432 3773 1494 3840 per
1511 3756 1648 3823 illorum
1665 3755 1870 3824 solutionem
1885 3773 1948 3826 nos
1962 3757 2074 3823 omni-

215 3908 275 3972 bus
299 3907 383 3973 ante
406 3906 584 3989 presentia
588 3957 895 3972 ......
945 3907 1099 3990 predicte
1115 3909 1258 3976 ecclesie
1274 3927 1336 3993 per
1353 3926 1440 3976 vona
1455 3909 1710 3976 comnenientie
1733 3909 1970 4009 vicariationis
1993 3910 2073 3975 hor-

216 4058 294 4128 dine
315 4058 522 4126 tradidimus
536 4057 600 4126 tibi
616 4059 708 4143 petri
724 4058 906 4142 presbiteri
923 4061 983 4126 61.
1036 4110 1042 4122 .
1096 4112 1102 4124 .
1155 4111 1161 4122 .
1211 4059 1343 4126 domins
1360 4058 1457 4143 pecie
1470 4058 1513 4126 de
1528 4059 1631 4127 terris
1646 4059 1690 4126 de
1705 4062 1818 4128 locum
1834 4059 1978 4127 nuceria
1993 4077 2073 4145 pro·

216 4214 346 4298 pinque
370 4213 446 4296 ipso
468 4213 611 4279 castello
637 4214 672 4278 et
694 4217 774 4280 ante
798 4214 944 4280 66616616
967 4213 1077 4279 666611
1101 4211 1256 4278 marcelli
1280 4229 1301 4276 a
1324 4229 1407 4296 pars
1430 4210 1585 4289 orientis,
1603 4228 1766 4278 unacum
1789 4211 1938 4279 arbustis
1954 4213 1989 4278 et
2004 4212 2073 4278 alia

217 4367 339 4434 baciba
363 4385 442 4434 cum
465 4365 652 4450 aliquantis
676 4365 858 4433 arboribus
881 4368 915 4434 et
939 4383 1018 4434 cum
1041 4365 1232 4450 parietibus
1254 4367 1346 4443 suis,
1372 4367 1506 4432 etcum
1530 4366 1741 4450 palmentum
1765 4364 1932 4431 trabitum
1953 4367 2074 4450 etpu-

219 4523 323 4589 teum.
352 4520 427 4605 ipsa
451 4518 551 4604 66616
574 4535 650 4586 cum
672 4519 825 4596 arhusin,
851 4519 888 4585 in
912 4533 980 4601 quo
1003 4518 1175 4603 aliquante
1198 4534 1275 4586 6666
1298 4472 1436 4601 11661116
1459 4520 1549 4595 6661,
1575 4535 1636 4601 per
1652 4535 1691 4584 as
1707 4517 1809 4584 finis:
1828 4516 1871 4584 de
1886 4535 1959 4584 una
1973 4519 2074 4602 parte

218 4671 286 4739 fine
309 4671 368 4738 bia
391 4671 542 4755 pulbica,
567 4688 634 4754 que
657 4669 776 4754 pergit
797 4673 879 4738 ante
902 4670 979 4754 1666
1002 4668 1149 4737 66616616
1172 4670 1280 4736 sancti
1305 4667 1483 4735 marcelli:
1509 4667 1553 4735 de
1575 4669 1695 4736 subtus
1724 4667 1791 4736 fine
1815 4665 1871 4734 bia
1892 4669 2072 4746 carraria,

218 4841 283 4908 que
299 4825 412 4891 intrat
428 4823 466 4888 in·
480 4826 578 4890 curte
600 4821 643 4890 de
666 4819 810 4890 heredes
832 4820 1076 4906 teodelgrimi:
1102 4823 1144 4888 ab
1168 4821 1300 4889 oriente
1323 4819 1391 4888 tine
1413 4819 1456 4886 de
1480 4818 1624 4888 heredes
1646 4818 1874 4904 radelgrimi‚
1901 4797 1990 4904 quod
2013 4837 2076 4904 per

219 4974 338 5042 datum
362 4974 491 5042 retinet
514 4993 536 5042 a
557 4991 639 5057 pars
662 4973 829 5056 episcopii
852 4971 1053 5040 salernitani
1075 5024 1081 5044 .
1108 4971 1197 5039 sicut
1219 4971 1349 5038 termiti
1372 4969 1552 5049 discernit,
1578 4971 1613 5036 et
1635 4969 1703 5038 tine
1725 4968 1882 5054 predicta
1903 4969 2030 5053 pecie:
2055 4987 2076 5036 a

222 5145 301 5210 pars
324 5127 582 5211 septemtrionis
604 5125 673 5192 tine
697 5125 855 5210 predicta
877 5127 976 5211 pecie
999 5129 1034 5192 et
1056 5127 1226 5209 pertange
1249 5123 1293 5190 ad
1316 5111 1385 5192 1166
1408 5121 1451 5191 de
1474 5120 1617 5190 heredes
1640 5121 1749 5206 ipsius
1771 5119 1986 5204 radelgrimi,
2012 5138 2078 5204 que

222 5279 285 5346 luit
307 5278 480 5348 benedicti
503 5283 539 5345 et
561 5279 720 5363 liusperti
744 5281 779 5346 et
801 5278 1034 5363 coniungente
1052 5277 1096 5345 ad
1119 5278 1195 5360 ipsa
1211 5276 1268 5342 bia
1283 5273 1371 5359 quod
1388 5277 1440 5341 est
1455 5273 1572 5357 priore
1587 5271 1689 5341 finem
1706 5293 1716 5358 ;
1742 5290 1803 5356 per
1819 5271 1884 5342 iste
1901 5269 1980 5337 11616
2003 5273 2079 5338 tra-

222 5431 374 5499 didimus
390 5431 515 5500 exinde
530 5449 593 5517 per
609 5431 756 5507 latitudo
771 5449 888 5516 pessos
903 5451 978 5509 sex,
997 5434 1032 5498 et
1048 5449 1110 5515 per
1127 5428 1306 5514 longitudo
1323 5444 1442 5513 passos
1456 5425 1690 5511 quadraginta
1704 5443 1822 5503 unum,
1840 5426 1874 5494 et
1896 5440 1985 5508 erga
2007 5423 2077 5490 1166

224 5582 375 5665 predicte
391 5583 532 5650 ecclesie
547 5581 655 5649 666611
672 5582 830 5653 maximi.
848 5581 937 5665 quod
956 5581 1051 5648 vobis
1074 5583 1110 5648 16
1134 5580 1286 5647 sortione
1302 5577 1420 5644 datum
1437 5577 1489 5643 est
1502 5575 1545 5642 de
1567 5574 1628 5641 6111
1643 5549 1980 5677 consortesnostros.
1999 5574 2078 5657 ipsa

282 5890 306 5956 ¹)
322 5889 466 5958 Mundum,
483 5889 594 5945 scilicet
615 5889 773 5944 mitudinm.
