5216 7092
937 575 1312 648 oreuolmrrcus
1650 562 1652 568 '
1945 553 2007 662 225

205 827 310 894 monte
326 823 444 891 levinu
460 840 531 890 una
553 820 655 906 pecia
675 818 831 887 deterre
853 820 974 886 nostra
997 835 1073 883 cum
1098 817 1247 886 arbustis
1268 818 1398 898 vitatis,
1417 838 1518 905 quem
1542 822 1706 892 habemus
1728 825 1767 892 in
1789 824 1917 894 dictum
1942 829 2051 896 locum

205 979 360 1065 pucianu,
378 992 445 1060 que
461 975 541 1040 abet
557 970 637 1038 linis
652 973 687 1038 et
702 973 894 1040 mensurio:
914 987 1034 1052 apars
1057 968 1243 1037 occidentis
1265 971 1335 1038 fine
1356 972 1415 1038 via
1436 973 1563 1053 antica,
1581 977 1663 1042 sunt
1685 974 1766 1043 inde
1789 995 1853 1061 per
1876 981 2052 1047 mensurio

205 1128 378 1214 longitudo
394 1128 485 1212 passi
503 1125 692 1212 sexaginta
715 1143 835 1198 unum:
855 1142 978 1210 apars
1002 1123 1145 1192 meridie
1168 1125 1237 1192 fine
1260 1125 1402 1192 iohanni
1426 1127 1553 1194 sartori
1576 1128 1668 1197 filius
1690 1129 1785 1214 sergi
1808 1131 1946 1210 sartori,
1970 1135 2051 1199 sunt

206 1279 278 1347 inde
294 1276 444 1346 latitudo
459 1275 552 1363 passi
569 1275 697 1360 viginti
714 1274 895 1361 quadtuor:
915 1294 938 1343 a
951 1293 1035 1361 pars
1051 1275 1196 1342 orientis
1212 1275 1282 1342 line
1297 1277 1392 1342 terra
1407 1280 1526 1344 sancte
1541 1279 1661 1356 marie,
1676 1283 1757 1345 sunt
1774 1279 1855 1346 inde
1869 1280 2051 1366 longitudo

207 1429 291 1515 passi
308 1427 567 1515 quinquaginta
583 1428 671 1494 octo:
689 1425 733 1494 de
750 1428 866 1494 subter
882 1428 983 1512 parte
998 1443 1018 1491 a
1034 1427 1280 1510 septemtrione
1294 1427 1364 1496 fine
1379 1433 1500 1497 nostra
1515 1429 1707 1514 supradicti
1724 1432 1863 1511 iratres,
1877 1436 1957 1500 sunt
1969 1433 2050 1501 inde

204 1581 344 1650 latitudo
360 1583 452 1667 passi
469 1582 619 1666 triginta
634 1581 785 1666 quinque
801 1583 836 1654 et
850 1579 1014 1658 medium,
1029 1578 1073 1646 ad
1090 1580 1181 1647 iusto
1196 1599 1337 1664 passum
1353 1583 1504 1650 hominis
1520 1584 1766 1652 mensuratum.
1783 1586 1847 1651 hec
1859 1602 1943 1652 vero
1954 1585 2049 1652 clau·

202 1755 281 1813 sum,
302 1735 454 1820 qualiter
470 1735 629 1818 superius
644 1732 725 1800 finis
743 1735 873 1817 positos
889 1735 924 1798 et
940 1730 1115 1799 mensoria
1130 1733 1208 1816 ipsa
1223 1733 1410 1817 percurrit,
1429 1751 1506 1801 cum
1523 1735 1665 1819 proprie
1688 1735 1768 1803 finis
1791 1739 1826 1803 et
1841 1736 1914 1804 vice
1930 1735 1972 1804 de
1993 1737 2050 1803 via

203 1886 308 1952 suaet
324 1903 403 1951 cum
420 1885 536 1951 omnia
550 1884 644 1952 infra
660 1902 697 1952 se
713 1885 920 1952 habentibus
937 1886 1144 1952 trusactibus
1168 1902 1293 1952 nomen
1309 1905 1332 1952 a
1347 1885 1501 1953 funditus
1525 1887 1603 1954 illos
1626 1887 1661 1952 in
1684 1889 1859 1972 prephato
1882 1889 2052 1956 hecclesia

206 2037 311 2104 sancti
327 2036 497 2104 adiutoris
513 2037 711 2105 offeruimus
726 2037 764 2102 in
779 2037 844 2104 tali
860 2037 1006 2116 ratione,
1026 2039 1065 2103 ut
1079 2037 1202 2104 amodo
1218 2041 1252 2105 ot
1266 2057 1400 2123 semper
1423 2039 1501 2123 ipsa
1523 2038 1688 2105 iamdicta
1709 2039 1887 2119 hecclesia,
1905 2040 1940 2108 et
1963 2039 2051 2106 eius·

203 2211 261 2274 que
274 2190 482 2268 rectoribus,
499 2190 571 2258 sibe
587 2189 768 2274 presbiter,
787 2191 861 2257 sibe
883 2192 1074 2268 monachis,
1094 2207 1153 2256 eos
1169 2189 1376 2270 habendum,
1394 2190 1656 2268 dominandum,
1675 2192 1931 2277 possidendum,
1949 2198 1984 2262 et
2009 2194 2052 2262 de

202 2345 270 2428 ipso
285 2344 443 2428 frugium
461 2341 655 2409 faciendum
674 2342 803 2420 omnia,
824 2340 912 2426 quod
928 2341 1087 2408 voluerit.
1107 2359 1151 2407 ex
1176 2360 1243 2425 qua
1265 2344 1488 2427 promisimus
1504 2345 1538 2410 et
1553 2345 1784 2428 obligavimus
1799 2362 1862 2412 nos
1884 2345 2053 2412 nominati

201 2493 296 2571 falco,
315 2493 494 2571 iohannes,
514 2491 706 2571 mirandus,
726 2495 856 2577 petrus,
876 2493 980 2572 maie,
999 2491 1210 2560 madelfreda
1233 2494 1268 2558 et
1289 2493 1417 2562 nostris
1433 2495 1617 2562 heredibus
1634 2495 1791 2580 predicta
1813 2499 1931 2564 nostra
1953 2499 2053 2565 offer-

202 2647 289 2712 tione
309 2647 346 2712 in
364 2646 536 2730 prephata
551 2645 724 2712 hecclesia
738 2646 773 2711 et
790 2643 832 2710 ad
850 2643 924 2712 eius
939 2645 1129 2712 rectoribus
1145 2644 1393 2713 defensandum
1409 2663 1431 2711 a
1445 2646 1601 2729 partibus
1624 2646 1667 2713 de
1689 2646 1856 2713 uxoribus
1879 2649 1997 2713 nostro
2020 2650 2055 2714 et

201 2800 242 2866 da
258 2799 373 2865 omnis
389 2799 546 2866 homines
563 2799 725 2884 omnique
741 2800 910 2884 partibus.
929 2798 1019 2884 quod
1036 2799 1065 2865 si
1081 2799 1224 2865 minime
1245 2801 1311 2866 etc.
1334 2799 1397 2870 Quo·
1414 2801 1525 2880 puoto
1546 2816 1613 2864 ooo
1633 2801 1755 2877 seruet,
1774 2799 1907 2864 tenetur
1928 2799 2056 2866 sotoore

176 2993 179 2998 ·
200 2952 321 3034 otpiuti
337 2967 461 3018 aurcos
482 2950 606 3016 solidos
621 2949 922 3017 constantinianus.
941 2949 971 3016 si
988 2950 1103 3015 autem
1121 2952 1196 3033 ipsa
1212 2949 1331 3014 nostra
1346 2947 1560 3015 offertionem
1583 2967 1665 3032 pars
1687 2949 1854 3033 episcopii
1879 2951 2058 3017 subtraere

201 3102 366 3187 quesierit
380 3102 424 3170 de
439 3103 606 3187 potestate
621 3100 663 3168 de
679 3103 739 3169 illo
756 3105 917 3178 rectores,
932 3101 990 3186 qui
1003 3103 1040 3168 in
1051 3067 1168 3168 eadem
1187 3099 1332 3168 ecclesia
1347 3101 1551 3168 officiaverit
1566 3101 1601 3168 et
1616 3101 1775 3185 regimen
1788 3100 1916 3168 exinde
1930 3104 2058 3168 habue-

202 3256 256 3334 rit,
271 3259 311 3322 ut
326 3254 370 3321 de
392 3256 464 3322 eius
479 3255 652 3338 potestate
667 3253 743 3320 siad
759 3253 973 3331 distractum,
992 3255 1075 3319 tuno
1090 3252 1334 3337 presentaliter
1350 3251 1471 3319 redeat
1492 3249 1534 3318 ad
1551 3253 1754 3336 potestatem
1777 3252 1820 3320 de
1842 3253 1970 3319 nostris
1994 3255 2054 3320 be-

202 3406 351 3484 renibus,
369 3408 405 3472 et
427 3424 490 3490 per
505 3405 574 3472 ista
588 3406 725 3478 cartula
739 3423 876 3489 semper
891 3404 1036 3472 redeant
1052 3404 1129 3488 ipso
1144 3404 1297 3488 frugium
1315 3403 1358 3470 de
1375 3405 1451 3486 ipsa
1466 3401 1585 3469 eadem
1605 3404 1709 3469 rebus
1725 3401 1769 3469 ad
1786 3404 1990 3487 potestatem
2013 3403 2054 3470 ad

201 3558 383 3630 vivendum
408 3557 544 3642 adipso
571 3560 735 3638 rectores,
752 3559 811 3643 qui
834 3559 871 3624 in
888 3558 1007 3625 eadem
1031 3559 1203 3626 hecclesia
1225 3556 1429 3627 officiaverit
1445 3559 1479 3625 et
1494 3557 1654 3641 regimen
1680 3556 1807 3625 exinde
1836 3556 1995 3624 habuerit
2018 3557 2055 3624 in

197 3709 354 3794 predicta
376 3709 525 3776 ratione.
540 3727 642 3794 quam
661 3713 694 3776 te
710 3708 889 3794 guisonem
905 3709 1078 3775 notarium
1093 3708 1245 3778 scribere
1268 3709 1482 3794 rogavimus
1501 3711 1617 3776 actum
1633 3710 1786 3777 nuceria.

252 3835 282 3948 †
305 3880 373 3948 ego
395 3865 515 3946 petrus
537 3861 703 3928 diaconus

252 3985 282 4098 †
304 4031 371 4098 ego
394 4011 579 4079 iochardus

252 4138 372 4252 †ego
396 4167 551 4232 ioannes.

942 4660 1348 4741 GCCLXXVII.

994 4903 1048 4978 A.
1086 4903 1137 4978 D.
1174 4901 1277 4981 985.

260 5169 364 5304 †ln‘
381 5217 521 5285 nomine
544 5214 675 5284 domini
698 5214 848 5284 secundo
872 5232 965 5282 anno
989 5212 1203 5299 principatus
1226 5213 1341 5310 domni
1370 5215 1480 5282 nostri
1509 5215 1654 5282 iohanni
1689 5218 1723 5282 et
1756 5215 1874 5282 domni
1908 5214 2072 5298 guidoni⁴
2143 5193 2149 5205 ’

198 5371 264 5438 filii
287 5373 360 5438 eins
385 5369 531 5456 gloriosi
553 5368 782 5454 principibus,
807 5386 924 5436 mense
947 5368 1074 5446 iunius,
1100 5369 1201 5435 sexta
1224 5366 1280 5434 die
1303 5368 1468 5446 intrante,
1495 5367 1735 5436 tertiadecima
1757 5366 1953 5436 indictione.
1973 5371 2055 5436 ante

202 5543 259 5591 me
284 5522 443 5591 ademari
467 5522 572 5590 iudex
595 5521 749 5591 coniunti
772 5524 850 5591 sunt
873 5523 1072 5590 causatores
1095 5521 1202 5606 ligori
1225 5521 1425 5588 atrianense
1448 5521 1541 5587 iilius
1568 5519 1714 5586 iohanni
1744 5523 1780 5588 et
1812 5539 1914 5588 ursus
1947 5522 2055 5589 atria·

201 5691 312 5742 nense
335 5673 427 5740 filius
450 5671 576 5751 mauri,
602 5671 645 5739 ad
670 5671 863 5740 faciendum
887 5670 978 5738 inter
1002 5691 1038 5738 se
1061 5671 1167 5738 finem
1189 5669 1232 5737 de
1255 5672 1351 5737 terra
1373 5687 1448 5736 cum
1471 5687 1553 5737 casa
1576 5671 1705 5738 fabrita
1721 5673 1756 5739 et
1770 5674 1867 5739 terra
1881 5689 1990 5738 vacua
2005 5671 2054 5738 ibi

200 5827 366 5893 coniunta
389 5827 484 5892 intus
506 5825 596 5890 banc
618 5823 866 5891 salernitanam
889 5823 1060 5891 cibitatem
1086 5822 1122 5887 in
1146 5822 1222 5888 vico
1246 5825 1365 5888 sancte
1389 5821 1550 5889 trelomee
1567 5813 1594 5888 a'
1603 5824 1722 5907 suptus
1744 5823 1822 5907 ripa
1843 5839 1908 5907 que
1925 5821 2050 5890 ibidem

413 5949 473 5994 Tou.
488 5946 520 5991 ΙΙ.
1899 5945 1931 5992 29
