5252 7102
967 623 1340 736 urrnoulmous
1896 604 1898 612 ’
1968 646 2029 709 aur

218 874 254 940 et
276 870 385 950 sobee,
406 875 443 938 et
465 886 559 950 casa,
578 873 613 938 et
636 869 785 937 reditum
808 871 843 938 et
865 869 978 936 omnis
1000 872 1121 936 nostra
1143 869 1328 938 utilitatem
1352 869 1479 939 ibidem
1514 873 1628 941 iacere
1646 863 1697 942 'et
1730 875 1809 944 illut
1842 877 1942 946 nobis
1974 881 2009 946 et
2035 877 2079 946 ad

218 1021 349 1094 nostris
371 1021 558 1092 heredibus
581 1020 762 1090 defensare
785 1039 862 1088 cum
885 1021 959 1088 vice
981 1019 1024 1089 de
1048 1021 1107 1088 via
1129 1039 1193 1088 sua
1222 1021 1267 1088 da
1300 1022 1413 1090 omnis
1446 1023 1605 1092 homiues
1640 1026 1803 1111 omnique
1837 1028 2021 1116 partibus;
2045 1033 2081 1098 et

219 1177 346 1245 amodo
368 1180 403 1245 et
425 1195 532 1262 usque
555 1177 717 1262 quattuor
740 1175 824 1242 anni
847 1175 1010 1261 completi
1034 1177 1147 1244 omnis
1181 1176 1337 1261 frugium
1372 1178 1408 1244 et
1441 1178 1595 1246 laborem
1628 1181 1663 1246 et
1695 1181 1813 1247 vinum
1847 1184 1882 1249 et
1916 1183 2077 1269 quicquid

220 1329 350 1398 ibidem
374 1331 568 1410 fecerimus,
587 1332 695 1398 totum
719 1330 798 1398 illut
820 1329 919 1398 nobis
942 1331 1129 1398 habeamus
1153 1331 1188 1399 et
1210 1332 1307 1398 nullo
1329 1331 1518 1400 sortionem
1532 1333 1632 1401 nobis
1648 1332 1774 1403 exinde
1796 1335 1918 1403 tollere
1941 1338 2077 1422 querat:

220 1481 265 1549 da
288 1483 356 1568 ipsi
381 1485 546 1568 quattuor
569 1483 652 1550 anni
677 1483 714 1550 in
737 1485 842 1551 antea
863 1501 971 1568 usque
993 1483 1061 1568 ipsi
1085 1485 1160 1550 octo
1185 1485 1269 1552 anni
1292 1485 1453 1570 completi
1476 1484 1595 1554 demus
1617 1486 1669 1554 eis
1691 1490 1746 1556 vel
1767 1488 1811 1556 ad
1836 1490 1913 1558 eius
1936 1489 2081 1560 heredes

223 1633 447 1706 medietatem
470 1636 547 1721 ipso
570 1637 704 1716 uiuum,
730 1639 764 1705 et
789 1653 852 1703 nos
877 1637 1071 1722 nostrisque
1092 1636 1279 1706 heredibus
1302 1639 1464 1706 tollamus
1488 1657 1547 1706 eos
1579 1639 1812 1708 medietatem.
1840 1642 1883 1709 ad
1916 1645 2078 1729 completi
2184 1639 2188 1650 '

220 1789 336 1856 autem
360 1789 428 1874 ipsi
451 1791 528 1854 octo
553 1789 636 1856 anni
660 1790 850 1856 habeamus
872 1805 931 1856 eos
955 1789 1057 1856 vinea
1080 1791 1171 1856 facta
1193 1795 1227 1857 et
1249 1789 1363 1858 lebate
1385 1792 1419 1858 et
1441 1792 1586 1876 operata
1607 1793 1643 1858 et
1665 1794 1794 1860 cultata
1806 1792 1851 1861 de
1868 1811 1973 1878 super
1988 1796 2022 1864 et
2037 1793 2081 1863 de

218 1939 346 2024 supto,
373 1939 463 2006 siout
486 1941 582 2006 loeus
607 1937 681 2024 ipse
704 1938 870 2008 meruerit
894 1941 932 2006 ut
955 1940 1043 2006 bene
1064 1942 1185 2024 pareat
1206 1941 1399 2008 laboratam
1433 1943 1469 2009 et
1502 1893 1692 2022 cultatem,
1718 1961 1779 2012 seu
1812 1944 2008 2010 cannietum
2048 1947 2083 2012 et

217 2092 399 2162 salicetum
424 2096 458 2161 et
481 2093 688 2181 pomiferis3
712 2096 747 2163 et
770 2095 916 2178 plicaret
939 2095 1073 2178 seipse
1096 2093 1163 2162 feri
1196 2113 1325 2180 suoque
1359 2095 1450 2171 filius
1484 2097 1518 2163 et
1559 2095 1702 2163 heredes
1736 2095 1779 2164 ad
1814 2096 1892 2165 illut
1926 2097 2083 2166 dibidere

214 2265 351 2316 mecum
374 2250 429 2317 vel
452 2267 531 2316 cum
555 2248 643 2315 meis
665 2246 850 2316 heredibus
872 2266 935 2332 per
959 2247 1112 2315 medium
1136 2249 1327 2333 equaliter:
1354 2249 1413 2316 ille
1435 2254 1468 2317 et
1490 2249 1562 2318 eius
1583 2249 1727 2319 heredes
1749 2252 1851 2320 tollat
1874 2269 1935 2320 eos
1955 2253 2080 2322 medie

213 2403 333 2482 tatem,
352 2404 386 2470 et
409 2420 476 2487 ego
498 2405 614 2471 autern
637 2405 672 2470 et
693 2403 780 2471 meis
804 2401 990 2471 heredibus
1011 2404 1174 2470 tollamus
1197 2420 1255 2472 eos
1277 2379 1513 2492 medietatem3
1537 2408 1573 2471 et
1596 2404 1674 2489 ipsa
1696 2402 1864 2473 medietas
1887 2425 1955 2491 que
1982 2408 2084 2476 nobis

215 2553 301 2623 inde
324 2555 506 2623 hebenerit
528 2573 591 2640 per
613 2555 752 2621 firmam
775 2555 1002 2640 scriptionem
1025 2555 1212 2625 secundum
1234 2559 1347 2642 legem
1381 2559 1507 2624 bonam
1541 2557 1680 2636 factam,
1707 2557 1785 2624 illut
1817 2557 1917 2624 nobis
1949 2559 2005 2625 vel
2038 2558 2081 2625 ad

213 2709 347 2778 nostris
371 2709 557 2778 heredibus
579 2707 717 2776 tradere
740 2709 776 2776 et
799 2709 1006 2776 confirmare
1029 2710 1064 2776 et
1087 2708 1269 2777 defensare
1292 2727 1370 2776 cum
1393 2708 1469 2778 vioe
1491 2709 1534 2776 de
1556 2709 1613 2776 via
1634 2727 1698 2776 sua
1720 2709 1901 2776 da'omnis
1924 2660 2081 2779 homines

215 2847 380 2950 omnique
401 2863 584 2949 partibus;
609 2865 644 2930 et
667 2862 804 2949 quando
827 2862 869 2930 ad
905 2863 1110 2931 dibisionem
1146 2863 1364 2942 venerimuS,
1391 2812 1559 2947 quantum
1595 2860 1638 2928 de
1669 2861 1746 2948 ipsa
1772 2864 1877 2941 terra,
1903 2881 1995 2942 casa,
2021 2865 2080 2930 aut

216 3017 383 3096 reditum,
409 3021 471 3085 aut
494 3019 708 3102 palmentum
731 3017 791 3084 aut
814 3018 926 3082 ortum
951 3016 1187 3094 habuerimus,
1213 3015 1292 3082 illut
1313 3015 1412 3084 nobis
1433 3016 1633 3092 habeamus,
1658 3016 1693 3082 et
1715 3015 1803 3081 aliut
1825 3016 1957 3081 tantum
1986 3019 2081 3082 terra

216 3189 298 3238 cum
322 3173 428 3240 uinea
452 3191 569 3239 eorum
594 3172 738 3260 demus;
763 3176 798 3240 et
819 3173 848 3242 si
874 3173 987 3258 ipsam
1012 3173 1201 3240 sortionem
1225 3176 1379 3240 nostram
1405 3172 1448 3240 de
1482 3173 1560 3258 ipsa
1594 3173 1716 3250 rebus,
1742 3171 1772 3238 si
1796 3172 1930 3256 eossio
1952 3170 2079 3239 daturo

214 3328 277 3394 aut
301 3325 480 3394 bindituro
503 3329 738 3406 habuerimus,
765 3331 805 3396 ut
828 3327 870 3395 de
892 3331 1014 3395 nostra
1039 3329 1208 3413 potestate
1231 3330 1321 3396 esset
1343 3327 1562 3406 distractum,
1577 3344 1647 3392 non
1669 3328 1858 3394 habeamus
1875 3327 2079 3412 potestatem
2179 3385 2181 3394 .

214 3497 277 3547 eos
303 3477 389 3547 dare
412 3479 611 3564 cuicumque
633 3483 687 3549 vel
710 3481 748 3546 in
771 3479 892 3565 quahis
916 3481 1074 3565 partibus
1105 3499 1168 3564 per
1191 3481 1441 3566 qualecumque
1469 3479 1614 3546 ratione.
1641 3480 1759 3564 preter
1781 3479 1891 3564 ipsius
1913 3477 1991 3580 ¹ieri
2024 3478 2080 3544 vel

215 3632 262 3699 ad
287 3633 363 3699 eius
384 3632 528 3701 heredes
551 3651 609 3702 eos
630 3633 749 3704 demus
764 3633 806 3701 ad
823 3634 922 3701 iuxto
940 3634 1090 3704 baliente
1112 3635 1263 3719 pretium
1280 3651 1346 3719 que
1362 3633 1461 3700 iuxte
1476 3631 1583 3700 suerit
1598 3631 1843 3716 appretiatum,
1861 3631 1896 3697 et
1912 3629 2081 3698 faciainus

214 3786 272 3854 illi
295 3785 386 3854 scire
410 3784 452 3852 ad
482 3787 575 3872 ipsos
599 3786 805 3853 hemendum
829 3804 895 3871 per
918 3787 1022 3854 tertio
1046 3787 1269 3854 const'tutum
1293 3803 1400 3870 usque
1434 3783 1556 3852 diebus
1590 3782 1736 3894 triginta
1770 3800 1850 3870 sex3
1869 3785 1905 3849 et
1932 3782 1960 3849 si
1988 3780 2082 3850 infra

216 3943 298 4027 ipsa
323 3941 508 4011 constituta
533 3943 684 4010 noluerit
706 3959 764 4011 eos
788 3944 942 4021 hemere,
969 3943 1060 4010 siout
1078 3941 1208 4008 dictum
1235 3907 1299 4019 est,
1328 3943 1409 4006 ωηο
1431 3939 1510 4024 post
1531 3939 1610 4022 ipsa
1632 3936 1818 4005 constituta
1840 3933 1945 4002 liceat
1968 3951 2032 4001 nos
2046 3936 2082 4000 et

213 4096 346 4166 nostris
368 4096 550 4165 heredibus
576 4113 634 4165 eos
656 4097 739 4164 dare
770 4098 826 4165 cui
861 4096 1098 4182 boluerimus'3
1125 4114 1208 4162 nam
1237 4095 1270 4162 si
1309 4094 1404 4161 infra
1437 4093 1516 4178 ipsa
1551 4091 1740 4158 constituta
1772 4089 1972 4172 cuicumque
2005 4088 2081 4156 sine

213 4249 356 4315 illorum
378 4250 568 4315 volumtate
592 4265 651 4316 eos
672 4248 880 4328 dederimus,
905 4250 988 4315 tunc
1010 4249 1140 4333 absque
1162 4245 1314 4332 pretium
1337 4244 1493 4312 rebertas
1515 4240 1558 4309 ad
1582 4240 1752 4326 potestate
1773 4237 1868 4304 illius
1887 4239 1923 4302 et
1945 4234 2081 4303 adeius

213 4399 376 4468 heredes.
396 4401 429 4467 et
457 4400 486 4467 si
510 4401 625 4468 taliter
648 4399 764 4467 omnia
793 4417 856 4485 que
878 4417 985 4484 supra
1007 4399 1149 4484 legitur,
1175 4396 1272 4464 nobis
1291 4393 1488 4481 nostrisque
1511 4390 1697 4460 heredibus
1730 4405 1800 4457 non
1823 4387 2077 4474 adimpleverit,

212 4557 301 4619 tuuc
325 4571 388 4637 per
411 4553 490 4638 ipsa
511 4553 641 4638 guadia
663 4553 834 4638 obligabit
856 4569 893 4620 se
916 4553 992 4636 ipse
1015 4551 1079 4620 teri
1102 4568 1231 4635 suoque
1253 4549 1347 4617 filius
1368 4549 1404 4615 et
1426 4502 1571 4615 heredes
1601 4542 1645 4612 ad
1680 4540 1955 4628 componendum
1980 4540 2081 4608 nobis
2141 4557 2145 4565 ’

213 4705 273 4771 vel
297 4702 341 4770 ad
362 4702 492 4772 nostris
514 4701 698 4772 heredibus
733 4701 987 4788 quinquaginta
1020 4699 1097 4767 auri
1131 4699 1259 4768 solidos
1293 4696 1542 4773 constantinus,
1566 4696 1601 4762 et
1634 4691 1773 4772 omnia,
1798 4691 1888 4760 sicut
1921 4689 2081 4776 superius

211 4855 360 4941 legitur,
378 4874 441 4940 per
464 4855 585 4923 inbitis
606 4856 707 4923 nobis
732 4853 932 4939 adimpleat.
951 4857 986 4921 et
1009 4855 1101 4922 bunc
1117 4853 1256 4922 brebem
1273 4850 1399 4936 scripsi
1417 4865 1483 4933 ego
1501 4849 1653 4915 iohanne
1667 4843 1826 4914 notarius
1842 4842 1902 4930 qui
1924 4841 2077 4910 interfui.
2195 4851 2197 4855 ·

274 4979 304 5093 †
319 5027 385 5094 ego
401 5007 550 5077 andreas

273 5132 301 5246 †
318 5161 530 5247 egosandus

273 5285 303 5399 †
317 5333 384 5401 ego
398 5316 504 5383 ahino

272 5441 303 5554 †
317 5487 384 5556 ego
399 5469 589 5537 ahenardu.
