5216 7092
943 589 1316 665 DIPLOMATICUS
1518 624 1520 634 ·
1946 613 2006 674 175

206 832 331 904 teiude
346 833 461 918 recepi
478 835 675 902 mantellum
694 850 812 900 uuum.
831 831 996 916 finitoque
1021 833 1193 916 launegilt
1215 832 1328 917 ipsum
1352 837 1437 919 aput
1460 855 1523 904 nos
1538 853 1578 904 ea
1593 837 1738 918 ratione,
1765 855 1828 923 per
1851 856 2056 908 consensum

204 991 235 1056 et
248 988 440 1055 volumtate
455 984 498 1054 de
514 987 589 1070 ipso
604 985 677 1052 filio
693 1004 788 1054 meus
804 985 921 1069 obligo
937 1004 991 1053 me
1006 987 1040 1051 et
1057 1002 1151 1052 meos
1167 985 1311 1054 heredes
1328 987 1451 1054 amodo
1466 991 1501 1055 et
1522 1007 1656 1076 semper
1681 992 1918 1060 antistandum
1941 996 1975 1060 et
1998 993 2055 1062 de·

201 1139 404 1209 sensaudum
421 1139 543 1206 inclita
558 1138 760 1224 supradicta
775 1157 851 1206 mea
867 1138 1051 1208 donatione
1067 1157 1144 1205 cum
1161 1140 1236 1206 bice
1251 1139 1295 1206 de
1311 1140 1368 1206 bia
1380 1158 1444 1216 ¹sua
1459 1141 1520 1208 tibi
1537 1148 1572 1210 et
1588 1145 1642 1211 cui
1658 1162 1722 1229 per
1736 1148 1770 1212 te
1786 1145 1904 1212 datum
1931 1163 2056 1232 parue-

203 1295 246 1362 rit
259 1295 297 1360 et
313 1291 357 1361 ad
374 1292 499 1362 vestris
514 1295 549 1361 et
576 1292 669 1360 illius
695 1290 878 1359 heredibus
904 1293 948 1358 ab
975 1291 1134 1358 omnibus
1161 1291 1356 1361 hominibus
1383 1292 1542 1378 omnique
1568 1295 1738 1378 partibus.
1757 1296 1787 1363 si
1809 1299 1935 1373 autem,
1965 1296 2055 1365 sicut

205 1449 330 1516 dictum
346 1449 409 1525 est,
427 1447 544 1514 taliter
561 1447 639 1514 illut
654 1443 835 1514 vobis'non
850 1445 1156 1523 defensaberimus‚
1174 1447 1267 1524 tunc,
1283 1445 1373 1513 sicut
1389 1447 1494 1512 inlex
1510 1447 1805 1532 langobardorum
1824 1447 1867 1516 de
1881 1447 2006 1516 donum
2022 1452 2058 1517 et

202 1601 370 1686 launegilt
386 1601 552 1680 continet,
571 1601 622 1668 ita
636 1619 702 1685 ego
718 1603 753 1669 et
769 1617 863 1668 meos
880 1600 969 1666 filios
984 1601 1019 1664 et
1035 1597 1180 1666 heredes
1204 1599 1302 1666 vobis
1325 1601 1514 1684 vestrisque
1538 1600 1721 1668 heredibus
1744 1600 1995 1685 adimpleamus
2017 1605 2053 1670 et

204 1753 439 1840 persolbamus
460 1741 637 1820 'iustitiam
649 1774 659 1840 ;
684 1755 720 1819 et
742 1735 771 1819 si
795 1769 862 1834 ego
883 1747 946 1817 'aut
967 1767 1059 1818 meos
1083 1751 1173 1817 filios
1196 1753 1231 1818 et
1253 1750 1396 1820 heredes
1418 1751 1496 1819 illut
1518 1753 1570 1820 rel
1595 1751 1721 1820 exinde
1743 1753 1840 1820 vobis
1863 1753 2055 1838 vestrisque

202 1905 384 1974 heredibus
400 1907 522 1974 tollere
538 1907 596 1972 aut
612 1906 773 1972 contrare
794 1921 854 1972 seu
877 1907 1054 1971 remobere
1078 1855 1315 1990 quesierimus}
1335 1907 1416 1972 tunc
1440 1907 1520 1974 ante
1544 1903 1662 1972 omnia
1684 1905 1818 1990 questio
1840 1907 1875 1973 et
1898 1905 2054 1971 causatio

201 2059 317 2124 nostra
332 2055 425 2124 etde
440 2057 577 2124 nostros
591 2056 681 2124 tilios
696 2057 731 2124 et
745 2055 888 2124 heredes
903 2055 1067 2126 adversus
1083 2077 1142 2124 vos
1157 2060 1190 2124 et
1205 2059 1340 2124 vestros
1358 2057 1502 2125 heredes
1517 2057 1563 2125 sit
1587 2057 1713 2125 exinde
1736 2057 1842 2124 tacita
1866 2063 1901 2124 et
1926 2059 2046 2137 bacua,

202 2215 235 2280 et
248 2211 367 2278 decem
384 2207 462 2276 auri
479 2208 608 2278 solidos
624 2208 925 2276 constantinianus
941 2226 1147 2292 componere
1164 2209 1280 2294 obligo
1296 2227 1353 2276 me
1368 2212 1402 2276 et
1417 2226 1511 2277 meos
1527 2210 1617 2277 lilios
1632 2213 1668 2277 et
1684 2209 1828 2277 heredes
1843 2203 1913 2274 'tibi
1939 2213 1973 2277 et
1996 2211 2052 2276 cui

201 2378 260 2446 per
276 2361 312 2427 te
330 2359 407 2426 illut
422 2361 476 2426 vel
491 2359 619 2427 exinde
634 2357 750 2425 datum
767 2357 924 2442 paruerit
938 2359 973 2427 et
988 2357 1168 2425 advestris
1183 2361 1217 2427 et
1232 2358 1327 2424 illius
1343 2357 1540 2436 heredibus
1554 2359 1599 2436 et,
1615 2359 1702 2426 sicut
1717 2357 1844 2426 dictum
1860 2361 1922 2436 est,
1938 2360 2055 2427 omnia

199 2511 435 2594 suprascripta
458 2509 555 2575 vobis
578 2509 843 2592 adimpleamus.
863 2511 977 2574 tanuen
1002 2507 1137 2592 quando
1159 2525 1223 2591 per
1246 2524 1307 2573 vos
1331 2507 1416 2590 ipsis
1439 2507 1618 2575 volueritis
1642 2506 1722 2574 inde
1745 2525 1818 2574 esse
1841 2509 1999 2576 auctores
2020 2509 2056 2575 et

198 2607 405 2736 deiensores
420 2662 503 2726 tunc
521 2659 597 2726 bice
611 2660 733 2726 nostra
747 2659 921 2725 licentiam
938 2664 973 2726 et
990 2662 1192 2743 potestatem
1208 2658 1366 2726 habeatis
1383 2677 1459 2724 cum
1474 2657 1550 2741 ipsa
1565 2659 1709 2742 scriptio
1725 2660 1853 2724 etcum
1869 2658 1969 2741 quale
1986 2658 2058 2725 alia

199 2811 369 2878 monimen
387 2813 422 2877 et
436 2810 571 2877 ratione
586 2809 667 2878 inde
683 2811 885 2888 habueritis,
902 2811 938 2876 in
955 2811 1114 2877 omnibus
1129 2808 1209 2876 iude
1226 2827 1370 2876 causare
1384 2811 1418 2877 et
1429 2809 1497 2875 dne
1513 2809 1629 2875 facere
1646 2808 1796 2892 qualiter
1812 2808 1929 2886 vultis,
1948 2809 1982 2874 et
1994 2825 2058 2892 per

137 2999 140 3003 ·
199 2983 257 3032 vos
272 2965 361 3049 ipsis
377 2965 456 3031 illut
472 2964 568 3031 vobis
585 2963 786 3050 defensatis3
804 2982 885 3030 uam
903 2961 1039 3048 quando
1056 2981 1111 3030 me
1127 2963 1182 3028 uel
1199 2979 1292 3028 meos
1307 2960 1452 3028 heredes
1467 2960 1548 3027 inde
1564 2960 1758 3046 quesieritis
1774 2962 1876 3028 abere
1892 2963 2052 3027 auctores

123 3125 128 3137 ·
197 3121 230 3184 et
247 3118 457 3194 defensores,
477 3116 644 3184 remittite
660 3115 703 3182 ad
721 3117 842 3182 nostra
858 3117 1029 3200 potestate
1045 3114 1056 3179 i
1060 3133 1121 3200 pso
1136 3114 1303 3198 scriptum
1320 3116 1355 3179 et
1369 3131 1432 3180 nos
1450 3112 1528 3180 inde
1542 3129 1719 3181 causemus
1741 3131 1848 3197 usque
1871 3112 1915 3178 ad
1938 3129 2056 3178 veram

198 3275 231 3340 et
245 3270 436 3337 diffinitam
453 3271 568 3353 legem
585 3271 715 3354 absque
730 3266 890 3345 colludio,
905 3269 940 3334 et
955 3269 1033 3350 post
1048 3266 1153 3335 duem
1170 3266 1294 3332 factam
1310 3265 1388 3350 ipsa
1403 3264 1549 3348 scriptio
1565 3262 1662 3332 salba
1672 3265 1757 3348 aput
1768 3279 1828 3330 vos
1840 3263 2056 3331 remittamus

199 3423 238 3492 ad
255 3422 430 3491 abendum
448 3422 511 3488 illa
526 3423 563 3487 in
580 3421 746 3490 iamdicta
761 3422 910 3489 ratione.
929 3421 963 3486 et
978 3395 1095 3486 taliter
1110 3418 1264 3484 scribere
1278 3416 1477 3501 rogabimus
1499 3419 1534 3482 te
1558 3417 1733 3501 iaquintus
1756 3414 1922 3482 notarius.
1941 3415 2056 3481 actum

196 3579 343 3646 salerno.
470 3643 474 3650 ,

251 3701 281 3814 “Ι’
297 3747 367 3814 ego
383 3729 502 3812 petrus

250 3855 280 3968 †
295 3902 364 3967 ego
381 3881 575 3950 teudericus
591 3900 643 3949 me
661 3879 849 3964 subscripsi
958 3925 962 3932 -

247 4005 276 4117 †
292 4050 363 4118 ego
378 4037 498 4116 petrus

250 4157 280 4270 †
295 4202 364 4270 ego
380 4161 580 4255 madelmus.

978 4687 1278 4768 CGGXLV.

994 4937 1050 5012 A.
1087 4935 1138 5013 D.
1177 4931 1280 5010 982.
1447 4963 1448 4966 ¹

250 5257 366 5324 Huius
379 5253 601 5320 maurae
611 5251 766 5332 plumbus
781 5249 818 5314 ia
834 5247 916 5315 locis
930 5246 1071 5313 abrasae
1086 5245 1151 5311 aiau
1166 5245 1252 5312 duri
1261 5244 1372 5325 potest
1386 5242 1624 5309 mutatorium.
1746 5235 1748 5242 ’

249 5358 423 5492 †Primo
440 5422 533 5472 anno
557 5401 774 5490 principatus
797 5399 914 5468 domni
938 5397 1112 5467 Mansonis
1135 5395 1327 5482 imperialis
1350 5393 1491 5480 patricii
1513 5395 1548 5460 et
1570 5389 1695 5458 domni*
1711 5386 1873 5456 Iohannis
1897 5385 1970 5452 eius
1992 5383 2056 5450 lilii

190 5561 341 5644 gloriosi
370 5559 567 5645 principis,
597 5575 715 5624 mense
740 5555 877 5623 Octobri
911 5553 1102 5620 undecima
1129 5551 1328 5617 indictione.
1355 5549 1498 5614 Amatus
1519 5544 1709 5629 Episcopus
1743 5539 1984 5608 salernitanae
2006 5555 2060 5604 se·
2088 5583 2090 5588 ,

190 5709 244 5779 dis
259 5711 446 5781 declarans
462 5712 590 5777 habere
605 5707 770 5794 quasdam
788 5705 1020 5791 possessiones
1044 5706 1080 5772 in
1105 5706 1179 5771 loco
1195 5695 1296 5771 F'onti
1320 5699 1378 5766 ubi
1400 5698 1445 5764 de
1462 5695 1675 5764 Flembetutu
1698 5694 1837 5770 dicitur,
1855 5709 1942 5778 quae
1965 5690 2055 5756 inter

193 5837 281 5930 alios
297 5864 386 5932 fines
402 5865 528 5930 hahent
545 5863 695 5928 montem
715 5858 904 5927 Fuderaum
920 5859 957 5925 in
980 5856 1106 5923 finibus
1130 5854 1299 5928 (letaniae,
1315 5854 1352 5918 et
1374 5847 1540 5934 quasdam
1565 5847 1719 5931 aliasin
1742 5845 1866 5912 finibus
1892 5838 2056 5911 Nuceriae
