5210 7098
573 599 634 662 aaa
1133 691 1135 694 Ι
1233 583 1398 657 oooux
1431 587 1672 670 cavensis

584 801 614 915 †
637 845 704 914 ego
727 830 830 916 petru

584 955 703 1070 †ego
726 982 900 1053 maraldus
923 983 1078 1052 notarius
1102 1003 1157 1054 me
1179 985 1379 1072 subscripsi.

1240 1447 1243 1454 ’
1284 1491 1625 1574 ceccaum.

1311 1741 1366 1816 A.
1404 1741 1454 1818 D.
1494 1737 1597 1818 993.

590 2001 625 2135 †
646 2054 685 2118 ln
701 2051 845 2117 nomine
860 2049 992 2116 domini
1010 2049 1144 2116 decimo
1161 2067 1253 2118 anno
1268 2049 1488 2135 principatus
1503 2048 1622 2116 domni
1636 2049 1749 2118 nostri
1771 2049 1914 2118 iohanni
1936 2054 1970 2120 et
1993 2057 2117 2138 quarto
2140 2071 2234 2122 anno
2256 2059 2386 2142 princi-

531 2207 636 2288 patus
653 2204 769 2273 domni
787 2205 972 2290 guaimarii
988 2205 1063 2272 eius
1079 2205 1152 2271 filio
1169 2205 1315 2300 gloriosi
1331 2189 1560 2290 principibus,
1579 2223 1696 2274 mense
1719 2203 1899 2274 ianuarias
1922 2209 2022 2276 sexta
2045 2207 2245 2278 indictione.
2263 2213 2386 2279 Memo-

531 2359 705 2424 ratorium
722 2359 847 2434 lactum
866 2377 888 2426 a
903 2376 959 2426 me
976 2358 1125 2426 andreas
1141 2359 1233 2426 filius
1250 2359 1392 2426 iohanni
1408 2359 1499 2425 fabri
1516 2358 1575 2444 qui
1593 2360 1730 2444 perteus
1752 2360 1901 2438 occubit,
1920 2379 1960 2428 eo
1983 2360 2073 2446 quod
2098 2363 2178 2430 ante
2201 2363 2384 2449 subscripti

533 2514 638 2580 testes
657 2513 838 2580 coniuntus
853 2533 928 2580 sum
946 2513 990 2580 ad
1008 2515 1099 2580 bona
1113 2511 1400 2582 combeniontiam
1417 2531 1495 2580 curn
1513 2531 1594 2581 urso
1615 2513 1741 2583 clerico
1765 2518 1800 2583 et
1823 2517 1942 2600 petrus
1967 2517 2128 2600 germani
2152 2516 2221 2585 mei
2244 2523 2388 2603 propter

540 2625 639 2735 terra
662 2685 739 2733 cum
764 2668 862 2732 binea
885 2667 928 2735 dc
951 2670 1063 2734 locum
1089 2668 1208 2734 selline
1222 2621 1374 2752 'propter
1398 2667 1585 2735 sortiouem
1610 2667 1700 2753 quod
1723 2669 1848 2737 exinde
1871 2669 2043 2754 superflua
2065 2673 2187 2740 tollere
2209 2675 2384 2756 querebat,

535 2817 626 2903 quod
642 2817 808 2885 dixerunt
823 2819 981 2901 paratam
997 2819 1101 2884 abere
1118 2835 1139 2883 a
1155 2819 1255 2900 parte
1271 2814 1400 2884 andree
1417 2817 1589 2885 abitantcs
1604 2817 1647 2884 de
1663 2820 1765 2902 caput
1789 2820 1888 2903 aquis
1912 2819 1976 2886 filii
2001 2820 2088 2905 petri
2112 2821 2281 2907 capiezuti
2298 2825 2333 2889 et
2346 2822 2389 2890 da

536 2972 738 3040 domnanda
753 2989 861 3040 uxore
877 2991 942 3040 sua
958 2973 1045 3057 quod
1061 2973 1239 3040 disserunt
1254 2972 1296 3042 dc
1313 2974 1383 3039 tota
1399 2973 1477 3059 ipsa
1492 2975 1588 3040 terra
1605 2991 1681 3040 cum
1698 2972 1798 3040 binea
1814 2973 1904 3058 quod
1921 2973 1990 3041 illis
2007 2977 2041 3042 et
2057 2993 2123 3060 ego
2140 2975 2176 3043 in
2192 2975 2386 3062 predictum

533 3129 646 3194 locum
662 3127 779 3194 tellina
795 3125 1007 3193 dominaturi
1024 3144 1066 3192 ac
1083 3125 1281 3210 posscxsuri
1299 3143 1428 3202 sumus,
1450 3123 1664 3193 medictatem
1687 3125 1900 3210 pertinentes
1917 3125 2037 3194 fuisset
2060 3127 2170 3210 ipsius
2192 3126 2388 3196 domnanda

536 3287 570 3350 et
586 3281 734 3368 predicti
751 3282 818 3348 biri
834 3282 900 3361 sui,
920 3283 954 3348 et
971 3283 1048 3365 ipsa
1065 3279 1229 3349 medietas
1247 3279 1481 3364 predictorum
1499 3277 1569 3347 ursi
1586 3281 1620 3348 et
1635 3279 1726 3364 petri
1749 3297 1769 3344 a
1792 3279 1950 3362 predicta
1973 3278 2098 3348 mulier
2120 3283 2154 3350 et
2176 3280 2292 3348 birum
2315 3282 2388 3350 cius

533 3450 653 3504 eorum
671 3435 910 3502 confirmatum
928 3433 1060 3511 suisset,
1079 3431 1214 3516 reliqua
1232 3432 1398 3499 medietas
1414 3430 1533 3499 suisset
1549 3430 1705 3516 predicto
1728 3431 1881 3516 genitori
1904 3435 2036 3512 nostre,
2053 3437 2087 3502 et
2109 3449 2174 3502 nos
2195 3433 2275 3501 illut
2298 3451 2388 3498 com-

536 3607 640 3656 mune
655 3589 795 3655 abemus
812 3605 889 3653 cum
914 3587 982 3670 ipsi
1000 3586 1226 3671 germanibus
1248 3585 1390 3652 nostris.
1418 3602 1485 3654 nuc
1510 3589 1637 3663 autem,
1657 3585 1747 3652 sicut
1769 3586 1897 3652 dictum
1921 3588 1984 3664 est,
2011 3588 2198 3671 propterea
2220 3604 2299 3652 cum
2322 3585 2386 3670 ipsi

534 3741 763 3825 germanibus
780 3739 865 3808 meis
880 3741 960 3806 sunt
976 3737 1131 3806 coniunti
1147 3737 1190 3804 ad
1207 3740 1298 3804 bona
1312 3738 1566 3818 conbenientia,
1586 3739 1645 3824 qui
1662 3739 1780 3806 statim
1798 3738 2043 3824 presentaliter
2059 3737 2153 3806 dedit
2176 3755 2243 3822 ego
2260 3737 2306 3804 ad
2321 3737 2385 3822 ipsi

536 3891 696 3977 germani
713 3892 779 3960 mei
797 3891 967 3976 quadtuor
983 3892 1060 3959 auri
1077 3892 1147 3958 tari
1165 3892 1266 3979 boni;
1285 3894 1319 3960 et
1336 3891 1406 3959 illia
1429 3910 1493 3976 pro
1518 3892 1633 3961 taliter
1658 3911 1720 3976 per
1745 3893 1835 3958 bona
1858 3865 2099 3958 conbenientia
2121 3892 2332 3958 remiserunt
2352 3889 2386 3955 in

533 4047 751 4115 conmuniter
766 4044 924 4130 predicta
940 4045 1124 4114 medietate
1140 4045 1183 4113 da
1199 4045 1277 4130 ipsa
1293 4046 1390 4111 terra
1407 4061 1483 4110 cum
1509 4043 1608 4110 binea
1632 4042 1721 4128 quod
1747 4046 1790 4110 ab
1813 4043 1890 4126 ipsa
1912 4042 2109 4110 domnanda
2130 4047 2165 4112 et
2188 4062 2211 4111 a
2234 4041 2385 4127 predicto

533 4198 609 4268 biro
625 4201 697 4269 eius
708 4199 863 4267 dicebam
879 4200 1038 4284 paratam
1053 4201 1183 4270 aberet,
1197 4197 1233 4264 in
1251 4197 1313 4264 tali
1330 4196 1462 4276 ordine,
1477 4199 1514 4263 ut
1530 4215 1596 4280 ego
1612 4197 1746 4263 tolleret
1762 4194 1887 4264 exinde
1903 4196 2044 4263 tertiam
2060 4211 2155 4278 pars,
2170 4197 2206 4262 ct
2218 4194 2297 4278 ipsa
2309 4210 2384 4261 urso

531 4355 676 4424 clericus
693 4355 788 4421 halia
803 4354 941 4421 tertiam
960 4355 1111 4438 partem,
1130 4355 1165 4418 et
1181 4351 1254 4436 ipse
1270 4353 1389 4436 petrus
1404 4350 1473 4418 alia
1490 4351 1627 4418 tertiam
1646 4352 1794 4435 partem,
1815 4349 1858 4416 ad
1877 4349 2072 4416 faciendum
2097 4307 2160 4432 per
2184 4349 2303 4431 partes
2326 4361 2382 4412 nos

531 4508 727 4592 nostrisque
744 4505 904 4574 eredibus
921 4505 1050 4574 exinde
1067 4507 1185 4574 omnia
1202 4505 1288 4590 quod
1308 4505 1529 4572 bolucrimus.
1550 4503 1638 4572 unde
1649 4521 1714 4590 pro
1725 4502 1844 4570 taliter
1860 4521 1922 4588 per
1940 4505 2031 4570 bona
2046 4499 2290 4568 conbenicntia
2304 4515 2379 4584 gua·

529 4660 589 4728 dia
605 4661 692 4727 mibi
708 4660 777 4744 ipsi
793 4659 964 4727 nominati
980 4660 1138 4743 germani
1158 4658 1224 4725 mci
1242 4657 1409 4726 dederunt
1424 4660 1459 4724 et
1472 4655 1680 4724 mediatores
1696 4655 1781 4724 milri
1798 4657 1988 4740 posuerunt
2003 4656 2140 4722 ciceuus
2163 4653 2257 4720 tilius
2280 4666 2375 4737 quou-

529 4814 611 4882 dam
629 4813 806 4900 adalghisi
822 4830 995 4900 capuano;
1015 4815 1048 4881 et
1064 4831 1125 4897 per
1143 4812 1221 4896 ipsa
1237 4809 1365 4896 guadia
1381 4809 1626 4893 obligaberunt
1649 4826 1685 4875 se
1709 4807 1776 4892 ipsi
1801 4806 1960 4892 germani
1985 4806 2053 4873 mei
2077 4809 2112 4872 et
2134 4805 2206 4873 suis
2227 4801 2373 4872 eredibus

437 4991 442 5000 ·
530 4965 658 5036 amodo
675 4971 710 5036 et
726 4985 861 5052 semper
878 4965 1116 5035 antistandum
1132 4967 1167 5035 et
1182 4963 1429 5033 defensandum
1448 4963 1535 5030 mihi
1559 4961 1695 5046 meique
1718 4958 1876 5029 eredibus
1900 4957 2025 5025 inclita
2048 4957 2126 5042 ipsa
2148 4973 2225 5023 mea
2247 4952 2371 5022 tertiam

531 5127 669 5207 partem
685 5119 729 5188 da
744 5121 796 5188 illi
814 5119 987 5188 ominibus
1002 5121 1035 5187 et
1050 5117 1207 5203 partibus
1223 5114 1279 5183 cui
1295 5117 1348 5184 vel
1366 5116 1425 5182 ubi
1443 5133 1505 5200 per
1523 5115 1594 5183 illis
1610 5115 1688 5182 illut
1704 5115 1759 5181 vel
1782 5111 1919 5191 exinde,
1938 5113 1999 5178 aut
2021 5127 2082 5194 per
2105 5109 2182 5195 ipsa
2202 5105 2365 5176 nominata

532 5276 731 5345 domnanda
746 5277 800 5342 vel
818 5294 880 5361 per
897 5273 972 5360 ipso
990 5273 1065 5339 biro
1081 5273 1155 5339 eius
1169 5269 1289 5338 datum
1308 5273 1366 5337 aut
1382 5271 1574 5356 obligatum
1590 5287 1650 5337 seu
1667 5267 1842 5353 tingatum
1859 5267 1913 5334 vel
1931 5261 2198 5332 manilextatum
2217 5255 2365 5346 paruerit,

535 5428 591 5494 rel
614 5425 673 5511 qui
697 5443 761 5512 pro
785 5427 921 5494 illarum
947 5424 1105 5512 partibus
1132 5421 1369 5508 quodcumque
1396 5422 1614 5490 causationes
1641 5417 1767 5487 exinde
1795 5415 2024 5502 preposuerit.
2044 5419 2078 5483 et
2103 5413 2134 5481 si
2161 5412 2276 5481 taliter
2298 5410 2362 5476 etc:

529 5579 645 5648 Multo
659 5578 802 5664 definito
816 5579 884 5660 fuit
895 5595 962 5662 per
978 5578 1127 5662 triptota
1143 5591 1264 5642 aurcos
1280 5574 1403 5642 solidos
1430 5574 1730 5642 coostaottotooos.
1761 5574 1794 5636 et
1818 5571 1909 5636 bunc
1930 5569 2070 5636 brebem
2094 5565 2217 5651 scripsi
2241 5579 2299 5648 ego
2317 5573 2371 5641 pe·

481 5753 482 5757 *
525 5731 789 5801 trusnotarius

583 5857 614 5972 †
636 5902 703 5971 ego
727 5884 917 5971 rodolghisi
