5286 7098
974 543 1349 618 ullllolll‘llclls

1018 999 1321 1080 CCXCVII.

1016 1245 1076 1320 A.
1112 1244 1162 1321 D.
1200 1243 1303 1321 977.

286 1491 381 1628 †ln
411 1538 550 1607 nomine
576 1537 708 1606 domini
736 1555 828 1604 anno
852 1535 1114 1622 quadragesimo
1137 1537 1259 1621 quinto
1282 1539 1497 1624 principatus
1519 1539 1637 1632 domni
1662 1541 1773 1608 nostri
1796 1543 1912 1627 gisolfi
1936 1544 2082 1628 gloriosi

222 1691 392 1779 principis
407 1693 442 1758 ct
457 1692 579 1776 quarto
594 1707 685 1757 anno
700 1690 919 1775 principatus
935 1687 1060 1756 domne
1076 1707 1213 1774 gemme
1236 1690 1357 1758 uxoris
1380 1691 1454 1758 eius
1469 1701 1503 1760 et
1519 1691 1636 1761 domni
1652 1693 1796 1778 paldolfi
1819 1696 1937 1780 optato
1959 1712 2078 1763 eorum

224 1845 308 1922 illio,
334 1862 449 1913 mense
471 1844 659 1910 nobember
682 1845 775 1911 sesta
799 1842 998 1912 indictione.
1013 1843 1152 1910 declaro
1175 1861 1241 1927 ego
1265 1844 1435 1912 iohannes
1457 1843 1576 1913 diuina
1599 1847 1739 1914 fabente
1763 1847 1946 1917 clementia
1961 1851 2080 1933 presul

221 1997 337 2064 sancte
353 1993 444 2064 sedis
460 1995 683 2062 salernitane.
700 1995 941 2063 claresacimus
956 2011 1019 2061 nos
1035 2013 1139 2078 quum
1157 2013 1240 2079 pars
1255 1996 1402 2080 predicti
1419 1997 1527 2064 nostri
1545 1967 1711 2082 episcopii
1724 2001 1840 2084 plures
1856 2001 1958 2067 rebus
1973 2001 2079 2067 habet

225 2166 290 2232 per
305 2146 451 2214 diuersis
463 2147 547 2214 locis
561 2145 621 2230 qui
645 2146 773 2212 inculte
797 2149 1017 2229 pernimium,
1034 2147 1092 2229 qui
1108 2165 1235 2230 apsque
1258 2148 1365 2214 ullum
1382 2147 1529 2214 eiectum
1554 2165 1638 2232 pars
1653 2149 1763 2215 nostri
1780 2149 1945 2234 episcopii
1969 2149 2076 2234 possi·

222 2298 299 2385 det;
316 2299 368 2367 set
383 2315 475 2365 nunc
492 2299 605 2366 autem
622 2298 796 2393 querimus
811 2296 937 2365 exinde
953 2296 1038 2364 dare
1054 2297 1111 2363 ubi
1129 2299 1342 2382 potuerimus
1357 2297 1430 2365 sibe
1445 2316 1507 2382 per
1523 2300 1799 2367 commutationis
1816 2300 1948 2379 ordine,
1969 2305 2007 2367 ut
2022 2320 2076 2370 re-

222 2453 413 2537 ciperemus
428 2467 492 2534 pro
510 2449 638 2517 exinde
651 2450 951 2516 aliam-meliorem
969 2451 1070 2516 rebus
1085 2452 1123 2514 ut
1138 2451 1253 2534 aliqua
1268 2451 1477 2534 perfectione
1492 2451 1539 2516 im
1557 2469 1640 2536 pars
1654 2453 1765 2519 nostri
1781 2453 1946 2538 episcopii
1962 2455 2077 2522 eveni-
2140 2522 2144 2534 ,

221 2605 313 2688 rcnt3
330 2603 365 2668 et
386 2599 467 2667 dum
484 2617 590 2666 causa
604 2599 673 2666 ista
687 2618 750 2684 per
766 2601 882 2684 plures
898 2598 1018 2666 diebus
1034 2599 1164 2666 illucet
1179 2600 1261 2666 illuc
1276 2599 1534 2683 dibulgabimus
1549 2605 1584 2668 et
1599 2601 1782 2687 dibulgare
1805 2603 1958 2682 fecimus,
1973 2621 2075 2671 nemo

219 2755 427 2823 imbenimus
444 2755 504 2839 qui
518 2755 604 2821 talia
619 2754 718 2821 nobis
733 2756 848 2821 lacere
864 2755 1030 2820 volarent.
1050 2753 1231 2821 nouissime
1248 2756 1363 2820 autem
1380 2755 1475 2821 venit
1498 2759 1534 2821 at
1556 2770 1619 2822 nos
1643 2756 1791 2840 lupenus
1815 2756 2016 2824 amalfitano
2038 2757 2079 2823 fl-

219 2909 287 2976 lius
310 2908 470 2974 mauroni
487 2906 622 2972 comitis
641 2905 723 2972 illuc
739 2905 909 2971 abitantes
925 2903 1071 2970 decibos
1088 2903 1216 2982 antalli,
1236 2905 1294 2988 qui
1310 2903 1402 2971 dixit
1424 2905 1533 2984 uobis,
1553 2908 1591 2971 ut
1606 2905 1635 2972 si
1659 2924 1722 2990 per
1745 2924 1835 2974 vona
1857 2907 2074 2975 combcnien·

219 3062 269 3128 tia
292 3059 487 3128 dederimus
510 3058 541 3126 ei
565 3056 785 3126 medietatem
802 3057 924 3124 inclita
938 3058 1108 3125 hecclesia
1122 3058 1328 3124 vocabulum
1343 3060 1500 3126 sanctum
1518 3057 1629 3134 selice,
1647 3075 1715 3141 que
1729 3057 1888 3126 edificata
1903 3061 1956 3127 est
1971 3059 2007 3126 in
2023 3061 2072 3126 lo-

217 3233 295 3280 cum
313 3213 398 3280 sonti
410 3212 619 3280 salernitane
634 3211 771 3290 linibus
791 3229 869 3277 oum
894 3210 1011 3279 inclite
1035 3195 1233 3279 medietates
1282 3260 2066 3279 ..............

221 3414 825 3430 ...........
848 3363 1013 3449 episcopii
1031 3333 1109 3430 illut
1123 3365 1335 3448 pertinentes
1351 3365 1414 3438 est,
1433 3365 1492 3434 ille
1508 3365 1623 3433 autern
1639 3361 1725 3430 darc
1740 3363 1839 3431 nobis
1854 3366 1891 3430 in
1914 3383 1998 3448 pars
2013 3361 2075 3431 no-

215 3519 281 3582 stri
305 3517 472 3602 episcopii
495 3515 614 3584 docem
637 3517 725 3585 libre
747 3519 917 3601 argentei.
942 3517 1024 3585 dum
1051 3516 1132 3584 talia
1156 3517 1334 3585 audientes
1346 3567 1713 3584 .......
1762 3517 1969 3602 colloquium
1993 3537 2071 3586 cum

216 3672 337 3756 petrus
359 3670 463 3738 iudex
486 3670 727 3739 advocatorem
751 3637 861 3740 nostri
878 3671 1045 3755 episcopii
1068 3674 1199 3740 etcum
1225 3672 1392 3739 iohannes
1415 3670 1520 3738 levita
1525 3722 2068 3739 ..........

217 3822 456 3916 bicedomnum
481 3825 637 3891 nostrum
658 3825 693 3892 et
714 3842 791 3893 cum
814 3825 900 3952 apos
923 3827 1034 3892 cleros
1056 3827 1217 3892 onoratos
1240 3827 1353 3892 nostri
1376 3825 1559 3909 episcopii.
1587 3824 1677 3892 lnito
1702 3825 1859 3904 consilio,
1879 3828 2073 3912 comparuit

213 3977 326 4056 nobis
346 3979 384 4044 ut
400 3975 525 4045 melius
539 3995 613 4047 esse
629 3965 730 4045 nobis
745 3977 827 4044 dare
843 3976 918 4044 illut
933 3977 1043 4044 cidem
1061 3978 1177 4061 lupeni
1193 3980 1228 4044 et
1244 3978 1477 4062 reciperemus
1494 3979 1559 4044 hab
1581 3995 1657 4044 cum
1677 3977 1788 4062 ipsum
1810 3982 2006 4063 argentum.
2060 4034 2067 4045 .

218 4178 465 4194 .....
491 4128 600 4196 nostri
616 4129 783 4213 episcopii
799 4121 996 4198 necessaria
1011 4132 1092 4195 sunt
1107 4147 1171 4214 pro
1187 4127 1413 4196 conclaudum
1431 4129 1598 4196 hecclesia
1612 4129 1722 4195 nostri
1746 4128 1911 4214 episcopii
1928 4131 2070 4198 coniun-

212 4281 306 4346 ctum
322 4281 358 4345 et
373 4296 438 4364 pro
454 4277 679 4345 conciandum
696 4279 796 4347 vinee
803 4279 921 4377 'nostri
944 4279 1112 4364 episcopii
1137 4298 1203 4363 que
1225 4279 1396 4347 destructe
1418 4280 1508 4347 sunt.
1528 4297 1592 4348 nos
1609 4277 1770 4363 superius
1786 4279 1917 4346 domini
1934 4279 2069 4346 miseri-

211 4403 334 4500 cordia
348 4432 506 4518 pontifex
523 4451 626 4517 super
642 4433 761 4500 eadem
778 4431 893 4509 rebus,
911 4451 1010 4518 quern
1027 4432 1102 4516 ipse
1120 4434 1264 4518 lupenus
1279 4397 1303 4501 a
1317 4452 1379 4502 nos
1393 4434 1508 4518 querit
1524 4435 1656 4513 tollere,
1674 4432 1865 4501 direximus
1888 4435 2067 4519 ipsumque

209 4587 331 4669 petrus
347 4584 588 4654 advocatorem
603 4587 759 4654 nostrum
776 4589 811 4654 ct
826 4587 1004 4672 ipsumque
1019 4587 1190 4655 iohannes
1205 4587 1309 4655 levita
1324 4588 1358 4656 et
1373 4585 1564 4672 predictum
1587 4585 1721 4672 sergius
1736 4587 1883 4655 clericus
1897 4585 2068 4655 bicedom·

208 4755 294 4805 num
318 4741 487 4816 nostrum,
505 4739 545 4803 ut
566 4755 644 4804 cum
667 4736 777 4805 doctis
794 4739 991 4806 hominibus
1014 4738 1057 4808 de
1071 4739 1157 4824 ipsis
1171 4739 1257 4806 locis
1280 4741 1394 4806 rebus.
1425 4791 1431 4804 .
1462 4789 1469 4802 .
1501 4789 1508 4802 .
1534 4756 1612 4804 cum
1635 4737 1793 4823 predicta
1814 4741 1984 4808 hecclesia
2006 4759 2067 4807 an·

206 4889 337 4956 darent
353 4890 389 4956 et
404 4887 628 4972 providerent
641 4891 676 4956 et
692 4888 842 4958 studiose
866 4889 944 4956 illut
966 4889 1178 4968 estimarent,
1198 4891 1234 4956 ut
1249 4889 1366 4974 aliqua
1388 4887 1600 4957 damnietate
1615 4889 1663 4955 im
1678 4907 1760 4975 pars
1775 4891 1884 4958 nostri
1901 4891 2068 4976 episcopii
2117 4847 2120 4852 Ι

207 5059 280 5108 non
296 5041 486 5109 evenirent.
506 5043 541 5108 ct
556 5039 636 5107 dum
655 5040 738 5108 illuc
752 5041 913 5109 abierunt
927 5045 961 5110 et
978 5041 1022 5108 ad
1038 5058 1102 5107 nos
1124 5042 1256 5108 rebersi
1280 5044 1360 5109 sunt
1382 5045 1614 5109 narraverunt
1637 5042 1746 5120 nobis
1766 5045 1802 5108 ut
1816 5031 1920 5125 snper
1945 5040 2064 5109 eadem

206 5193 314 5261 rebus
328 5191 517 5260 andassent
529 5193 564 5258 et
576 5190 818 5276 providissent,
833 5197 867 5261 et
878 5191 1029 5261 studiose
1045 5195 1124 5261 illut
1139 5211 1216 5259 cum
1229 5192 1339 5260 doctis
1350 5192 1547 5261 hominibus
1558 5191 1601 5259 de
1612 5191 1728 5258 eodem
1741 5193 1816 5258 loco
1831 5191 2061 5270 estimassent,

204 5319 341 5430 utplus
363 5346 478 5413 essent
500 5345 685 5429 argentum
708 5344 835 5429 ipsum,
854 5363 954 5430 quam
978 5345 1055 5430 ipsa
1072 5347 1173 5414 rebus
1190 5347 1345 5414 balerent
1360 5345 1466 5412 libras
1482 5342 1641 5428 argentei
1658 5343 1832 5426 quattuor.
1858 5341 1941 5410 dum
1965 5343 2064 5410 nobis

201 5498 238 5564 et
253 5496 418 5564 omnibus
434 5499 653 5580 complacuit,
671 5515 737 5582 ego
753 5499 910 5583 superius
925 5500 1041 5583 gratia
1056 5498 1110 5567 dei
1128 5500 1310 5584 episcopus
1326 5499 1404 5566 illut
1417 5515 1478 5581 per
1494 5495 1615 5564 ordine
1626 5491 1852 5562 nuntiandum
1867 5494 2062 5566 direximus

200 5665 267 5732 per
284 5647 466 5733 ipsumque
482 5651 600 5732 petrus
617 5648 719 5716 iudex
735 5649 778 5716 ad
797 5650 1015 5734 supradictos
1038 5650 1211 5734 gloriosos
1234 5649 1421 5734 principes,
1441 5650 1478 5714 ut
1492 5646 1521 5713 si
1539 5647 1676 5713 illorum
1694 5648 1872 5730 placuerit,
1891 5649 1954 5718 hec
1969 5665 2062 5716 com·

204 5798 382 5868 uenientia
399 5796 569 5866 internos
585 5800 783 5869 laceremus.
802 5801 871 5872 illis
888 5801 1206 5869 misericordiximis
1231 5803 1266 5867 et
1287 5818 1308 5864 a
1330 5799 1393 5867 deo
1409 5799 1617 5868 conservatis
1632 5800 1752 5882 magni
1778 5799 1964 5884 principes,
1978 5799 2061 5866 dum
