5286 7098
601 647 641 710 aa
1267 615 1431 728 ooouu
1466 613 1704 688 otvuvsvs

559 877 627 944 bile
650 875 684 942 et
706 869 831 937 mobile
854 865 971 934 uniter
994 861 1107 947 adque
1128 856 1357 926 communiter
1380 856 1458 942 ipsa
1480 874 1557 923 cum
1574 856 1655 926 tiliis
1672 859 1801 928 nostris
1822 860 2052 944 permanendi
2068 864 2103 930 et
2117 863 2282 941 abitandi,
2300 867 2335 932 ct
2354 885 2405 935 re

556 1025 662 1115 gendi
677 1025 713 1091 ct
729 1016 959 1107 gubernandi,
978 1015 1061 1082 dum
1077 1013 1163 1098 ipsis
1178 1010 1260 1080 filiis
1275 1009 1386 1079 nostri
1403 1009 1630 1095 pervenerint
1644 1009 1688 1078 ad
1704 1010 1897 1096 legitimam
1916 1015 2042 1083 etatem
2061 1035 2071 1100 3
2089 1015 2123 1082 et
2139 1021 2242 1100 aquo
2259 1015 2326 1100 ipsi
2342 1017 2402 1084 lilii

555 1167 684 1246 nostris
699 1169 924 1259 pervenerint
939 1166 983 1235 ad
1001 1165 1194 1250 legitimam
1210 1163 1335 1232 elatem
1358 1163 1392 1229 et
1407 1177 1478 1228 non
1492 1163 1704 1232 comvenerit
1725 1181 1761 1232 se
1781 1162 1897 1230 liniter
1920 1165 2147 1250 permanendi
2169 1166 2214 1235 ad
2235 1184 2305 1234 uno
2329 1187 2405 1236 eon-

555 1325 658 1404 vibio,
677 1326 756 1408 ipsa
770 1319 946 1388 nominata
962 1317 1120 1402 iaquinta
1134 1329 1224 1381 uxor
1239 1329 1318 1380 mea
1332 1313 1460 1380 habeas
1476 1314 1512 1380 et
1527 1311 1688 1380 deterreas
1703 1311 1746 1380 ad
1762 1331 1859 1380 suam
1881 1315 2085 1399 potestatem
2108 1316 2247 1386 vibendi
2268 1318 2404 1388 nomine

554 1495 661 1562 super
677 1494 776 1546 suum
795 1472 1003 1557 morginoap
1019 1467 1132 1538 media
1147 1466 1260 1533 omnis
1277 1468 1378 1533 rebus
1393 1483 1472 1532 mea
1487 1465 1611 1536 stabile
1626 1467 1661 1534 et
1675 1465 1801 1534 mobile
1816 1467 1851 1534 ot
1866 1467 1955 1538 casis
1977 1469 2074 1546 meis,
2103 1471 2220 1554 scepto
2246 1473 2405 1554 quantum

555 1627 655 1697 modo
671 1643 738 1711 ego
755 1625 791 1692 in
802 1623 881 1690 aliis
898 1621 1057 1708 partibus
1073 1618 1197 1696 iudico,
1216 1635 1297 1684 nam
1322 1617 1382 1684 illo
1405 1617 1491 1683 aliut
1505 1617 1615 1683 totum
1632 1617 1758 1686 babeas
1774 1578 1992 1686 medietatem
2005 1618 2143 1688 vibendi
2158 1621 2309 1699 nomine,
2327 1621 2405 1689 dum

556 1783 682 1850 lectum
698 1795 813 1846 meum
829 1773 1030 1844 custodierit
1044 1774 1080 1842 et
1093 1787 1163 1839 non
1183 1769 1353 1855 nupserit;
1371 1767 1401 1836 si
1416 1771 1532 1836 autem
1554 1768 1631 1854 ipsa
1657 1767 1810 1854 iaquinta
1828 1787 1938 1838 uxore
1956 1789 2038 1839 mea
2060 1773 2218 1858 nupserit
2238 1775 2299 1839 aut
2320 1791 2407 1839 mor-

556 1935 616 2000 tua
630 1929 746 2007 tuerit,
764 1893 1042 2012 ipsovibendum
1059 1924 1215 1992 rebertas
1230 1919 1273 1989 ad
1290 1921 1494 2005 potestatem
1517 1902 1559 1987 de
1581 1919 1667 1989 meis
1681 1919 1875 1989 heredibus.
1895 1920 2045 1988 hiterum
2061 1921 2187 1998 iudico,
2212 1923 2251 1988 ut
2265 1922 2337 1990 filie
2352 1939 2409 1988 no

559 2077 630 2152 stre
645 2081 815 2148 infantula
831 2077 971 2146 nomine
987 2071 1166 2144 malsenda
1181 2074 1215 2140 et
1232 2071 1344 2139 letitia
1359 2071 1582 2156 pervenerint
1607 2070 1651 2138 ad
1678 2071 1873 2156 legitimam
1899 2073 2035 2176 etatem
2064 2074 2189 2140 habeas
2215 2073 2292 2156 ipsa
2307 2089 2410 2140 uxore

562 2251 642 2302 mea
656 2234 699 2301 ad
716 2247 814 2301 suam
832 2231 1039 2316 potestatem
1056 2227 1181 2295 inclita
1195 2225 1381 2294 sortionem
1395 2242 1509 2294 meam
1526 2223 1569 2292 de
1584 2224 1680 2292 terra
1694 2241 1772 2290 curn
1788 2225 1938 2292 arbustis
1953 2243 2018 2310 que
2033 2224 2160 2292 dicitur
2170 2225 2213 2292 ad
2228 2243 2354 2309 oampu
2368 2222 2410 2291 da

558 2389 733 2462 alberone,
754 2387 788 2449 et
805 2379 960 2466 frugium
976 2377 1099 2448 exinde
1114 2377 1235 2443 tollere
1251 2374 1342 2442 etde
1357 2375 1433 2460 ipso
1448 2376 1602 2460 frugium
1621 2393 1747 2460 parare
1762 2392 1862 2443 serra
1874 2375 1917 2443 ad
1934 2375 2008 2460 ipse
2022 2375 2094 2442 filie
2117 2377 2245 2454 nostre,
2264 2376 2410 2459 qualiter

559 2535 722 2622 potuerit3
741 2535 776 2601 et
798 2533 857 2598 ubi
885 2531 958 2614 ipse
972 2529 1044 2596 filie
1059 2531 1178 2596 nostre
1194 2526 1416 2612 pervenerint
1430 2525 1474 2594 ad
1497 2525 1691 2611 legitimam
1717 2527 1843 2594 etatem
1866 2527 1901 2594 et
1925 2525 1968 2594 ad
1991 2525 2152 2594 maritum
2168 2526 2406 2602 ambulaberit,

557 2683 664 2751 deant
677 2697 800 2748 earum
816 2679 883 2764 ipsi
899 2677 963 2745 dlii
978 2677 1089 2744 nostri
1104 2672 1297 2759 mascelini,
1316 2674 1375 2759 qui
1391 2673 1460 2742 illis
1476 2674 1597 2744 diebus
1612 2674 1753 2753 suerint,
1773 2693 1836 2759 per
1852 2691 1952 2742 unam
1970 2643 2158 2761 quoque‘dc
2169 2676 2247 2760 ipsa
2257 2677 2327 2744 fine
2342 2693 2409 2744 aua

555 2835 718 2920 quattuor
733 2830 861 2899 solidos
875 2829 919 2898 de
934 2829 1003 2896 tari
1020 2828 1112 2906 voni,
1128 2829 1166 2894 ut
1182 2828 1273 2895 inter
1289 2828 1389 2895 ambe
1404 2827 1595 2911 compliant
1610 2829 1711 2894 hocto
1726 2827 1829 2896 solidi
1844 2827 1887 2898 de
1902 2829 1972 2896 tari
1988 2844 2056 2896 ana
2071 2831 2232 2914 quattuor
2248 2829 2316 2896 tari
2331 2829 2408 2896 voni

554 2957 618 3072 per
633 2983 792 3055 solidum.
811 2987 847 3083 et
862 2983 892 3050 si
908 2981 1071 3049 forsitans
1085 2981 1154 3066 ipsi
1170 2980 1234 3048 filii
1251 2981 1361 3048 nostri
1379 2981 1446 3065 ipsi
1461 2979 1564 3050 solidi
1581 2980 1736 3066 ipsarum
1752 2979 1824 3050 illie
1839 2985 1958 3050 nostre
1980 2981 2065 3050 dare
2080 2982 2242 3060 noluerit,
2262 2983 2410 3051 habeant

554 3137 628 3221 ipse
645 3135 715 3204 tilie
728 3137 846 3202 nostre
861 3133 1088 3202 trasaotibum
1103 3134 1180 3217 ipsa
1191 3134 1293 3201 rebus
1309 3150 1391 3217 mea
1402 3131 1445 3200 de
1457 3133 1612 3218 predicto
1625 3135 1738 3201 locum
1753 3153 1890 3218 campu,
1909 3135 1968 3219 qui
1984 3133 2109 3200 dicitur
2122 3093 2299 3210 albetona,
2318 3134 2353 3200 et
2369 3133 2406 3199 il-

559 3289 671 3354 larum
687 3286 833 3356 heredes
848 3285 1042 3354 faciendum
1055 3283 1182 3352 exinde
1197 3283 1311 3350 omnia
1326 3283 1416 3368 quod
1428 3285 1586 3362 voluerit,
1596 3282 1729 3368 'absque
1745 3284 1986 3370 cuiuscumque
1998 3285 2280 3352 contrarietatem
2295 3287 2346 3354 vel
2358 3303 2410 3353 re

558 3439 752 3524 quisitione,
771 3442 807 3506 et
823 3407 910 3522 ipsis
924 3437 1007 3504 tiliis
1022 3439 1057 3504 et
1072 3433 1214 3504 heredes
1230 3451 1324 3501 meas
1339 3435 1431 3501 omni
1447 3437 1604 3518 tempore
1622 3436 1703 3504 illut
1718 3454 1836 3503 aarum
1853 3438 1909 3504 vel
1923 3436 1965 3504 ad
1983 3437 2111 3504 ilarum
2127 3435 2272 3504 heredes
2294 3435 2407 3504 desen-

557 3590 609 3655 set
631 3587 677 3657 da
700 3587 812 3656 omnis
836 3587 993 3656 homines
1015 3586 1175 3670 omnique
1198 3585 1376 3670 partibus:
1403 3583 1433 3650 si
1455 3585 1617 3654 forsitans
1638 3603 1743 3652 unam
1766 3605 1810 3654 ex
1833 3585 1910 3670 ipsa
1932 3585 2003 3654 tilie
2027 3591 2144 3656 nostre
2160 3589 2345 3671 antequam
2364 3586 2405 3653 ad

557 3741 721 3808 maritum
745 3741 986 3815 ambulaberit,
1012 3739 1149 3804 mortua
1171 3737 1287 3814 fuerit,
1313 3737 1395 3802 tuno
1418 3735 1491 3803 eius
1513 3736 1667 3804 sortione
1683 3735 1779 3804 illius
1796 3754 1863 3822 que
1878 3737 1983 3805 suerit
1999 3735 2170 3814 defuncta,
2197 3737 2350 3805 rebertas
2366 3735 2408 3802 ad

556 3893 761 3977 potestatem
784 3889 827 3956 de
850 3889 935 3974 ipsis
958 3888 1040 3958 filiis
1063 3892 1098 3955 et
1121 3856 1304 3956 heredibus
1327 3887 1424 3956 meis.
1451 3887 1619 3974 simulque
1641 3891 1677 3956 et
1707 3887 1842 3966 iudice,
1870 3891 1908 3955 ut
1941 3889 1970 3955 si
2005 3889 2048 3956 de
2081 3892 2173 3956 hanc
2206 3888 2408 3956 infirmitate

556 4043 662 4111 suerit
684 4042 877 4119 defunctus,
904 4040 1129 4110 venumdetur
1152 4025 1371 4110 medietatem
1393 4057 1504 4108 meam
1528 4039 1571 4108 de
1593 4059 1665 4108 una
1686 4041 1784 4109 ienca
1809 4031 1846 4128 ¹),
1877 4039 1967 4126 quod
1994 4059 2175 4109 commune
2197 4042 2308 4109 habeo
2330 4059 2408 4108 curn

556 4197 652 4265 leone
675 4195 824 4278 cognato
846 4210 953 4271 meus,
978 4193 1013 4259 et
1034 4193 1119 4260 sella
1142 4209 1218 4260 mea
1240 4209 1316 4260 cum
1342 4191 1444 4259 frenu
1466 4195 1501 4259 et
1524 4193 1705 4276 paraturis
1727 4210 1791 4260 sua
1811 4195 1846 4260 et
1867 4210 1935 4259 una
1949 4195 2059 4277 spata,
2078 4195 2113 4261 et
2136 4193 2300 4277 pretium,
2318 4191 2405 4277 quod

555 4344 681 4414 exinde
703 4344 832 4422 tulerit,
858 4343 1039 4414 distribuat
1061 4360 1126 4428 pro
1147 4343 1263 4410 anima
1285 4301 1373 4423 mea,
1398 4345 1433 4412 et
1455 4361 1562 4411 unum
1585 4343 1627 4412 do
1649 4361 1721 4410 una
1744 4342 1837 4411 butte
1858 4344 1963 4428 plena
1987 4343 2089 4412 badat
2104 4363 2168 4430 pro
2183 4345 2302 4412 anima
2317 4361 2404 4421 mea,

516 4555 519 4564 .
556 4498 589 4562 et
612 4495 779 4563 iohannes
804 4512 935 4580 genero
958 4495 1116 4561 nostrum
1139 4510 1273 4578 unaque
1296 4511 1374 4559 cum
1398 4495 1495 4579 gaita
1517 4494 1592 4561 fllia
1614 4496 1732 4560 nostra
1755 4511 1864 4563 uxore
1888 4496 1962 4564 eius
1984 4495 2129 4564 hamodo
2152 4497 2279 4564 habeas
2304 4496 2409 4562 firmi·

556 4644 610 4710 ter
633 4643 704 4711 illis
727 4645 762 4710 et
785 4641 925 4711 illorum
948 4639 1092 4709 heredes
1115 4639 1267 4709 medium
1290 4643 1404 4708 ortum
1427 4658 1553 4721 meum,
1580 4641 1667 4727 quod
1692 4643 1801 4710 habeo
1833 4643 1922 4712 iusta
1955 4643 2032 4728 ipso
2060 4646 2201 4714 castello
2223 4645 2317 4712 infra
2350 4646 2412 4712 heo

557 4795 655 4862 linis:
681 4794 724 4862 de
747 4793 812 4862 due
835 4795 947 4879 partis
968 4795 1039 4862 fine
1064 4793 1120 4861 bia
1142 4793 1293 4878 pulbica,
1318 4793 1418 4862 etde
1441 4811 1513 4862 uua
1534 4797 1633 4880 parte
1656 4795 1726 4862 fine
1748 4794 1791 4862 de
1814 4795 1960 4864 heredes
1976 4795 2057 4882 ragi
2081 4796 2211 4876 cleriei,
2229 4797 2265 4864 et
2280 4795 2322 4863 de
2340 4796 2410 4864 alia

557 4951 658 5034 parte
680 4915 756 5018 dne
772 4951 903 5026 nostra,
930 4947 1017 5014 sicut
1040 4946 1172 5032 pariete
1195 4945 1373 5027 discernit,
1399 4950 1435 5016 et
1456 4948 1594 5018 exiente
1615 4948 1653 5015 in
1676 4947 1754 5033 ipsa
1772 4897 1836 5016 ¹bia
1859 4948 1952 5017 intra
1974 4951 2036 5018 hec
2053 4950 2143 5028 finis,
2170 4921 2213 5018 de
2241 4951 2407 5036 quantum

557 5119 618 5185 per
640 5101 856 5172 successione
881 5101 968 5169 mihi
991 5099 1117 5169 ibidem
1141 5101 1270 5169 habere
1293 5101 1462 5186 pertinuit
1483 5103 1518 5169 et
1533 5119 1596 5186 per
1612 5119 1725 5170 meam
1749 5101 1975 5186 parationem,
2001 5101 2044 5170 de
2067 5103 2176 5170 totum
2192 5102 2320 5170 habeas
2335 5102 2409 5186 ipse

557 5251 725 5320 iohannes
747 5253 782 5319 et
804 5251 883 5336 ipsa
905 5269 1014 5343 uxore
1036 5251 1111 5321 eius
1134 5253 1170 5320 et
1191 5251 1329 5321 illorum
1352 5253 1499 5322 heredes
1516 5252 1748 5334 medietatem,
1768 5253 1941 5339 simulque
1957 5256 1993 5322 et
2008 5255 2136 5322 habeas
2158 5269 2261 5319 unum
2285 5250 2407 5336 aplittu

557 5399 599 5467 de
616 5403 710 5469 terra
733 5405 863 5480 nostra,
881 5400 971 5487 quod
996 5420 1074 5470 cum
1090 5403 1269 5488 germanis
1291 5406 1326 5473 et
1341 5403 1510 5472 sortidces
1524 5421 1619 5472 meos
1635 5405 1747 5472 habeo
1762 5404 1984 5472 coniunctum
2000 5402 2042 5471 ad
2061 5403 2137 5488 ipso
2152 5419 2252 5470 muro
2274 5400 2318 5470 de
2333 5402 2407 5487 ipso

557 5552 711 5622 castello
730 5553 808 5621 ideo
824 5555 961 5639 qualem
977 5557 1163 5625 sortionem
1182 5556 1229 5623 ibi
1245 5557 1370 5624 haltere
1386 5557 1480 5625 visus
1495 5575 1585 5634 sum,
1600 5555 1729 5626 habeas
1745 5555 1825 5626 inde
1841 5556 1915 5639 ipse
1935 5557 2102 5625 iohannes
2118 5572 2195 5622 cum
2211 5554 2287 5639 ipsa
2301 5570 2410 5622 uxore

610 5873 632 5944 ι)
648 5874 740 5941 leuco,
757 5889 813 5930 vox
829 5875 958 5948 vulgaris
969 5877 1090 5949 eloquii,
1106 5881 1229 5935 iuvenca.
