<?xml version="1.0" encoding="UTF-8"?>
<!DOCTYPE html PUBLIC "-//W3C//DTD XHTML 1.0 Transitional//EN"
    "http://www.w3.org/TR/xhtml1/DTD/xhtml1-transitional.dtd">
<html xmlns="http://www.w3.org/1999/xhtml" xml:lang="en" lang="en">
 <head>
  <title>
</title>
<meta http-equiv="Content-Type" content="text/html;charset=utf-8" />
  <meta name='ocr-system' content='tesseract 3.04.00' />
  <meta name='ocr-capabilities' content='ocr_page ocr_carea ocr_par ocr_line ocrx_word'/>
</head>
<body>
  <div class='ocr_page' id='page_1' title='image "./codexdiplomatic07aragoog_0139.png"; bbox 0 0 5286 7098; ppageno 0'>
   <div class='ocr_carea' id='block_1_1' title="bbox 631 585 1731 675">
    <p class='ocr_par' dir='ltr' id='par_1_1' title="bbox 631 585 1731 675">
     <span class='ocr_line' id='line_1_1' title="bbox 631 585 1731 675; baseline -0.017 0"><span class='ocrx_word' id='word_1_1' title='bbox 631 617 671 675; x_wconf 84' lang='lat'>70</span> <span class='ocrx_word' id='word_1_2' title='bbox 1296 587 1460 660; x_wconf 71' lang='lat' dir='ltr'>collui</span> <span class='ocrx_word' id='word_1_3' title='bbox 1498 585 1731 658; x_wconf 51' lang='lat' dir='ltr'>dlll&#39;ENSls</span> 
     </span>
    </p>
   </div>
   <div class='ocr_carea' id='block_1_2' title="bbox 502 827 2441 4719">
    <p class='ocr_par' dir='ltr' id='par_1_2' title="bbox 502 827 2441 4719">
     <span class='ocr_line' id='line_1_2' title="bbox 583 827 2438 928; baseline -0.009 -16"><span class='ocrx_word' id='word_1_4' title='bbox 583 844 778 928; x_wconf 90' lang='lat' dir='ltr'>subscripto</span> <span class='ocrx_word' id='word_1_5' title='bbox 800 839 937 909; x_wconf 88' lang='lat' dir='ltr'>notario</span> <span class='ocrx_word' id='word_1_6' title='bbox 960 839 995 905; x_wconf 89' lang='lat' dir='ltr'>et</span> <span class='ocrx_word' id='word_1_7' title='bbox 1018 836 1123 903; x_wconf 88' lang='lat' dir='ltr'>testes</span> <span class='ocrx_word' id='word_1_8' title='bbox 1145 833 1333 902; x_wconf 91' lang='lat' dir='ltr'>ostedimus</span> <span class='ocrx_word' id='word_1_9' title='bbox 1357 829 1589 899; x_wconf 83' lang='lat' dir='ltr'>concessionis</span> <span class='ocrx_word' id='word_1_10' title='bbox 1612 847 1634 894; x_wconf 90' lang='lat' dir='ltr'>a</span> <span class='ocrx_word' id='word_1_11' title='bbox 1657 827 1809 912; x_wconf 88' lang='lat' dir='ltr'>palatio,</span> <span class='ocrx_word' id='word_1_12' title='bbox 1837 829 1985 914; x_wconf 81' lang='lat' dir='ltr'>qualiter</span> <span class='ocrx_word' id='word_1_13' title='bbox 2013 831 2178 896; x_wconf 87' lang='lat' dir='ltr'>havcmus</span> <span class='ocrx_word' id='word_1_14' title='bbox 2205 830 2380 898; x_wconf 86' lang='lat' dir='ltr'>licentiam</span> <span class='ocrx_word' id='word_1_15' title='bbox 2406 837 2438 900; x_wconf 86' lang='lat' dir='ltr'>et</span> 
     </span>
     <span class='ocr_line' id='line_1_3' title="bbox 584 978 2438 1082; baseline -0.007 -19"><span class='ocrx_word' id='word_1_16' title='bbox 584 997 788 1082; x_wconf 84' lang='lat' dir='ltr'>potestatem</span> <span class='ocrx_word' id='word_1_17' title='bbox 812 989 856 1058; x_wconf 93' lang='lat' dir='ltr'>de</span> <span class='ocrx_word' id='word_1_18' title='bbox 882 989 984 1059; x_wconf 88' lang='lat' dir='ltr'>rebus</span> <span class='ocrx_word' id='word_1_19' title='bbox 1006 989 1041 1056; x_wconf 91' lang='lat' dir='ltr'>et</span> <span class='ocrx_word' id='word_1_20' title='bbox 1064 1003 1169 1054; x_wconf 86' lang='lat' dir='ltr'>causa</span> <span class='ocrx_word' id='word_1_21' title='bbox 1190 986 1311 1052; x_wconf 88' lang='lat' dir='ltr'>nostra</span> <span class='ocrx_word' id='word_1_22' title='bbox 1333 981 1488 1051; x_wconf 89' lang='lat' dir='ltr'>dandum</span> <span class='ocrx_word' id='word_1_23' title='bbox 1511 982 1546 1049; x_wconf 89' lang='lat' dir='ltr'>et</span> <span class='ocrx_word' id='word_1_24' title='bbox 1569 978 1790 1048; x_wconf 90' lang='lat' dir='ltr'>iudicandum</span> <span class='ocrx_word' id='word_1_25' title='bbox 1815 981 1849 1050; x_wconf 88' lang='lat' dir='ltr'>et</span> <span class='ocrx_word' id='word_1_26' title='bbox 1872 979 1988 1048; x_wconf 88' lang='lat' dir='ltr'>omnia</span> <span class='ocrx_word' id='word_1_27' title='bbox 2010 978 2090 1048; x_wconf 90' lang='lat' dir='ltr'>inde</span> <span class='ocrx_word' id='word_1_28' title='bbox 2113 981 2329 1060; x_wconf 83' lang='lat' dir='ltr'>iaciendum,</span> <span class='ocrx_word' id='word_1_29' title='bbox 2357 1001 2438 1067; x_wconf 90' lang='lat' dir='ltr'>qua·</span> 
     </span>
     <span class='ocr_line' id='line_1_4' title="bbox 578 1127 2439 1224; baseline -0.005 -11"><span class='ocrx_word' id='word_1_30' title='bbox 578 1127 663 1214; x_wconf 78' lang='lat' dir='ltr'>&#39;liter</span> <span class='ocrx_word' id='word_1_31' title='bbox 686 1142 905 1213; x_wconf 89' lang='lat' dir='ltr'>voluerimus.</span> <span class='ocrx_word' id='word_1_32' title='bbox 933 1146 968 1211; x_wconf 90' lang='lat' dir='ltr'>et</span> <span class='ocrx_word' id='word_1_33' title='bbox 987 1140 1080 1224; x_wconf 85' lang='lat' dir='ltr'>iden,</span> <span class='ocrx_word' id='word_1_34' title='bbox 1105 1139 1194 1207; x_wconf 89' lang='lat' dir='ltr'>sicut</span> <span class='ocrx_word' id='word_1_35' title='bbox 1216 1137 1316 1204; x_wconf 90' lang='lat' dir='ltr'>nohis</span> <span class='ocrx_word' id='word_1_36' title='bbox 1338 1153 1532 1220; x_wconf 87' lang='lat' dir='ltr'>congruum</span> <span class='ocrx_word' id='word_1_37' title='bbox 1557 1135 1619 1210; x_wconf 88' lang='lat' dir='ltr'>est,</span> <span class='ocrx_word' id='word_1_38' title='bbox 1645 1129 1821 1217; x_wconf 88' lang='lat' dir='ltr'>perhanc</span> <span class='ocrx_word' id='word_1_39' title='bbox 1844 1134 2040 1200; x_wconf 81' lang='lat' dir='ltr'>chartulam</span> <span class='ocrx_word' id='word_1_40' title='bbox 2064 1135 2152 1200; x_wconf 92' lang='lat' dir='ltr'>bone</span> <span class='ocrx_word' id='word_1_41' title='bbox 2181 1138 2300 1202; x_wconf 90' lang='lat' dir='ltr'>nostre</span> <span class='ocrx_word' id='word_1_42' title='bbox 2322 1137 2439 1203; x_wconf 89' lang='lat' dir='ltr'>volun-</span> 
     </span>
     <span class='ocr_line' id='line_1_5' title="bbox 583 1283 2439 1378; baseline -0.004 -17"><span class='ocrx_word' id='word_1_43' title='bbox 583 1296 664 1364; x_wconf 88' lang='lat' dir='ltr'>tatis</span> <span class='ocrx_word' id='word_1_44' title='bbox 691 1295 860 1363; x_wconf 90' lang='lat' dir='ltr'>donamus</span> <span class='ocrx_word' id='word_1_45' title='bbox 895 1296 999 1378; x_wconf 86' lang='lat' dir='ltr'>atque</span> <span class='ocrx_word' id='word_1_46' title='bbox 1034 1293 1070 1358; x_wconf 92' lang='lat' dir='ltr'>at</span> <span class='ocrx_word' id='word_1_47' title='bbox 1100 1305 1236 1374; x_wconf 87' lang='lat' dir='ltr'>semper</span> <span class='ocrx_word' id='word_1_48' title='bbox 1260 1285 1452 1356; x_wconf 89' lang='lat' dir='ltr'>habendum</span> <span class='ocrx_word' id='word_1_49' title='bbox 1476 1284 1719 1352; x_wconf 81' lang='lat' dir='ltr'>confirmamus</span> <span class='ocrx_word' id='word_1_50' title='bbox 1742 1284 1839 1352; x_wconf 93' lang='lat' dir='ltr'>vobis</span> <span class='ocrx_word' id='word_1_51' title='bbox 1865 1283 2105 1351; x_wconf 88' lang='lat' dir='ltr'>iamdictorum</span> <span class='ocrx_word' id='word_1_52' title='bbox 2137 1285 2286 1354; x_wconf 83' lang='lat' dir='ltr'>arechisi</span> <span class='ocrx_word' id='word_1_53' title='bbox 2321 1289 2356 1354; x_wconf 89' lang='lat' dir='ltr'>et</span> <span class='ocrx_word' id='word_1_54' title='bbox 2388 1289 2439 1354; x_wconf 84' lang='lat' dir='ltr'>ia-</span> 
     </span>
     <span class='ocr_line' id='line_1_6' title="bbox 584 1436 2439 1532; baseline -0.006 -17"><span class='ocrx_word' id='word_1_55' title='bbox 584 1447 697 1532; x_wconf 92' lang='lat' dir='ltr'>quinti</span> <span class='ocrx_word' id='word_1_56' title='bbox 727 1444 891 1514; x_wconf 82' lang='lat' dir='ltr'>castaldei</span> <span class='ocrx_word' id='word_1_57' title='bbox 920 1442 1077 1510; x_wconf 90' lang='lat' dir='ltr'>inclitum</span> <span class='ocrx_word' id='word_1_58' title='bbox 1101 1443 1267 1527; x_wconf 87' lang='lat' dir='ltr'>quantum</span> <span class='ocrx_word' id='word_1_59' title='bbox 1290 1439 1486 1524; x_wconf 88' lang='lat' dir='ltr'>quantoque</span> <span class='ocrx_word' id='word_1_60' title='bbox 1509 1437 1585 1521; x_wconf 91' lang='lat' dir='ltr'>ipse</span> <span class='ocrx_word' id='word_1_61' title='bbox 1609 1436 1749 1520; x_wconf 87' lang='lat' dir='ltr'>genitor</span> <span class='ocrx_word' id='word_1_62' title='bbox 1778 1439 1813 1502; x_wconf 88' lang='lat' dir='ltr'>et</span> <span class='ocrx_word' id='word_1_63' title='bbox 1835 1436 2013 1519; x_wconf 82' lang='lat' dir='ltr'>genetrice</span> <span class='ocrx_word' id='word_1_64' title='bbox 2042 1439 2163 1505; x_wconf 88' lang='lat' dir='ltr'>nostra</span> <span class='ocrx_word' id='word_1_65' title='bbox 2186 1439 2379 1505; x_wconf 88' lang='lat' dir='ltr'>habuerunt</span> <span class='ocrx_word' id='word_1_66' title='bbox 2403 1439 2439 1504; x_wconf 89' lang='lat' dir='ltr'>in</span> 
     </span>
     <span class='ocr_line' id='line_1_7' title="bbox 585 1587 2441 1682; baseline -0.003 -18"><span class='ocrx_word' id='word_1_67' title='bbox 585 1599 666 1666; x_wconf 90' lang='lat' dir='ltr'>totis</span> <span class='ocrx_word' id='word_1_68' title='bbox 689 1597 776 1682; x_wconf 92' lang='lat' dir='ltr'>ipsis</span> <span class='ocrx_word' id='word_1_69' title='bbox 799 1598 903 1664; x_wconf 85' lang='lat' dir='ltr'>rebus</span> <span class='ocrx_word' id='word_1_70' title='bbox 926 1595 968 1666; x_wconf 91' lang='lat' dir='ltr'>de</span> <span class='ocrx_word' id='word_1_71' title='bbox 990 1594 1159 1680; x_wconf 83' lang='lat' dir='ltr'>predictis</span> <span class='ocrx_word' id='word_1_72' title='bbox 1182 1594 1278 1669; x_wconf 90' lang='lat' dir='ltr'>locis,</span> <span class='ocrx_word' id='word_1_73' title='bbox 1303 1593 1337 1660; x_wconf 92' lang='lat' dir='ltr'>et</span> <span class='ocrx_word' id='word_1_74' title='bbox 1359 1589 1673 1676; x_wconf 86' lang='lat' dir='ltr'>quomodocumque</span> <span class='ocrx_word' id='word_1_75' title='bbox 1688 1588 1787 1656; x_wconf 88' lang='lat' dir='ltr'>nobis</span> <span class='ocrx_word' id='word_1_76' title='bbox 1809 1587 1936 1656; x_wconf 91' lang='lat' dir='ltr'>ividem</span> <span class='ocrx_word' id='word_1_77' title='bbox 1954 1588 2019 1656; x_wconf 88' lang='lat' dir='ltr'>suit</span> <span class='ocrx_word' id='word_1_78' title='bbox 2040 1591 2074 1656; x_wconf 87' lang='lat' dir='ltr'>et</span> <span class='ocrx_word' id='word_1_79' title='bbox 2088 1592 2140 1657; x_wconf 91' lang='lat' dir='ltr'>est</span> <span class='ocrx_word' id='word_1_80' title='bbox 2156 1589 2366 1674; x_wconf 85' lang='lat' dir='ltr'>pertinentes</span> <span class='ocrx_word' id='word_1_81' title='bbox 2381 1597 2441 1658; x_wconf 89' lang='lat' dir='ltr'>aut</span> 
     </span>
     <span class='ocr_line' id='line_1_8' title="bbox 586 1745 2441 1843; baseline -0.001 -27"><span class='ocrx_word' id='word_1_82' title='bbox 586 1751 693 1843; x_wconf 82' lang='lat' dir='ltr'>suerit</span> <span class='ocrx_word' id='word_1_83' title='bbox 715 1768 794 1818; x_wconf 91' lang='lat' dir='ltr'>cum</span> <span class='ocrx_word' id='word_1_84' title='bbox 819 1751 938 1816; x_wconf 86' lang='lat' dir='ltr'>omnia</span> <span class='ocrx_word' id='word_1_85' title='bbox 959 1749 1051 1816; x_wconf 90' lang='lat' dir='ltr'>intro</span> <span class='ocrx_word' id='word_1_86' title='bbox 1076 1765 1113 1815; x_wconf 90' lang='lat' dir='ltr'>se</span> <span class='ocrx_word' id='word_1_87' title='bbox 1135 1747 1341 1814; x_wconf 88' lang='lat' dir='ltr'>haventibus</span> <span class='ocrx_word' id='word_1_88' title='bbox 1364 1747 1589 1830; x_wconf 90' lang='lat' dir='ltr'>omnibusque</span> <span class='ocrx_word' id='word_1_89' title='bbox 1611 1745 1681 1812; x_wconf 90' lang='lat' dir='ltr'>suis</span> <span class='ocrx_word' id='word_1_90' title='bbox 1703 1745 1935 1830; x_wconf 89' lang='lat' dir='ltr'>pertinentiis,</span> <span class='ocrx_word' id='word_1_91' title='bbox 1949 1747 1983 1814; x_wconf 90' lang='lat' dir='ltr'>et</span> <span class='ocrx_word' id='word_1_92' title='bbox 1997 1763 2076 1812; x_wconf 89' lang='lat' dir='ltr'>com</span> <span class='ocrx_word' id='word_1_93' title='bbox 2092 1746 2164 1815; x_wconf 90' lang='lat' dir='ltr'>vice</span> <span class='ocrx_word' id='word_1_94' title='bbox 2186 1747 2229 1814; x_wconf 90' lang='lat' dir='ltr'>de</span> <span class='ocrx_word' id='word_1_95' title='bbox 2252 1747 2307 1814; x_wconf 92' lang='lat' dir='ltr'>vie</span> <span class='ocrx_word' id='word_1_96' title='bbox 2330 1766 2390 1816; x_wconf 88' lang='lat' dir='ltr'>suc</span> <span class='ocrx_word' id='word_1_97' title='bbox 2406 1753 2441 1816; x_wconf 91' lang='lat' dir='ltr'>et</span> 
     </span>
     <span class='ocr_line' id='line_1_9' title="bbox 587 1897 2439 1984; baseline -0.001 -15"><span class='ocrx_word' id='word_1_98' title='bbox 587 1923 665 1972; x_wconf 89' lang='lat' dir='ltr'>cum</span> <span class='ocrx_word' id='word_1_99' title='bbox 690 1904 802 1970; x_wconf 89' lang='lat' dir='ltr'>omnis</span> <span class='ocrx_word' id='word_1_100' title='bbox 825 1901 1005 1969; x_wconf 89' lang='lat' dir='ltr'>monimen</span> <span class='ocrx_word' id='word_1_101' title='bbox 1028 1899 1175 1984; x_wconf 90' lang='lat' dir='ltr'>indeque</span> <span class='ocrx_word' id='word_1_102' title='bbox 1194 1897 1418 1984; x_wconf 86' lang='lat' dir='ltr'>pertinentes,</span> <span class='ocrx_word' id='word_1_103' title='bbox 1440 1897 1595 1965; x_wconf 83' lang='lat' dir='ltr'>funditus</span> <span class='ocrx_word' id='word_1_104' title='bbox 1619 1897 1701 1964; x_wconf 91' lang='lat' dir='ltr'>illud</span> <span class='ocrx_word' id='word_1_105' title='bbox 1726 1899 1822 1964; x_wconf 90' lang='lat' dir='ltr'>vobis</span> <span class='ocrx_word' id='word_1_106' title='bbox 1844 1897 2058 1966; x_wconf 88' lang='lat' dir='ltr'>donavimus.</span> <span class='ocrx_word' id='word_1_107' title='bbox 2076 1899 2173 1968; x_wconf 88' lang='lat' dir='ltr'>Unde</span> <span class='ocrx_word' id='word_1_108' title='bbox 2189 1901 2321 1966; x_wconf 90' lang='lat' dir='ltr'>nullam</span> <span class='ocrx_word' id='word_1_109' title='bbox 2342 1901 2439 1968; x_wconf 88' lang='lat' dir='ltr'>nobis</span> 
     </span>
     <span class='ocr_line' id='line_1_10' title="bbox 586 2049 2439 2136; baseline -0.001 -15"><span class='ocrx_word' id='word_1_110' title='bbox 586 2058 641 2125; x_wconf 90' lang='lat' dir='ltr'>vel</span> <span class='ocrx_word' id='word_1_111' title='bbox 666 2056 702 2121; x_wconf 89' lang='lat' dir='ltr'>at</span> <span class='ocrx_word' id='word_1_112' title='bbox 724 2053 891 2122; x_wconf 84' lang='lat' dir='ltr'>uxoribus</span> <span class='ocrx_word' id='word_1_113' title='bbox 915 2054 1045 2132; x_wconf 90' lang='lat' dir='ltr'>nostre,</span> <span class='ocrx_word' id='word_1_114' title='bbox 1071 2055 1131 2118; x_wconf 84' lang='lat' dir='ltr'>aut</span> <span class='ocrx_word' id='word_1_115' title='bbox 1153 2051 1280 2136; x_wconf 90' lang='lat' dir='ltr'>cuiqua</span> <span class='ocrx_word' id='word_1_116' title='bbox 1302 2049 1501 2135; x_wconf 83' lang='lat' dir='ltr'>hominibus</span> <span class='ocrx_word' id='word_1_117' title='bbox 1525 2051 1580 2117; x_wconf 92' lang='lat' dir='ltr'>vel</span> <span class='ocrx_word' id='word_1_118' title='bbox 1603 2049 1640 2115; x_wconf 89' lang='lat' dir='ltr'>in</span> <span class='ocrx_word' id='word_1_119' title='bbox 1662 2049 1781 2133; x_wconf 88' lang='lat' dir='ltr'>qoahis</span> <span class='ocrx_word' id='word_1_120' title='bbox 1803 2049 1959 2133; x_wconf 88' lang='lat' dir='ltr'>partibus</span> <span class='ocrx_word' id='word_1_121' title='bbox 1980 2049 2108 2117; x_wconf 88' lang='lat' dir='ltr'>exinde</span> <span class='ocrx_word' id='word_1_122' title='bbox 2131 2050 2259 2118; x_wconf 85' lang='lat' dir='ltr'>restitit</span> <span class='ocrx_word' id='word_1_123' title='bbox 2279 2055 2337 2118; x_wconf 83' lang='lat' dir='ltr'>aut</span> <span class='ocrx_word' id='word_1_124' title='bbox 2357 2051 2439 2120; x_wconf 93' lang='lat' dir='ltr'>dici-</span> 
     </span>
     <span class='ocr_line' id='line_1_11' title="bbox 587 2176 2438 2284; baseline 0.001 -13"><span class='ocrx_word' id='word_1_125' title='bbox 587 2225 665 2274; x_wconf 90' lang='lat' dir='ltr'>mus</span> <span class='ocrx_word' id='word_1_126' title='bbox 688 2221 868 2274; x_wconf 88' lang='lat' dir='ltr'>remanere</span> <span class='ocrx_word' id='word_1_127' title='bbox 891 2203 1058 2280; x_wconf 90' lang='lat' dir='ltr'>sortione,</span> <span class='ocrx_word' id='word_1_128' title='bbox 1085 2203 1138 2270; x_wconf 89' lang='lat' dir='ltr'>set</span> <span class='ocrx_word' id='word_1_129' title='bbox 1161 2205 1271 2268; x_wconf 88' lang='lat' dir='ltr'>totum</span> <span class='ocrx_word' id='word_1_130' title='bbox 1296 2207 1331 2268; x_wconf 89' lang='lat' dir='ltr'>et</span> <span class='ocrx_word' id='word_1_131' title='bbox 1357 2201 1528 2274; x_wconf 87' lang='lat' dir='ltr'>inclitum,</span> <span class='ocrx_word' id='word_1_132' title='bbox 1552 2201 1642 2268; x_wconf 87' lang='lat' dir='ltr'>sicut</span> <span class='ocrx_word' id='word_1_133' title='bbox 1665 2176 1902 2284; x_wconf 90' lang='lat' dir='ltr'>supradictum</span> <span class='ocrx_word' id='word_1_134' title='bbox 1926 2203 1989 2280; x_wconf 85' lang='lat' dir='ltr'>est,</span> <span class='ocrx_word' id='word_1_135' title='bbox 2015 2203 2093 2269; x_wconf 89' lang='lat' dir='ltr'>illut</span> <span class='ocrx_word' id='word_1_136' title='bbox 2115 2203 2212 2270; x_wconf 90' lang='lat' dir='ltr'>vobis</span> <span class='ocrx_word' id='word_1_137' title='bbox 2238 2203 2438 2273; x_wconf 85' lang='lat' dir='ltr'>donavimus</span> 
     </span>
     <span class='ocr_line' id='line_1_12' title="bbox 502 2353 2437 2439; baseline -0.001 -14"><span class='ocrx_word' id='word_1_138' title='bbox 502 2419 507 2425; x_wconf 91' lang='lat'>.</span> <span class='ocrx_word' id='word_1_139' title='bbox 588 2362 625 2424; x_wconf 87' lang='lat' dir='ltr'>at</span> <span class='ocrx_word' id='word_1_140' title='bbox 649 2358 816 2428; x_wconf 87' lang='lat' dir='ltr'>securiter</span> <span class='ocrx_word' id='word_1_141' title='bbox 839 2361 873 2427; x_wconf 91' lang='lat' dir='ltr'>et</span> <span class='ocrx_word' id='word_1_142' title='bbox 895 2355 1043 2424; x_wconf 88' lang='lat' dir='ltr'>firmiter</span> <span class='ocrx_word' id='word_1_143' title='bbox 1066 2355 1189 2422; x_wconf 88' lang='lat' dir='ltr'>amodo</span> <span class='ocrx_word' id='word_1_144' title='bbox 1211 2357 1245 2422; x_wconf 90' lang='lat' dir='ltr'>et</span> <span class='ocrx_word' id='word_1_145' title='bbox 1268 2371 1405 2439; x_wconf 88' lang='lat' dir='ltr'>semper</span> <span class='ocrx_word' id='word_1_146' title='bbox 1427 2372 1487 2420; x_wconf 90' lang='lat' dir='ltr'>vos</span> <span class='ocrx_word' id='word_1_147' title='bbox 1510 2353 1698 2438; x_wconf 84' lang='lat' dir='ltr'>vestrisque</span> <span class='ocrx_word' id='word_1_148' title='bbox 1721 2353 1905 2422; x_wconf 87' lang='lat' dir='ltr'>heredibus</span> <span class='ocrx_word' id='word_1_149' title='bbox 1927 2355 2003 2423; x_wconf 90' lang='lat' dir='ltr'>illut</span> <span class='ocrx_word' id='word_1_150' title='bbox 2027 2355 2236 2434; x_wconf 89' lang='lat' dir='ltr'>havendum,</span> <span class='ocrx_word' id='word_1_151' title='bbox 2261 2355 2437 2426; x_wconf 90' lang='lat' dir='ltr'>dominan-</span> 
     </span>
     <span class='ocr_line' id='line_1_13' title="bbox 587 2507 2438 2595; baseline 0.001 -18"><span class='ocrx_word' id='word_1_152' title='bbox 587 2512 682 2590; x_wconf 90' lang='lat' dir='ltr'>dum,</span> <span class='ocrx_word' id='word_1_153' title='bbox 701 2511 818 2579; x_wconf 90' lang='lat' dir='ltr'>omnia</span> <span class='ocrx_word' id='word_1_154' title='bbox 840 2507 1196 2588; x_wconf 84' lang='lat' dir='ltr'>exindo-iaciendum,</span> <span class='ocrx_word' id='word_1_155' title='bbox 1223 2527 1289 2594; x_wconf 92' lang='lat' dir='ltr'>que</span> <span class='ocrx_word' id='word_1_156' title='bbox 1311 2507 1503 2586; x_wconf 87' lang='lat' dir='ltr'>volueritis,</span> <span class='ocrx_word' id='word_1_157' title='bbox 1530 2509 1659 2592; x_wconf 87' lang='lat' dir='ltr'>absque</span> <span class='ocrx_word' id='word_1_158' title='bbox 1685 2509 1779 2575; x_wconf 94' lang='lat' dir='ltr'>omni</span> <span class='ocrx_word' id='word_1_159' title='bbox 1805 2509 1926 2574; x_wconf 90' lang='lat' dir='ltr'>nostra</span> <span class='ocrx_word' id='word_1_160' title='bbox 1958 2511 2224 2595; x_wconf 89' lang='lat' dir='ltr'>nostrorumque</span> <span class='ocrx_word' id='word_1_161' title='bbox 2257 2509 2438 2578; x_wconf 89' lang='lat' dir='ltr'>heredibus</span> 
     </span>
     <span class='ocr_line' id='line_1_14' title="bbox 586 2657 2436 2748; baseline 0 -19"><span class='ocrx_word' id='word_1_162' title='bbox 586 2665 649 2729; x_wconf 90' lang='lat' dir='ltr'>aut</span> <span class='ocrx_word' id='word_1_163' title='bbox 672 2663 798 2748; x_wconf 88' lang='lat' dir='ltr'>cuiqua</span> <span class='ocrx_word' id='word_1_164' title='bbox 817 2662 1013 2731; x_wconf 89' lang='lat' dir='ltr'>hominibus</span> <span class='ocrx_word' id='word_1_165' title='bbox 1036 2662 1281 2729; x_wconf 86' lang='lat' dir='ltr'>contrarietate</span> <span class='ocrx_word' id='word_1_166' title='bbox 1303 2661 1358 2726; x_wconf 93' lang='lat' dir='ltr'>vel</span> <span class='ocrx_word' id='word_1_167' title='bbox 1377 2659 1617 2743; x_wconf 90' lang='lat' dir='ltr'>requesitione.</span> <span class='ocrx_word' id='word_1_168' title='bbox 1632 2657 1729 2728; x_wconf 90' lang='lat' dir='ltr'>Unde</span> <span class='ocrx_word' id='word_1_169' title='bbox 1746 2674 1810 2743; x_wconf 94' lang='lat' dir='ltr'>pro</span> <span class='ocrx_word' id='word_1_170' title='bbox 1826 2659 2099 2727; x_wconf 83' lang='lat' dir='ltr'>confirmandam</span> <span class='ocrx_word' id='word_1_171' title='bbox 2113 2669 2147 2727; x_wconf 88' lang='lat' dir='ltr'>et</span> <span class='ocrx_word' id='word_1_172' title='bbox 2161 2660 2436 2730; x_wconf 86' lang='lat' dir='ltr'>staviliscendam</span> 
     </span>
     <span class='ocr_line' id='line_1_15' title="bbox 587 2791 2434 2898; baseline 0.001 -20"><span class='ocrx_word' id='word_1_173' title='bbox 587 2815 680 2882; x_wconf 88' lang='lat' dir='ltr'>hanc</span> <span class='ocrx_word' id='word_1_174' title='bbox 703 2817 823 2882; x_wconf 89' lang='lat' dir='ltr'>nostra</span> <span class='ocrx_word' id='word_1_175' title='bbox 837 2813 1035 2890; x_wconf 91' lang='lat' dir='ltr'>donatione,</span> <span class='ocrx_word' id='word_1_176' title='bbox 1056 2832 1145 2880; x_wconf 89' lang='lat' dir='ltr'>nunc</span> <span class='ocrx_word' id='word_1_177' title='bbox 1160 2791 1188 2880; x_wconf 74' lang='lat' dir='ltr'>a¹</span> <span class='ocrx_word' id='word_1_178' title='bbox 1199 2813 1371 2898; x_wconf 89' lang='lat' dir='ltr'>presentis</span> <span class='ocrx_word' id='word_1_179' title='bbox 1393 2813 1493 2878; x_wconf 90' lang='lat' dir='ltr'>iuxta</span> <span class='ocrx_word' id='word_1_180' title='bbox 1508 2813 1619 2895; x_wconf 87' lang='lat' dir='ltr'>legem</span> <span class='ocrx_word' id='word_1_181' title='bbox 1637 2811 1806 2894; x_wconf 87' lang='lat' dir='ltr'>launegilt</span> <span class='ocrx_word' id='word_1_182' title='bbox 1820 2829 1841 2876; x_wconf 85' lang='lat' dir='ltr'>a</span> <span class='ocrx_word' id='word_1_183' title='bbox 1856 2828 1916 2877; x_wconf 92' lang='lat' dir='ltr'>vos</span> <span class='ocrx_word' id='word_1_184' title='bbox 1931 2813 2124 2896; x_wconf 89' lang='lat' dir='ltr'>recepimus</span> <span class='ocrx_word' id='word_1_185' title='bbox 2140 2813 2306 2880; x_wconf 90' lang='lat' dir='ltr'>cammiso</span> <span class='ocrx_word' id='word_1_186' title='bbox 2321 2832 2434 2892; x_wconf 88' lang='lat' dir='ltr'>unum,</span> 
     </span>
     <span class='ocr_line' id='line_1_16' title="bbox 585 2961 2434 3053; baseline 0.001 -22"><span class='ocrx_word' id='word_1_187' title='bbox 585 2967 673 3032; x_wconf 89' lang='lat' dir='ltr'>sicot</span> <span class='ocrx_word' id='word_1_188' title='bbox 691 2969 861 3036; x_wconf 87' lang='lat' dir='ltr'>internos</span> <span class='ocrx_word' id='word_1_189' title='bbox 877 2961 1060 3035; x_wconf 85' lang='lat' dir='ltr'>comvenit.</span> <span class='ocrx_word' id='word_1_190' title='bbox 1087 2967 1255 3052; x_wconf 89' lang='lat' dir='ltr'>finitoque</span> <span class='ocrx_word' id='word_1_191' title='bbox 1278 2967 1449 3051; x_wconf 87' lang='lat' dir='ltr'>launegilt</span> <span class='ocrx_word' id='word_1_192' title='bbox 1471 2967 1583 3050; x_wconf 91' lang='lat' dir='ltr'>ipsum</span> <span class='ocrx_word' id='word_1_193' title='bbox 1601 2967 1686 3050; x_wconf 89' lang='lat' dir='ltr'>aput</span> <span class='ocrx_word' id='word_1_194' title='bbox 1703 2982 1767 3033; x_wconf 94' lang='lat' dir='ltr'>nos</span> <span class='ocrx_word' id='word_1_195' title='bbox 1783 2984 1828 3033; x_wconf 86' lang='lat' dir='ltr'>ea·</span> <span class='ocrx_word' id='word_1_196' title='bbox 1841 2965 1987 3044; x_wconf 87' lang='lat' dir='ltr'>ratione,</span> <span class='ocrx_word' id='word_1_197' title='bbox 2006 2983 2067 3050; x_wconf 90' lang='lat' dir='ltr'>per</span> <span class='ocrx_word' id='word_1_198' title='bbox 2083 2967 2173 3053; x_wconf 79' lang='lat' dir='ltr'>bona</span> <span class='ocrx_word' id='word_1_199' title='bbox 2188 2966 2434 3035; x_wconf 89' lang='lat' dir='ltr'>comvcnientia</span> 
     </span>
     <span class='ocr_line' id='line_1_17' title="bbox 584 3116 2433 3205; baseline -0.001 -21"><span class='ocrx_word' id='word_1_200' title='bbox 584 3118 716 3202; x_wconf 81' lang='lat' dir='ltr'>guadio</span> <span class='ocrx_word' id='word_1_201' title='bbox 749 3119 847 3187; x_wconf 93' lang='lat' dir='ltr'>vobis</span> <span class='ocrx_word' id='word_1_202' title='bbox 870 3119 1103 3205; x_wconf 88' lang='lat' dir='ltr'>predictorum</span> <span class='ocrx_word' id='word_1_203' title='bbox 1128 3119 1288 3203; x_wconf 82' lang='lat' dir='ltr'>germani</span> <span class='ocrx_word' id='word_1_204' title='bbox 1311 3117 1469 3186; x_wconf 88' lang='lat' dir='ltr'>dedimus</span> <span class='ocrx_word' id='word_1_205' title='bbox 1495 3119 1530 3184; x_wconf 89' lang='lat' dir='ltr'>et</span> <span class='ocrx_word' id='word_1_206' title='bbox 1553 3116 1734 3184; x_wconf 87' lang='lat' dir='ltr'>mediatori</span> <span class='ocrx_word' id='word_1_207' title='bbox 1769 3117 1865 3185; x_wconf 87' lang='lat' dir='ltr'>vobis</span> <span class='ocrx_word' id='word_1_208' title='bbox 1894 3116 2070 3202; x_wconf 85' lang='lat' dir='ltr'>posuimus</span> <span class='ocrx_word' id='word_1_209' title='bbox 2092 3135 2156 3185; x_wconf 90' lang='lat' dir='ltr'>nos</span> <span class='ocrx_word' id='word_1_210' title='bbox 2189 3119 2299 3204; x_wconf 83' lang='lat' dir='ltr'>ipsis3</span> <span class='ocrx_word' id='word_1_211' title='bbox 2322 3121 2355 3187; x_wconf 90' lang='lat' dir='ltr'>et</span> <span class='ocrx_word' id='word_1_212' title='bbox 2377 3138 2433 3202; x_wconf 80' lang='lat' dir='ltr'>per</span> 
     </span>
     <span class='ocr_line' id='line_1_18' title="bbox 582 3267 2435 3356; baseline -0.002 -20"><span class='ocrx_word' id='word_1_213' title='bbox 582 3268 706 3338; x_wconf 88' lang='lat' dir='ltr'>eadem</span> <span class='ocrx_word' id='word_1_214' title='bbox 730 3271 860 3356; x_wconf 83' lang='lat' dir='ltr'>guadio</span> <span class='ocrx_word' id='word_1_215' title='bbox 882 3271 1079 3356; x_wconf 86' lang='lat' dir='ltr'>obligamus</span> <span class='ocrx_word' id='word_1_216' title='bbox 1100 3287 1164 3336; x_wconf 93' lang='lat' dir='ltr'>nos</span> <span class='ocrx_word' id='word_1_217' title='bbox 1187 3269 1417 3354; x_wconf 87' lang='lat' dir='ltr'>suprascripti</span> <span class='ocrx_word' id='word_1_218' title='bbox 1440 3271 1607 3337; x_wconf 88' lang='lat' dir='ltr'>iohannes</span> <span class='ocrx_word' id='word_1_219' title='bbox 1629 3271 1663 3338; x_wconf 88' lang='lat' dir='ltr'>et</span> <span class='ocrx_word' id='word_1_220' title='bbox 1686 3271 1739 3336; x_wconf 92' lang='lat' dir='ltr'>lec</span> <span class='ocrx_word' id='word_1_221' title='bbox 1762 3271 1797 3336; x_wconf 90' lang='lat' dir='ltr'>et</span> <span class='ocrx_word' id='word_1_222' title='bbox 1819 3270 1948 3337; x_wconf 90' lang='lat' dir='ltr'>nostris</span> <span class='ocrx_word' id='word_1_223' title='bbox 1971 3267 2055 3336; x_wconf 89' lang='lat' dir='ltr'>filiis</span> <span class='ocrx_word' id='word_1_224' title='bbox 2076 3272 2112 3335; x_wconf 92' lang='lat' dir='ltr'>et</span> <span class='ocrx_word' id='word_1_225' title='bbox 2141 3268 2287 3336; x_wconf 90' lang='lat' dir='ltr'>heredes</span> <span class='ocrx_word' id='word_1_226' title='bbox 2317 3269 2435 3336; x_wconf 87' lang='lat' dir='ltr'>amodo</span> 
     </span>
     <span class='ocr_line' id='line_1_19' title="bbox 583 3419 2432 3518; baseline 0.001 -33"><span class='ocrx_word' id='word_1_227' title='bbox 583 3425 617 3485; x_wconf 90' lang='lat' dir='ltr'>ot</span> <span class='ocrx_word' id='word_1_228' title='bbox 642 3439 778 3506; x_wconf 91' lang='lat' dir='ltr'>semper</span> <span class='ocrx_word' id='word_1_229' title='bbox 801 3420 1039 3488; x_wconf 87' lang='lat' dir='ltr'>antistandum</span> <span class='ocrx_word' id='word_1_230' title='bbox 1063 3421 1098 3487; x_wconf 89' lang='lat' dir='ltr'>et</span> <span class='ocrx_word' id='word_1_231' title='bbox 1119 3419 1367 3518; x_wconf 74' lang='lat' dir='ltr'>defensandum</span> <span class='ocrx_word' id='word_1_232' title='bbox 1390 3419 1548 3504; x_wconf 86' lang='lat' dir='ltr'>prodicta</span> <span class='ocrx_word' id='word_1_233' title='bbox 1569 3421 1688 3488; x_wconf 89' lang='lat' dir='ltr'>nostra</span> <span class='ocrx_word' id='word_1_234' title='bbox 1710 3419 1895 3488; x_wconf 86' lang='lat' dir='ltr'>donatione</span> <span class='ocrx_word' id='word_1_235' title='bbox 1914 3439 1992 3487; x_wconf 91' lang='lat' dir='ltr'>cum</span> <span class='ocrx_word' id='word_1_236' title='bbox 2015 3421 2090 3488; x_wconf 89' lang='lat' dir='ltr'>vice</span> <span class='ocrx_word' id='word_1_237' title='bbox 2111 3419 2154 3487; x_wconf 93' lang='lat' dir='ltr'>de</span> <span class='ocrx_word' id='word_1_238' title='bbox 2181 3420 2235 3490; x_wconf 89' lang='lat' dir='ltr'>vie</span> <span class='ocrx_word' id='word_1_239' title='bbox 2260 3438 2319 3489; x_wconf 91' lang='lat' dir='ltr'>sue</span> <span class='ocrx_word' id='word_1_240' title='bbox 2342 3420 2432 3487; x_wconf 91' lang='lat' dir='ltr'>vobis</span> 
     </span>
     <span class='ocr_line' id='line_1_20' title="bbox 585 3570 2433 3656; baseline -0.001 -18"><span class='ocrx_word' id='word_1_241' title='bbox 585 3572 775 3656; x_wconf 85' lang='lat' dir='ltr'>vestrisque</span> <span class='ocrx_word' id='word_1_242' title='bbox 798 3570 981 3639; x_wconf 87' lang='lat' dir='ltr'>heredibus</span> <span class='ocrx_word' id='word_1_243' title='bbox 1003 3570 1049 3638; x_wconf 90' lang='lat' dir='ltr'>da</span> <span class='ocrx_word' id='word_1_244' title='bbox 1071 3571 1231 3638; x_wconf 87' lang='lat' dir='ltr'>omnibus</span> <span class='ocrx_word' id='word_1_245' title='bbox 1254 3570 1463 3648; x_wconf 91' lang='lat' dir='ltr'>bominibus,</span> <span class='ocrx_word' id='word_1_246' title='bbox 1490 3571 1544 3638; x_wconf 93' lang='lat' dir='ltr'>cui</span> <span class='ocrx_word' id='word_1_247' title='bbox 1568 3589 1630 3655; x_wconf 92' lang='lat' dir='ltr'>per</span> <span class='ocrx_word' id='word_1_248' title='bbox 1657 3589 1720 3638; x_wconf 90' lang='lat' dir='ltr'>nos</span> <span class='ocrx_word' id='word_1_249' title='bbox 1747 3571 1873 3638; x_wconf 90' lang='lat' dir='ltr'>exinde</span> <span class='ocrx_word' id='word_1_250' title='bbox 1896 3571 2013 3638; x_wconf 90' lang='lat' dir='ltr'>datum</span> <span class='ocrx_word' id='word_1_251' title='bbox 2035 3574 2093 3638; x_wconf 87' lang='lat' dir='ltr'>aut</span> <span class='ocrx_word' id='word_1_252' title='bbox 2108 3571 2300 3655; x_wconf 84' lang='lat' dir='ltr'>obligatum</span> <span class='ocrx_word' id='word_1_253' title='bbox 2317 3587 2433 3654; x_wconf 84' lang='lat' dir='ltr'>paruo-</span> 
     </span>
     <span class='ocr_line' id='line_1_21' title="bbox 587 3725 2432 3810; baseline 0.002 -22"><span class='ocrx_word' id='word_1_254' title='bbox 587 3725 646 3802; x_wconf 92' lang='lat' dir='ltr'>rit,</span> <span class='ocrx_word' id='word_1_255' title='bbox 674 3727 727 3792; x_wconf 86' lang='lat' dir='ltr'>vol</span> <span class='ocrx_word' id='word_1_256' title='bbox 749 3725 809 3810; x_wconf 92' lang='lat' dir='ltr'>qui</span> <span class='ocrx_word' id='word_1_257' title='bbox 832 3743 896 3809; x_wconf 87' lang='lat' dir='ltr'>pro</span> <span class='ocrx_word' id='word_1_258' title='bbox 917 3725 1047 3792; x_wconf 90' lang='lat' dir='ltr'>nostris</span> <span class='ocrx_word' id='word_1_259' title='bbox 1070 3725 1226 3809; x_wconf 88' lang='lat' dir='ltr'>partibus</span> <span class='ocrx_word' id='word_1_260' title='bbox 1248 3727 1304 3792; x_wconf 91' lang='lat' dir='ltr'>vel</span> <span class='ocrx_word' id='word_1_261' title='bbox 1330 3743 1394 3809; x_wconf 94' lang='lat' dir='ltr'>pro</span> <span class='ocrx_word' id='word_1_262' title='bbox 1422 3742 1504 3808; x_wconf 87' lang='lat' dir='ltr'>pars</span> <span class='ocrx_word' id='word_1_263' title='bbox 1531 3725 1696 3792; x_wconf 82' lang='lat' dir='ltr'>uxoribus</span> <span class='ocrx_word' id='word_1_264' title='bbox 1723 3725 1851 3793; x_wconf 90' lang='lat' dir='ltr'>nostris</span> <span class='ocrx_word' id='word_1_265' title='bbox 1874 3725 1970 3792; x_wconf 90' lang='lat' dir='ltr'>vobis</span> <span class='ocrx_word' id='word_1_266' title='bbox 2001 3725 2082 3794; x_wconf 90' lang='lat' dir='ltr'>inde</span> <span class='ocrx_word' id='word_1_267' title='bbox 2107 3725 2262 3792; x_wconf 90' lang='lat' dir='ltr'>emiserit</span> <span class='ocrx_word' id='word_1_268' title='bbox 2285 3727 2340 3794; x_wconf 91' lang='lat' dir='ltr'>vel</span> <span class='ocrx_word' id='word_1_269' title='bbox 2360 3743 2432 3808; x_wconf 84' lang='lat' dir='ltr'>pro</span> 
     </span>
     <span class='ocr_line' id='line_1_22' title="bbox 585 3877 2430 3964; baseline 0.001 -20"><span class='ocrx_word' id='word_1_270' title='bbox 585 3878 741 3962; x_wconf 88' lang='lat' dir='ltr'>posuerit</span> <span class='ocrx_word' id='word_1_271' title='bbox 764 3878 999 3964; x_wconf 87' lang='lat' dir='ltr'>quodcumque</span> <span class='ocrx_word' id='word_1_272' title='bbox 1022 3878 1251 3946; x_wconf 84' lang='lat' dir='ltr'>causationes</span> <span class='ocrx_word' id='word_1_273' title='bbox 1278 3877 1306 3946; x_wconf 89' lang='lat' dir='ltr'>si</span> <span class='ocrx_word' id='word_1_274' title='bbox 1330 3879 1456 3957; x_wconf 88' lang='lat' dir='ltr'>autem,</span> <span class='ocrx_word' id='word_1_275' title='bbox 1481 3879 1570 3944; x_wconf 90' lang='lat' dir='ltr'>sicut</span> <span class='ocrx_word' id='word_1_276' title='bbox 1592 3878 1722 3945; x_wconf 90' lang='lat' dir='ltr'>dictum</span> <span class='ocrx_word' id='word_1_277' title='bbox 1746 3881 1810 3958; x_wconf 87' lang='lat' dir='ltr'>est,</span> <span class='ocrx_word' id='word_1_278' title='bbox 1828 3879 1944 3946; x_wconf 90' lang='lat' dir='ltr'>taliter</span> <span class='ocrx_word' id='word_1_279' title='bbox 1967 3880 2046 3947; x_wconf 91' lang='lat' dir='ltr'>illut</span> <span class='ocrx_word' id='word_1_280' title='bbox 2067 3880 2164 3948; x_wconf 93' lang='lat' dir='ltr'>vobis</span> <span class='ocrx_word' id='word_1_281' title='bbox 2187 3896 2259 3947; x_wconf 91' lang='lat' dir='ltr'>non</span> <span class='ocrx_word' id='word_1_282' title='bbox 2281 3878 2430 3947; x_wconf 83' lang='lat' dir='ltr'>defensa-</span> 
     </span>
     <span class='ocr_line' id='line_1_23' title="bbox 581 4007 2429 4117; baseline 0 -23"><span class='ocrx_word' id='word_1_283' title='bbox 581 4029 746 4108; x_wconf 90' lang='lat' dir='ltr'>verimus,</span> <span class='ocrx_word' id='word_1_284' title='bbox 767 4032 828 4097; x_wconf 88' lang='lat' dir='ltr'>aut</span> <span class='ocrx_word' id='word_1_285' title='bbox 847 4031 877 4098; x_wconf 92' lang='lat' dir='ltr'>si</span> <span class='ocrx_word' id='word_1_286' title='bbox 903 4049 967 4097; x_wconf 91' lang='lat' dir='ltr'>nos</span> <span class='ocrx_word' id='word_1_287' title='bbox 989 4032 1193 4114; x_wconf 89' lang='lat' dir='ltr'>nostrosque</span> <span class='ocrx_word' id='word_1_288' title='bbox 1214 4027 1281 4096; x_wconf 85' lang='lat' dir='ltr'>tilii</span> <span class='ocrx_word' id='word_1_289' title='bbox 1304 4030 1339 4096; x_wconf 91' lang='lat' dir='ltr'>et</span> <span class='ocrx_word' id='word_1_290' title='bbox 1361 4029 1508 4097; x_wconf 89' lang='lat' dir='ltr'>heredes</span> <span class='ocrx_word' id='word_1_291' title='bbox 1531 4029 1841 4114; x_wconf 88' lang='lat' dir='ltr'>quomodocumque</span> <span class='ocrx_word' id='word_1_292' title='bbox 1864 4007 1930 4115; x_wconf 80' lang='lat' dir='ltr'>per</span> <span class='ocrx_word' id='word_1_293' title='bbox 1943 4033 2189 4117; x_wconf 88' lang='lat' dir='ltr'>qualecumque</span> <span class='ocrx_word' id='word_1_294' title='bbox 2206 4031 2341 4098; x_wconf 87' lang='lat' dir='ltr'>ratione</span> <span class='ocrx_word' id='word_1_295' title='bbox 2357 4031 2429 4097; x_wconf 91' lang='lat' dir='ltr'>illut</span> 
     </span>
     <span class='ocr_line' id='line_1_24' title="bbox 580 4175 2428 4270; baseline -0.001 -22"><span class='ocrx_word' id='word_1_296' title='bbox 580 4183 633 4248; x_wconf 91' lang='lat' dir='ltr'>vel</span> <span class='ocrx_word' id='word_1_297' title='bbox 659 4180 785 4250; x_wconf 87' lang='lat' dir='ltr'>exinde</span> <span class='ocrx_word' id='word_1_298' title='bbox 807 4181 904 4248; x_wconf 90' lang='lat' dir='ltr'>vobis</span> <span class='ocrx_word' id='word_1_299' title='bbox 927 4175 1119 4267; x_wconf 81' lang='lat' dir='ltr'>vestrisque</span> <span class='ocrx_word' id='word_1_300' title='bbox 1144 4181 1327 4250; x_wconf 88' lang='lat' dir='ltr'>heredibus</span> <span class='ocrx_word' id='word_1_301' title='bbox 1350 4183 1473 4249; x_wconf 89' lang='lat' dir='ltr'>tollere</span> <span class='ocrx_word' id='word_1_302' title='bbox 1497 4185 1554 4248; x_wconf 86' lang='lat' dir='ltr'>aut</span> <span class='ocrx_word' id='word_1_303' title='bbox 1580 4183 1741 4249; x_wconf 89' lang='lat' dir='ltr'>contrare</span> <span class='ocrx_word' id='word_1_304' title='bbox 1774 4183 2023 4267; x_wconf 85' lang='lat' dir='ltr'>quesierimus,</span> <span class='ocrx_word' id='word_1_305' title='bbox 2048 4184 2108 4248; x_wconf 91' lang='lat' dir='ltr'>aut</span> <span class='ocrx_word' id='word_1_306' title='bbox 2139 4183 2169 4249; x_wconf 88' lang='lat' dir='ltr'>si</span> <span class='ocrx_word' id='word_1_307' title='bbox 2203 4181 2428 4270; x_wconf 88' lang='lat' dir='ltr'>quodcumque</span> 
     </span>
     <span class='ocr_line' id='line_1_25' title="bbox 582 4333 2428 4419; baseline 0.003 -24"><span class='ocrx_word' id='word_1_308' title='bbox 582 4333 799 4400; x_wconf 85' lang='lat' dir='ltr'>causationes</span> <span class='ocrx_word' id='word_1_309' title='bbox 822 4333 919 4400; x_wconf 93' lang='lat' dir='ltr'>vobis</span> <span class='ocrx_word' id='word_1_310' title='bbox 935 4333 1017 4400; x_wconf 90' lang='lat' dir='ltr'>inde</span> <span class='ocrx_word' id='word_1_311' title='bbox 1033 4334 1327 4419; x_wconf 89' lang='lat' dir='ltr'>proposuerimus,</span> <span class='ocrx_word' id='word_1_312' title='bbox 1346 4337 1427 4401; x_wconf 91' lang='lat' dir='ltr'>ante</span> <span class='ocrx_word' id='word_1_313' title='bbox 1444 4335 1560 4400; x_wconf 88' lang='lat' dir='ltr'>omnia</span> <span class='ocrx_word' id='word_1_314' title='bbox 1576 4335 1706 4418; x_wconf 87' lang='lat' dir='ltr'>questio</span> <span class='ocrx_word' id='word_1_315' title='bbox 1722 4337 1757 4401; x_wconf 93' lang='lat' dir='ltr'>et</span> <span class='ocrx_word' id='word_1_316' title='bbox 1772 4335 1928 4402; x_wconf 89' lang='lat' dir='ltr'>causatio</span> <span class='ocrx_word' id='word_1_317' title='bbox 1942 4338 2061 4402; x_wconf 88' lang='lat' dir='ltr'>nostra</span> <span class='ocrx_word' id='word_1_318' title='bbox 2077 4335 2187 4403; x_wconf 90' lang='lat' dir='ltr'>modis</span> <span class='ocrx_word' id='word_1_319' title='bbox 2209 4335 2367 4404; x_wconf 90' lang='lat' dir='ltr'>omnihus</span> <span class='ocrx_word' id='word_1_320' title='bbox 2388 4335 2428 4402; x_wconf 93' lang='lat' dir='ltr'>sit</span> 
     </span>
     <span class='ocr_line' id='line_1_26' title="bbox 581 4481 2430 4569; baseline 0.002 -21"><span class='ocrx_word' id='word_1_321' title='bbox 581 4481 708 4549; x_wconf 85' lang='lat' dir='ltr'>exinde</span> <span class='ocrx_word' id='word_1_322' title='bbox 724 4482 881 4551; x_wconf 80' lang='lat' dir='ltr'>tacitast</span> <span class='ocrx_word' id='word_1_323' title='bbox 897 4486 1017 4562; x_wconf 90' lang='lat' dir='ltr'>bacua,</span> <span class='ocrx_word' id='word_1_324' title='bbox 1035 4485 1071 4550; x_wconf 91' lang='lat' dir='ltr'>et</span> <span class='ocrx_word' id='word_1_325' title='bbox 1085 4500 1293 4568; x_wconf 87' lang='lat' dir='ltr'>componere</span> <span class='ocrx_word' id='word_1_326' title='bbox 1310 4485 1505 4567; x_wconf 84' lang='lat' dir='ltr'>obligamus</span> <span class='ocrx_word' id='word_1_327' title='bbox 1520 4501 1584 4551; x_wconf 87' lang='lat' dir='ltr'>nos</span> <span class='ocrx_word' id='word_1_328' title='bbox 1598 4485 1801 4569; x_wconf 90' lang='lat' dir='ltr'>nostrosque</span> <span class='ocrx_word' id='word_1_329' title='bbox 1815 4484 1898 4551; x_wconf 89' lang='lat' dir='ltr'>liliis</span> <span class='ocrx_word' id='word_1_330' title='bbox 1919 4487 1954 4550; x_wconf 91' lang='lat' dir='ltr'>et</span> <span class='ocrx_word' id='word_1_331' title='bbox 1977 4483 2121 4553; x_wconf 91' lang='lat' dir='ltr'>heredes</span> <span class='ocrx_word' id='word_1_332' title='bbox 2137 4485 2231 4554; x_wconf 91' lang='lat' dir='ltr'>vobis</span> <span class='ocrx_word' id='word_1_333' title='bbox 2246 4485 2430 4569; x_wconf 88' lang='lat' dir='ltr'>vestrisque</span> 
     </span>
     <span class='ocr_line' id='line_1_27' title="bbox 582 4593 2433 4719; baseline 0.003 -22"><span class='ocrx_word' id='word_1_334' title='bbox 582 4632 767 4700; x_wconf 89' lang='lat' dir='ltr'>heredibus</span> <span class='ocrx_word' id='word_1_335' title='bbox 784 4632 910 4716; x_wconf 88' lang='lat' dir='ltr'>viginti</span> <span class='ocrx_word' id='word_1_336' title='bbox 926 4634 1004 4699; x_wconf 88' lang='lat' dir='ltr'>auri</span> <span class='ocrx_word' id='word_1_337' title='bbox 1021 4632 1148 4701; x_wconf 90' lang='lat' dir='ltr'>solidos</span> <span class='ocrx_word' id='word_1_338' title='bbox 1163 4636 1413 4712; x_wconf 90' lang='lat' dir='ltr'>constantinos,</span> <span class='ocrx_word' id='word_1_339' title='bbox 1431 4636 1465 4702; x_wconf 89' lang='lat' dir='ltr'>et</span> <span class='ocrx_word' id='word_1_340' title='bbox 1480 4651 1543 4718; x_wconf 92' lang='lat' dir='ltr'>per</span> <span class='ocrx_word' id='word_1_341' title='bbox 1558 4635 1688 4714; x_wconf 72' lang='lat' dir='ltr'>invitis</span> <span class='ocrx_word' id='word_1_342' title='bbox 1707 4634 1796 4701; x_wconf 90' lang='lat' dir='ltr'>sicut</span> <span class='ocrx_word' id='word_1_343' title='bbox 1817 4634 2055 4719; x_wconf 90' lang='lat' dir='ltr'>supradictum</span> <span class='ocrx_word' id='word_1_344' title='bbox 2078 4637 2141 4712; x_wconf 90' lang='lat' dir='ltr'>est,</span> <span class='ocrx_word' id='word_1_345' title='bbox 2159 4636 2237 4702; x_wconf 89' lang='lat' dir='ltr'>illut</span> <span class='ocrx_word' id='word_1_346' title='bbox 2259 4635 2355 4703; x_wconf 90' lang='lat' dir='ltr'>vohis</span> <span class='ocrx_word' id='word_1_347' title='bbox 2376 4593 2433 4703; x_wconf 90' lang='lat' dir='ltr'>de-</span> 
     </span>
    </p>
   </div>
   <div class='ocr_carea' id='block_1_3' title="bbox 579 4781 2430 4871">
    <p class='ocr_par' dir='ltr' id='par_1_3' title="bbox 579 4781 2430 4871">
     <span class='ocr_line' id='line_1_28' title="bbox 579 4781 2430 4871; baseline 0.003 -23"><span class='ocrx_word' id='word_1_348' title='bbox 579 4785 764 4851; x_wconf 81' lang='lat' dir='ltr'>fensemus.</span> <span class='ocrx_word' id='word_1_349' title='bbox 784 4781 828 4852; x_wconf 93' lang='lat' dir='ltr'>de</span> <span class='ocrx_word' id='word_1_350' title='bbox 842 4785 902 4852; x_wconf 88' lang='lat' dir='ltr'>alii</span> <span class='ocrx_word' id='word_1_351' title='bbox 918 4803 1001 4852; x_wconf 91' lang='lat' dir='ltr'>vero</span> <span class='ocrx_word' id='word_1_352' title='bbox 1016 4786 1213 4854; x_wconf 90' lang='lat' dir='ltr'>hominibus</span> <span class='ocrx_word' id='word_1_353' title='bbox 1228 4805 1292 4871; x_wconf 87' lang='lat' dir='ltr'>per</span> <span class='ocrx_word' id='word_1_354' title='bbox 1307 4805 1368 4854; x_wconf 88' lang='lat' dir='ltr'>vos</span> <span class='ocrx_word' id='word_1_355' title='bbox 1384 4787 1468 4871; x_wconf 89' lang='lat' dir='ltr'>ipsis</span> <span class='ocrx_word' id='word_1_356' title='bbox 1491 4787 1589 4855; x_wconf 89' lang='lat' dir='ltr'>siatis</span> <span class='ocrx_word' id='word_1_357' title='bbox 1611 4804 1672 4853; x_wconf 89' lang='lat' dir='ltr'>vos</span> <span class='ocrx_word' id='word_1_358' title='bbox 1696 4793 1731 4854; x_wconf 90' lang='lat' dir='ltr'>et</span> <span class='ocrx_word' id='word_1_359' title='bbox 1756 4788 1881 4854; x_wconf 90' lang='lat' dir='ltr'>vestris</span> <span class='ocrx_word' id='word_1_360' title='bbox 1903 4787 2088 4856; x_wconf 88' lang='lat' dir='ltr'>heredibus</span> <span class='ocrx_word' id='word_1_361' title='bbox 2114 4787 2194 4855; x_wconf 89' lang='lat' dir='ltr'>iude</span> <span class='ocrx_word' id='word_1_362' title='bbox 2218 4791 2374 4856; x_wconf 90' lang='lat' dir='ltr'>auctores</span> <span class='ocrx_word' id='word_1_363' title='bbox 2399 4789 2430 4854; x_wconf 90' lang='lat' dir='ltr'>ct</span> 
     </span>
    </p>
   </div>
   <div class='ocr_carea' id='block_1_4' title="bbox 579 4935 2430 5026">
    <p class='ocr_par' dir='ltr' id='par_1_4' title="bbox 579 4935 2430 5026">
     <span class='ocr_line' id='line_1_29' title="bbox 579 4935 2430 5026; baseline 0.002 -24"><span class='ocrx_word' id='word_1_364' title='bbox 579 4935 777 5006; x_wconf 82' lang='lat' dir='ltr'>defensores</span> <span class='ocrx_word' id='word_1_365' title='bbox 791 4955 870 5005; x_wconf 92' lang='lat' dir='ltr'>cum</span> <span class='ocrx_word' id='word_1_366' title='bbox 887 4937 1085 5023; x_wconf 89' lang='lat' dir='ltr'>supradicta</span> <span class='ocrx_word' id='word_1_367' title='bbox 1101 4939 1290 5007; x_wconf 87' lang='lat' dir='ltr'>monimina</span> <span class='ocrx_word' id='word_1_368' title='bbox 1306 4942 1432 5007; x_wconf 91' lang='lat' dir='ltr'>etcum</span> <span class='ocrx_word' id='word_1_369' title='bbox 1450 4943 1552 5026; x_wconf 88' lang='lat' dir='ltr'>quale</span> <span class='ocrx_word' id='word_1_370' title='bbox 1568 4941 1637 5008; x_wconf 91' lang='lat' dir='ltr'>alia</span> <span class='ocrx_word' id='word_1_371' title='bbox 1652 4943 1825 5010; x_wconf 90' lang='lat' dir='ltr'>monimen</span> <span class='ocrx_word' id='word_1_372' title='bbox 1840 4943 1876 5008; x_wconf 91' lang='lat' dir='ltr'>et</span> <span class='ocrx_word' id='word_1_373' title='bbox 1891 4941 2059 5008; x_wconf 86' lang='lat' dir='ltr'>rationem</span> <span class='ocrx_word' id='word_1_374' title='bbox 2076 4941 2157 5008; x_wconf 91' lang='lat' dir='ltr'>inde</span> <span class='ocrx_word' id='word_1_375' title='bbox 2172 4944 2301 5010; x_wconf 89' lang='lat' dir='ltr'>havere</span> <span class='ocrx_word' id='word_1_376' title='bbox 2317 4941 2430 5024; x_wconf 87' lang='lat' dir='ltr'>potue·</span> 
     </span>
    </p>
   </div>
   <div class='ocr_carea' id='block_1_5' title="bbox 575 5087 2467 5776">
    <p class='ocr_par' dir='ltr' id='par_1_5' title="bbox 575 5087 2467 5776">
     <span class='ocr_line' id='line_1_30' title="bbox 577 5087 2430 5176; baseline 0.002 -23"><span class='ocrx_word' id='word_1_377' title='bbox 577 5088 667 5166; x_wconf 88' lang='lat' dir='ltr'>ritis,</span> <span class='ocrx_word' id='word_1_378' title='bbox 684 5087 855 5172; x_wconf 86' lang='lat' dir='ltr'>quomodo</span> <span class='ocrx_word' id='word_1_379' title='bbox 868 5091 904 5172; x_wconf 84' lang='lat' dir='ltr'>et</span> <span class='ocrx_word' id='word_1_380' title='bbox 920 5088 1069 5173; x_wconf 88' lang='lat' dir='ltr'>qualiter</span> <span class='ocrx_word' id='word_1_381' title='bbox 1085 5089 1274 5168; x_wconf 91' lang='lat' dir='ltr'>volueritis,</span> <span class='ocrx_word' id='word_1_382' title='bbox 1293 5092 1328 5157; x_wconf 91' lang='lat' dir='ltr'>et</span> <span class='ocrx_word' id='word_1_383' title='bbox 1343 5092 1444 5174; x_wconf 91' lang='lat' dir='ltr'>quale</span> <span class='ocrx_word' id='word_1_384' title='bbox 1461 5089 1635 5156; x_wconf 91' lang='lat' dir='ltr'>monimen</span> <span class='ocrx_word' id='word_1_385' title='bbox 1651 5089 1732 5158; x_wconf 91' lang='lat' dir='ltr'>inde</span> <span class='ocrx_word' id='word_1_386' title='bbox 1748 5093 1875 5159; x_wconf 90' lang='lat' dir='ltr'>havere</span> <span class='ocrx_word' id='word_1_387' title='bbox 1890 5091 2114 5175; x_wconf 90' lang='lat' dir='ltr'>potuerimus,</span> <span class='ocrx_word' id='word_1_388' title='bbox 2134 5108 2197 5174; x_wconf 91' lang='lat' dir='ltr'>per</span> <span class='ocrx_word' id='word_1_389' title='bbox 2214 5091 2293 5176; x_wconf 90' lang='lat' dir='ltr'>ipsa</span> <span class='ocrx_word' id='word_1_390' title='bbox 2307 5089 2430 5176; x_wconf 85' lang='lat' dir='ltr'>guadia</span> 
     </span>
     <span class='ocr_line' id='line_1_31' title="bbox 577 5239 2428 5330; baseline 0.004 -27"><span class='ocrx_word' id='word_1_391' title='bbox 577 5240 775 5323; x_wconf 89' lang='lat' dir='ltr'>obligamus</span> <span class='ocrx_word' id='word_1_392' title='bbox 790 5258 852 5308; x_wconf 91' lang='lat' dir='ltr'>nos</span> <span class='ocrx_word' id='word_1_393' title='bbox 866 5239 945 5311; x_wconf 89' lang='lat' dir='ltr'>illas</span> <span class='ocrx_word' id='word_1_394' title='bbox 962 5241 1060 5308; x_wconf 90' lang='lat' dir='ltr'>vobis</span> <span class='ocrx_word' id='word_1_395' title='bbox 1076 5239 1226 5308; x_wconf 90' lang='lat' dir='ltr'>dandum</span> <span class='ocrx_word' id='word_1_396' title='bbox 1244 5241 1429 5309; x_wconf 86' lang='lat' dir='ltr'>atvendum</span> <span class='ocrx_word' id='word_1_397' title='bbox 1445 5242 1524 5310; x_wconf 90' lang='lat' dir='ltr'>illas</span> <span class='ocrx_word' id='word_1_398' title='bbox 1541 5260 1649 5327; x_wconf 89' lang='lat' dir='ltr'>usque</span> <span class='ocrx_word' id='word_1_399' title='bbox 1672 5245 1709 5308; x_wconf 91' lang='lat' dir='ltr'>at</span> <span class='ocrx_word' id='word_1_400' title='bbox 1725 5261 1840 5310; x_wconf 89' lang='lat' dir='ltr'>veram</span> <span class='ocrx_word' id='word_1_401' title='bbox 1857 5244 1890 5310; x_wconf 91' lang='lat' dir='ltr'>et</span> <span class='ocrx_word' id='word_1_402' title='bbox 1905 5241 2053 5311; x_wconf 87' lang='lat' dir='ltr'>diffinita</span> <span class='ocrx_word' id='word_1_403' title='bbox 2076 5245 2203 5330; x_wconf 83' lang='lat' dir='ltr'>legem3</span> <span class='ocrx_word' id='word_1_404' title='bbox 2227 5248 2262 5311; x_wconf 89' lang='lat' dir='ltr'>et</span> <span class='ocrx_word' id='word_1_405' title='bbox 2284 5245 2365 5311; x_wconf 89' lang='lat' dir='ltr'>hubi</span> <span class='ocrx_word' id='word_1_406' title='bbox 2389 5245 2428 5310; x_wconf 89' lang='lat' dir='ltr'>de</span> 
     </span>
     <span class='ocr_line' id='line_1_32' title="bbox 578 5361 2426 5478; baseline 0.005 -26"><span class='ocrx_word' id='word_1_407' title='bbox 578 5387 733 5470; x_wconf 89' lang='lat' dir='ltr'>predicta</span> <span class='ocrx_word' id='word_1_408' title='bbox 748 5361 1088 5459; x_wconf 48' lang='lat' dir='ltr'>donationem‘flnem</span> <span class='ocrx_word' id='word_1_409' title='bbox 1105 5391 1268 5470; x_wconf 81' lang='lat' dir='ltr'>feceritis,</span> <span class='ocrx_word' id='word_1_410' title='bbox 1287 5391 1462 5459; x_wconf 88' lang='lat' dir='ltr'>monimen</span> <span class='ocrx_word' id='word_1_411' title='bbox 1480 5392 1567 5478; x_wconf 85' lang='lat' dir='ltr'>ipsa,</span> <span class='ocrx_word' id='word_1_412' title='bbox 1587 5411 1654 5478; x_wconf 91' lang='lat' dir='ltr'>que</span> <span class='ocrx_word' id='word_1_413' title='bbox 1670 5393 1767 5460; x_wconf 91' lang='lat' dir='ltr'>vobis</span> <span class='ocrx_word' id='word_1_414' title='bbox 1781 5392 1989 5470; x_wconf 91' lang='lat' dir='ltr'>dederimus,</span> <span class='ocrx_word' id='word_1_415' title='bbox 2008 5397 2093 5478; x_wconf 91' lang='lat' dir='ltr'>aput</span> <span class='ocrx_word' id='word_1_416' title='bbox 2107 5411 2171 5462; x_wconf 92' lang='lat' dir='ltr'>nos</span> <span class='ocrx_word' id='word_1_417' title='bbox 2186 5395 2362 5462; x_wconf 89' lang='lat' dir='ltr'>remittere</span> <span class='ocrx_word' id='word_1_418' title='bbox 2373 5393 2426 5461; x_wconf 85' lang='lat' dir='ltr'>de</span> 
     </span>
     <span class='ocr_line' id='line_1_33' title="bbox 576 5523 2467 5638; baseline 0.003 -34"><span class='ocrx_word' id='word_1_419' title='bbox 576 5539 687 5606; x_wconf 88' lang='lat' dir='ltr'>veatis</span> <span class='ocrx_word' id='word_1_420' title='bbox 705 5541 742 5606; x_wconf 88' lang='lat' dir='ltr'>at</span> <span class='ocrx_word' id='word_1_421' title='bbox 756 5540 953 5608; x_wconf 89' lang='lat' dir='ltr'>havendum</span> <span class='ocrx_word' id='word_1_422' title='bbox 971 5557 1034 5610; x_wconf 89' lang='lat' dir='ltr'>nos</span> <span class='ocrx_word' id='word_1_423' title='bbox 1049 5543 1131 5610; x_wconf 88' lang='lat' dir='ltr'>illas</span> <span class='ocrx_word' id='word_1_424' title='bbox 1148 5541 1184 5608; x_wconf 89' lang='lat' dir='ltr'>in</span> <span class='ocrx_word' id='word_1_425' title='bbox 1200 5544 1442 5628; x_wconf 90' lang='lat' dir='ltr'>suprascripto</span> <span class='ocrx_word' id='word_1_426' title='bbox 1458 5543 1616 5612; x_wconf 88' lang='lat' dir='ltr'>hordine.</span> <span class='ocrx_word' id='word_1_427' title='bbox 1636 5547 1669 5612; x_wconf 90' lang='lat' dir='ltr'>et</span> <span class='ocrx_word' id='word_1_428' title='bbox 1685 5547 1803 5612; x_wconf 89' lang='lat' dir='ltr'>taliter</span> <span class='ocrx_word' id='word_1_429' title='bbox 1825 5544 1977 5612; x_wconf 89' lang='lat' dir='ltr'>scrivere</span> <span class='ocrx_word' id='word_1_430' title='bbox 2001 5545 2207 5638; x_wconf 72' lang='lat' dir='ltr'>rogavimus</span> <span class='ocrx_word' id='word_1_431' title='bbox 2223 5549 2257 5612; x_wconf 92' lang='lat' dir='ltr'>te</span> <span class='ocrx_word' id='word_1_432' title='bbox 2280 5542 2426 5612; x_wconf 86' lang='lat' dir='ltr'>radechis</span> <span class='ocrx_word' id='word_1_433' title='bbox 2462 5523 2467 5531; x_wconf 65' lang='grc'>’</span> 
     </span>
     <span class='ocr_line' id='line_1_34' title="bbox 575 5663 1094 5776; baseline 0.008 -22"><span class='ocrx_word' id='word_1_434' title='bbox 575 5689 745 5756; x_wconf 87' lang='lat' dir='ltr'>notarius.</span> <span class='ocrx_word' id='word_1_435' title='bbox 764 5692 880 5756; x_wconf 91' lang='lat' dir='ltr'>actum</span> <span class='ocrx_word' id='word_1_436' title='bbox 895 5691 1044 5758; x_wconf 88' lang='lat' dir='ltr'>salerno.</span> <span class='ocrx_word' id='word_1_437' title='bbox 1065 5663 1094 5776; x_wconf 83' lang='lat'><em>†</em></span> 
     </span>
    </p>
   </div>
   <div class='ocr_carea' id='block_1_6' title="bbox 633 5813 945 5924">
    <p class='ocr_par' dir='ltr' id='par_1_6' title="bbox 633 5813 945 5924">
     <span class='ocr_line' id='line_1_35' title="bbox 633 5813 945 5924; baseline -0.003 -14"><span class='ocrx_word' id='word_1_438' title='bbox 633 5813 662 5924; x_wconf 90' lang='lat'><em>†</em></span> <span class='ocrx_word' id='word_1_439' title='bbox 685 5857 751 5923; x_wconf 89' lang='lat' dir='ltr'>ego</span> <span class='ocrx_word' id='word_1_440' title='bbox 774 5841 945 5924; x_wconf 87' lang='lat' dir='ltr'>grimoald</span> 
     </span>
    </p>
   </div>
   <div class='ocr_carea' id='block_1_7' title="bbox 0 0 2648 7097">
    <p class='ocr_par' dir='ltr' id='par_1_7' title="bbox 0 0 2648 7097">
     <span class='ocr_line' id='line_1_36' title="bbox 0 0 2648 7097; baseline 0 0"><span class='ocrx_word' id='word_1_441' title='bbox 0 0 2648 7097; x_wconf 95' lang='lat' dir='ltr'> </span> 
     </span>
    </p>
   </div>
  </div>
 </body>
</html>
