5378 7098
1269 587 1430 659 counit
1474 589 1707 662 obtunsis

1320 1065 1322 1068 ·
1391 1041 1597 1121 CCXV.

1350 1285 1405 1362 A.
1442 1285 1493 1362 D.
1532 1282 1634 1364 962.

621 1539 712 1674 ’116
727 1593 864 1662 6616166
879 1592 1011 1660 domini
1027 1594 1190 1662 vicesimo
1206 1611 1297 1659 nono
1314 1612 1405 1660 anno
1422 1596 1641 1680 principatus
1657 1596 1776 1664 domni
1794 1598 1903 1664 nostri
1929 1598 2045 1680 gisolfi
2068 1599 2214 1682 gloriosi
2237 1601 2419 1685 principis,

565 1763 683 1813 mense
697 1745 826 1828 aprelis
841 1744 960 1830 quinta
975 1746 1171 1815 indictione.
1186 1747 1467 1814 memoratorium
1483 1749 1649 1852 lactuma
1666 1766 1719 1814 me
1731 1749 1916 1833 gregorius
1928 1750 2099 1834 presbiter
2110 1753 2145 1818 61
2157 1753 2264 1820 abbas
2277 1753 2422 1822 ecclesie

567 1901 676 1967 sancti
693 1900 837 1967 maximi
854 1903 889 1969 et
905 1919 975 1969 una
997 1920 1131 1970 mecum
1150 1901 1251 1985 guiso
1273 1901 1498 1969 subdiaconus
1521 1905 1555 1970 et
1577 1903 1732 1969 notarius
1755 1903 1995 1971 advocatorem
2020 1923 2147 1983 meum,
2166 1923 2207 1972 66
2229 1907 2318 1991 quod
2342 1909 2422 1974 ante

566 2052 740 2137 presentia
756 2054 884 2122 maioni
900 2055 1044 2124 castaldi
1060 2059 1095 2122 et
1109 2057 1189 2122 ante
1204 2055 1281 2124 aliis
1297 2057 1479 2123 subscribti
1498 2059 1601 2126 testes
1616 2056 1795 2124 laborandi
1808 2035 1844 2124 e't
1857 2056 2065 2142 pastenandi
2079 2057 2200 2127 ordine
2213 2059 2423 2128 tradidimus

567 2207 673 2274 amati
688 2207 780 2275 filius
796 2206 981 2292 adelgrimi
997 2208 1040 2276 de
1055 2211 1166 2276 locum
1183 2209 1327 2275 nuceria
1341 2209 1472 2276 duabus
1488 2209 1584 2294 pecie
1608 2209 1651 2277 de
1674 2213 1769 2278 terra
1785 2228 1982 2296 campense,
2001 2227 2101 2294 quern
2126 2212 2294 2296 prephata
2315 2215 2423 2280 eccle·

566 2359 618 2428 sia
640 2360 719 2426 abet
742 2359 778 2424 in
801 2359 920 2427 eodem
935 2363 1047 2428 locum
1065 2363 1206 2428 nuceria
1221 2361 1279 2430 ubi
1299 2362 1442 2447 proprio
1458 2362 1501 2429 ad
1518 2365 1658 2447 puteum
1675 2366 1820 2448 regente
1833 2363 1973 2431 dicitur.
1988 2382 2057 2430 una
2074 2382 2118 2431 ex
2134 2363 2225 2434 dicte
2240 2366 2315 2449 ipse
2326 2367 2423 2449 pecie

567 2511 648 2577 abet
674 2487 772 2576 linis:
799 2529 820 2576 a
847 2510 990 2578 meridie
1016 2511 1185 2596 quomodo
1212 2512 1286 2596 ipse
1312 2564 1653 2580 ..........
1679 2513 1867 2581 (1666(1616
1896 2516 2006 2580 locum
2034 2513 2195 2591 nuceria,
2221 2515 2273 2582 est
2295 2512 2421 2582 ibidem

571 2661 717 2765 latitudo
733 2664 825 2746 passi
843 2661 1037 2747 quindecim
1052 2665 1086 2730 et
1101 2663 1273 2730 medium:
1292 2666 1335 2731 ab
1351 2665 1539 2745 occidente,
1557 2667 1707 2751 qualiter
1730 2667 1841 2733 limite
1864 2668 1899 2732 et
1921 2684 2001 2750 sepe
2026 2664 2202 2745 discernit,
2221 2665 2290 2733 fine
2313 2667 2422 2750 ipsius

569 2814 696 2882 amati:
715 2833 735 2879 a
751 2831 832 2898 pars
848 2814 1106 2899 septemtrionis
1120 2815 1280 2884 similiter
1296 2817 1364 2883 fine
1380 2819 1499 2884 sancte
1514 2818 1636 2896 marie,
1656 2837 1756 2904 quem
1769 2820 1844 2904 ipse
1866 2821 2001 2886 amatus
2017 2817 2059 2885 ad
2077 2817 2323 2901 pastenandum
2341 2818 2423 2884 reti-

569 2965 639 3041 net,
657 2966 710 3031 661
724 2963 805 3032 iude
828 2964 972 3031 latitudo
995 2964 1089 3049 passi
1113 2965 1269 3034 tridecim
1294 2968 1328 3033 et
1350 2965 1582 3034 mediumtab
1606 2969 1738 3035 oriente
1761 2967 1923 3036 similiter
1946 2967 2016 3034 fine
2038 2971 2159 3034 sancte
2182 2966 2302 3044 marie,
2321 2984 2419 3050 quem

572 3115 647 3198 ipse
662 3116 796 3182 amatus
812 3115 938 3182 retinet
956 3116 998 3182 ad
1015 3115 1278 3200 pastenandum,
1296 3119 1330 3184 61
1345 3118 1397 3184 cst
1412 3135 1475 3202 per
1491 3117 1744 3201 longitudinem
1768 3119 1812 3184 ab
1835 3118 1911 3202 ipso
1935 3116 2038 3184 fluvio
2061 3135 2166 3202 usque
2187 3117 2230 3182 ad
2253 3116 2320 3186 fine
2343 3134 2421 3200 pre·

569 3267 674 3349 66616
690 3269 808 3333 666616
823 3265 933 3334 marie
948 3269 1043 3352 passi
1065 3268 1297 3352 quadraginta
1312 3269 1400 3334 octo.
1427 3270 1462 3334 ct
1484 3267 1560 3352 ipsa
1582 3269 1649 3336 alia
1671 3271 1771 3354 pecia
1793 3271 1870 3336 abet
1892 3268 1991 3336 linis:
2011 3285 2032 3334 a
2053 3268 2199 3336 meridie
2222 3267 2290 3334 fine
2314 3266 2421 3350 ipsius

551 3413 690 3495 amati,
705 3417 855 3501 qualiter
872 3415 987 3484 media
1003 3434 1084 3501 sepe
1100 3415 1278 3494 discernit,
1297 3419 1348 3486 661
1364 3416 1491 3484 ibidem
1509 3418 1654 3485 latitudo
1670 3421 1763 3502 passi
1780 3418 1905 3502 viginti
1930 3418 1998 3484 duo
2021 3421 2054 3484 'ot
2078 3417 2225 3485 medium
2243 3437 2250 3480 :
2269 3421 2312 3483 ab
2334 3417 2424 3482 occi-

566 3570 668 3637 dente
684 3571 743 3636 ria
757 3569 918 3654 antiqua:
937 3570 1219 3655 aseptemtrione
1235 3570 1303 3638 fine
1324 3570 1458 3649 sicaite,
1476 3573 1528 3638 661
1551 3571 1633 3638 inde
1656 3571 1802 3638 latitudo
1827 3572 1917 3654 passi
1941 3569 2109 3654 triginta:
2129 3570 2174 3636 ab
2196 3569 2330 3636 oriente
2353 3569 2421 3635 1166

568 3725 736 3808 prephate
751 3725 871 3820 sancte
885 3722 1008 3801 marie,
1025 3724 1060 3790 et
1075 3723 1127 3790 est
1143 3741 1204 3807 per
1220 3721 1473 3806 longitudinem
1490 3724 1594 3789 atine
1611 3723 1719 3807 ipsius
1743 3722 1847 3790 amati
1872 3741 1978 3806 usquo
2002 3721 2045 3787 ad
2068 3721 2136 3792 fine
2160 3721 2270 3806 ipsius
2294 3723 2416 3789 sicaite

567 3873 661 3958 passi
677 3873 931 3959 quinquaginta
945 3876 1102 3959 quatuor.
1117 3875 1180 3943 hec
1196 3891 1278 3940 vero
1293 3872 1447 3957 predicte
1463 3872 1593 3941 duabus
1610 3873 1707 3958 pecie
1722 3873 1765 3940 de
1781 3877 1874 3941 terra
1890 3891 1953 3956 per
1965 3872 2164 3957 supradicte
2175 3871 2255 3939 finis
2278 3876 2313 3938 61
2328 3889 2421 3938 men-

568 4025 677 4105 suria,
696 4026 844 4111 qualiter
860 4026 904 4092 ad
920 4027 1011 4093 iusto
1027 4044 1166 4111 passum
1181 4026 1313 4092 homini
1332 4026 1566 4092 mensuratum
1584 4028 1647 4102 661,
1666 4029 1735 4092 1616
1750 4028 1784 4092 61
1799 4025 1936 4110 integre
1952 4026 2062 4109 ipsius
2078 4025 2183 4092 amati
2200 4023 2416 4100 tradidimus.

566 4177 660 4244 unde
675 4196 737 4262 per
752 4179 877 4245 bonam
894 4177 1171 4246 convenientiam
1187 4175 1317 4260 guadia
1332 4176 1430 4244 nobis
1446 4175 1518 4260 ipse
1533 4178 1668 4242 amatus
1683 4175 1777 4242 dedit
1792 4180 1826 4242 et
1842 4175 1992 4260 seipsum
2010 4175 2236 4243 mediatorem
2252 4175 2350 4244 nobis
2362 4194 2420 4261 po·

569 4329 651 4408 suit,
670 4333 705 4397 61
721 4330 883 4415 66666611
897 4330 996 4400 nobis
1010 4330 1054 4398 ad
1071 4329 1328 4416 pignerandum
1351 4329 1463 4396 omnis
1486 4330 1635 4414 pignera
1659 4349 1718 4397 sua
1741 4331 1899 4414 legitima
1920 4331 1955 4398 61
1976 4329 2184 4413 inlegitima,
2203 4329 2262 4397 tali
2286 4329 2417 4400 ordine.

569 4485 607 4547 ut
624 4480 748 4548 amodo
763 4483 796 4549 et
811 4480 891 4547 dum
907 4480 981 4565 1666
996 4483 1133 4548 amatus
1149 4483 1183 4548 et
1199 4482 1273 4549 eius
1283 4480 1308 4568 ¹)
1324 4481 1484 4558 66166611,
1504 4481 1606 4547 116661
1621 4481 1690 4548 11116
1706 4485 1825 4549 166666
1841 4477 1916 4564 1666
1930 4479 2061 4548 (1661166
2077 4479 2173 4565 pecie
2193 4479 2237 4548 de
2259 4483 2355 4547 terra
2378 4479 2420 4546 ad

567 4652 664 4702 suam
680 4636 884 4719 potestatem
899 4635 1044 4703 6116666
1060 4638 1095 4702 61
1111 4635 1223 4702 omnis
1239 4653 1320 4704 suas
1337 4635 1520 4702 utilitatem
1538 4635 1661 4703 ibidem
1680 4638 1802 4709 iacere,
1822 4638 1856 4701 et
1872 4635 1995 4701 amodo
2011 4637 2046 4701 61
2061 4652 2168 4718 usque
2184 4652 2307 4702 novem
2323 4635 2416 4710 anui,

568 4786 720 4868 qualiter
735 4786 911 4864 meruerit,
930 4804 988 4854 eas
1004 4786 1186 4854 arboribus
1202 4786 1332 4852 atritis
1348 4787 1507 4870 61661666
1522 4789 1556 4852 61
1572 4787 1808 4870 propaginare
1823 4789 1857 4852 et
1872 4788 2005 4853 cultare
2020 4785 2063 4852 de
2074 4803 2180 4870 super
2191 4789 2225 4853 et
2236 4783 2278 4851 (16
2290 4786 2419 4853 subter.

568 4941 606 5004 ut
622 4941 705 5008 bene
722 4944 846 5024 pareat
861 4941 1065 5017 laboratum,
1083 4944 1118 5006 et
1133 4957 1252 5006 omnes
1268 4939 1386 5022 fruges
1403 4942 1437 5006 61
1452 4941 1589 5020 labores
1604 4939 1683 5006 inde
1707 4940 1839 5017 tollere,
1859 4943 1893 5006 et
1908 4940 2038 5007 nullam
2055 4939 2242 5006 6661166661
2266 4939 2348 5006 inde
2370 4938 2419 5006 eis

567 5092 686 5158 tollere
713 5109 908 5176 queramus.
940 5093 984 5159 ad
1011 5093 1078 5178 ipsi
1103 5109 1252 5177 namque
1275 5109 1396 5160 novem
1421 5091 1503 5157 anni
1527 5091 1687 5174 completi
1711 5093 1785 5174 1666
1808 5095 1943 5158 amatus
1974 5093 2026 5158 661
2051 5091 2126 5157 6166
2149 5089 2269 5158 eredes
2299 5092 2420 5160 abeant

569 5246 644 5327 1666
660 5245 791 5314 duabus
806 5247 903 5330 pecie
919 5247 961 5314 de
976 5250 1072 5314 terra
1087 5247 1179 5314 16166
1193 5246 1370 5312 nominate
1385 5245 1465 5311 linis
1481 5247 1516 5311 et
1530 5245 1706 5313 mensoria
1722 5246 1902 5328 pastenate
1919 5241 2099 5310 arboribus
2111 5245 2145 5309 et
2157 5242 2237 5310 vitis
2248 5246 2282 5308 et
2293 5244 2418 5309 sactum

568 5395 693 5464 ibidem
709 5397 883 5484 arbustum
899 5397 1059 5476 vitatum,
1077 5395 1247 5481 quomodo
1262 5395 1306 5464 (16
1322 5397 1435 5462 tantos
1451 5413 1561 5462 annos
1576 5398 1670 5462 locus
1683 5394 1692 5458 i
1696 5412 1756 5478 pse
1771 5393 1946 5471 1666116611,
1962 5395 2077 5461 611661
2092 5394 2128 5460 16
2141 5397 2256 5472 66166,
2270 5392 2350 5462 dum
2363 5409 2418 5461 eos

569 5553 690 5615 tenere
706 5549 891 5629 voluerint,
910 5550 985 5634 ipse
1001 5551 1136 5616 amatus
1152 5551 1185 5616 et
1201 5549 1275 5620 6166
1291 5547 1409 5615 eredes
1424 5567 1524 5614 omne
1547 5565 1677 5614 annum
1696 5565 1753 5614 666
1776 5547 1847 5613 suis
1871 5545 2094 5629 temporibus,
2114 5545 2264 5628 qualiter
2288 5563 2420 5612 meroe

622 5751 696 5758 ..-—
713 5749 939 5758 --——----.-.—
959 5752 969 5756 -
984 5751 990 5756 .

620 5873 643 5942 ⁴)
658 5871 726 5928 Eius
747 5868 881 5929 heredes?
