5216 7092
953 571 1323 646 uletullalluus
1956 593 2019 656 159

125 863 128 870 -
203 814 295 902 quod
310 815 341 882 si
356 817 424 884 etc:
450 811 628 898 (Sequitur
650 818 809 885 66666616
828 814 992 896 famulo.
1013 812 1058 878 Et
1075 831 1143 896 pro
1166 815 1294 886 mediis
1311 817 1516 898 praedictus
1542 819 1718 890 Martinus
1734 821 1860 906 6111661
1883 840 1918 888 66
1941 823 2072 889 6616666

203 967 322 1036 decem
346 982 469 1035 eureos
484 965 608 1032 solidos
621 966 875 1055 conducimus).
891 971 926 1035 et
942 985 1008 1035 666
1025 969 1164 1036 brebem
1182 969 1308 1055 scripsi
1322 988 1389 1056 ego
1404 969 1589 1038 rodoaldus
1604 972 1758 1040 notarius
1774 973 1833 1058 qui
1849 975 2018 1042 interfuit.

265 1092 295 1206 †
310 1135 378 1204 ego
393 1121 514 1204 petrus
529 1120 684 1187 notarius
700 1139 755 1188 me
769 1120 959 1205 subscripsi
1003 1189 1006 1194 ,

265 1243 294 1359 †
309 1288 377 1357 ego
392 1273 530 1340 amatus
544 1271 700 1340 notarius
715 1290 771 1340 me
787 1273 974 1358 subscripsi

266 1395 296 1508 †
311 1442 379 1509 ego
395 1423 556 1492 alderissi
572 1424 730 1492 notarius
745 1443 800 1493 me
814 1424 1015 1510 subscripsi.

932 1866 1331 2008 'CCCXXXIV

996 2171 1051 2248 A.
1089 2173 1140 2249 D.
1179 2171 1275 2249 981.

271 2435 356 2566 †ln
371 2483 512 2580 numine
528 2481 660 2548 domini
676 2481 824 2565 septimo
842 2498 935 2548 6666
951 2482 1168 2567 principatus
1183 2481 1300 2548 domm
1317 2482 1426 2551 nostri
1443 2480 1587 2567 paldolli
1599 2481 1741 2566 gloriosi
1755 2483 1936 2568 principis,
1953 2502 2069 2554 mense

213 2639 357 2722 agustus
380 2653 474 2703 nona
497 2635 696 2703 indictione.
722 2653 786 2702 nos
809 2635 964 2703 alserada
987 2635 1169 2720 religionis
1191 2638 1348 2704 belamen
1372 2636 1492 2706 indute
1514 2637 1589 2705 fflia
1611 2635 1748 2704 dauferi
1775 2636 1896 2704 relicta
1919 2637 2010 2721 petri
2036 2640 2070 2706 et

211 2787 407 2873 guaiferius
425 2787 598 2855 castaldus
614 2787 706 2854 filius
723 2787 823 2854 istius
839 2786 993 2856 alferade
1009 2789 1043 2854 et
1059 2787 1249 2872 supradicti
1267 2787 1369 2872 petri,
1390 2806 1453 2872 pro
1470 2789 1566 2855 eristi
1582 2789 1618 2855 61
1634 2788 1796 2855 saltaturi
1812 2787 1922 2856 nostri
1938 2788 2073 2856 miseri-

110 3013 112 3018 ,
211 2940 342 3021 666116,
361 2943 397 3008 61
412 2958 514 3026 quam
530 2942 565 3009 et
580 2959 644 3024 pro
660 2940 852 3008 remedium
868 2942 987 3008 salutis
1004 2941 1119 3008 anime
1134 2943 1262 3019 nostre,
1282 2958 1349 3026 ego
1365 2942 1543 3008 nominata
1558 2941 1712 3010 alserada
1728 2957 1792 3026 per
1813 2959 2017 3012 consensum
2041 2944 2074 3010 et

212 3097 403 3162 bulumtate
418 3093 516 3161 istius
533 3093 699 3178 guaiferii
717 3091 780 3161 filii
803 3093 871 3162 mei
896 3097 931 3163 61
954 3113 1020 3162 666
1044 3113 1123 3163 cum
1147 3095 1258 3173 illum,
1276 3095 1313 3162 in
1337 3097 1435 3163 cuius
1457 3093 1634 3162 mundium
1660 3111 1715 3161 me
1739 3093 1918 3178 supiacere
1941 3097 2076 3180 palam-

193 3246 317 3324 ·facio,
335 3246 544 3313 unanimiter
561 3247 707 3332 parique
722 3265 927 3318 consensum
943 3265 1006 3333 666
1029 3265 1093 3314 666
1116 3249 1289 3316 66616166
1313 3248 1460 3315 liberum
1485 3248 1679 3314 absolutum
1703 3246 1943 3314 constituimus
1966 3265 2073 3312 unum

211 3397 425 3465 infantulum
441 3399 577 3466 serbum
594 3401 750 3468 nostrum
767 3401 908 3468 nomine
924 3403 1094 3470 iohannes
1109 3402 1219 3468 filium
1237 3401 1368 3470 delecto
1384 3402 1419 3468 et
1434 3399 1598 3466 iohanni:
1613 3401 1686 3465 tota
1699 3401 1762 3466 166
1772 3415 1919 3483 6666666
1930 3397 2074 3466 liberum

211 3549 466 3630 constituimus,
486 3568 547 3618 seu
563 3555 597 3618 et
612 3551 715 3618 liberi
731 3552 970 3620 constituimus
990 3552 1208 3621 medietatem
1224 3571 1343 3620 omrres
1358 3552 1422 3618 lilii
1439 3552 1474 3618 61
1488 3550 1570 3630 filie,
1589 3567 1655 3635 que
1671 3549 1794 3617 amodo
1810 3551 1844 3617 61
1859 3550 1983 3616 6666116
2005 3549 2078 3617 116-

215 3703 279 3770 bus
304 3702 376 3769 bite
391 3703 448 3771 tue
462 3703 594 3773 delecte
611 3704 818 3788 genueritis
837 3707 874 3772 in
890 3705 952 3774 tali
969 3707 1101 3786 ordine,
1120 3705 1165 3777 ud
1185 3706 1270 3790 ipsis
1286 3705 1368 3773 filiis
1389 3706 1425 3774 et
1446 3705 1530 3783 filie,
1548 3722 1614 3790 que
1637 3702 1680 3770 de
1702 3705 1736 3770 te
1759 3701 1864 3770 fuerit
1878 3703 1966 3781 6611,
1985 3703 2078 3770 61661

214 3813 385 3923 adsociati
401 3873 465 3939 per
480 3872 544 3923 nos
559 3856 613 3924 vel
629 3873 692 3939 per
709 3856 828 3925 eredes
844 3831 980 3926 nostros
995 3876 1072 3926 cum
1090 3858 1241 3926 ominem
1257 3856 1367 3960 illum,
1384 3855 1439 3922 cui
1456 3856 1600 3940 scriptio
1617 3856 1684 3924 ista
1700 3855 1854 3940 paruerit
1872 3855 1908 3922 in
1924 3872 2076 3932 manum,

213 4007 466 4092 61166666616,
485 4009 574 4094 quod
590 4009 673 4078 inde
688 4012 810 4078 tollore
826 4010 975 4080 voluerit
989 4011 1049 4078 ille
1072 4011 1127 4077 cui
1151 4010 1295 4094 scriptio
1318 4009 1382 4077 ista
1397 4009 1434 4075 in
1451 4027 1590 4076 manum
1608 4007 1777 4093 paruerit,
1796 4006 1927 4076 badant
1942 4025 2077 4092 semper

214 4162 320 4229 liberi
336 4165 371 4230 61
387 4141 536 4231 absoluti
553 4181 629 4230 cum
645 4180 706 4230 suu
722 4166 887 4248 paratum
903 4166 938 4233 et
952 4163 1196 4248 conquisitum.
1216 4163 1290 4248 1666
1305 4163 1471 4230 iohannes
1487 4161 1609 4229 amodo
1626 4160 1729 4228 badat
1752 4160 1899 4228 liberum
1922 4161 1957 4228 61
1980 4161 2077 4226 abso·

213 4315 340 4393 lutum,
359 4317 395 4381 et
409 4314 628 4383 concedimus
643 4333 706 4384 nos
722 4316 755 4384 ei
771 4316 883 4385 omnis
899 4335 1000 4383 suum
1015 4317 1174 4401 paratum
1190 4317 1225 4382 61
1239 4315 1489 4402 conquisitum3
1506 4311 1597 4381 unde
1612 4313 1832 4398 oblighamus
1847 4329 1910 4380 nos
1932 4314 1967 4382 et
1988 4312 2078 4380 filios

215 4469 254 4534 61
269 4467 392 4535 666166
407 4469 545 4537 6661666
560 4487 696 4554 semper
712 4469 961 4540 defensandum
985 4471 1243 4539 mundissimam
1259 4470 1455 4538 libertatem
1472 4469 1583 4554 ipsius
1606 4467 1789 4536 iohannuli
1812 4469 1848 4535 et
1870 4466 1914 4534 ad
1938 4467 2021 4534 tiliis
2044 4470 2080 4535 et

214 4618 312 4686 filias
328 4637 405 4704 que,
424 4617 469 4688 ud
485 4637 595 4705 supra
608 4620 772 4700 diximus,
794 4621 897 4689 medii
914 4622 987 4691 eset
1002 4621 1102 4692 liberi
1118 4640 1141 4690 a
1156 4639 1238 4707 6666
1261 4621 1383 4707 6616111
1406 4623 1441 4688 61
1464 4618 1508 4688 16
1530 4619 1643 4686 omnis
1666 4619 1809 4697 omines,
1836 4619 1894 4704 qui
1917 4635 1982 4704 pro
2004 4617 2080 4686 bice

214 4771 287 4841 aud
304 4790 370 4858 pro
386 4789 469 4857 6666
485 4775 621 4858 6616111,
633 4735 709 4842 aud
726 4793 789 4860 pro
805 4794 889 4861 pars
905 4779 1024 4844 nostra
1038 4777 1088 4844 eis
1104 4776 1141 4844 in
1164 4776 1344 4844 serbitium
1368 4774 1517 4860 supdere
1540 4773 1608 4843 aud
1626 4775 1729 4844 abere
1743 4769 1918 4860 quesierit.
1937 4773 2027 4860 quod
2050 4775 2080 4843 si

212 4929 353 5009 taliter,
370 4928 415 4996 ud
431 4947 539 5015 supra
553 4929 718 5010 diximus,
737 4949 874 5016 semper
891 4931 1152 5000 mundissimam
1169 4929 1365 4998 libertatem
1380 4930 1521 4998 illorum
1543 4948 1613 4998 nun
1636 4928 1942 5007 defensaberimus‚
1960 4927 2028 4996 aud
2051 4929 2082 4994 si

211 5101 284 5151 666
299 5083 390 5152 tilios
404 5086 439 5152 et
453 5083 574 5152 eredes
589 5085 727 5153 nostras
742 5085 793 5152 616
810 5087 847 5152 16
873 5079 1052 5154 serbitium
1080 5085 1225 5171 supdere
1251 5084 1318 5153 aud
1347 5086 1461 5154 abere·
1474 5083 1710 5171 quesierimus,
1729 5082 1797 5151 aud
1824 5083 1854 5149 si
1877 5081 1919 5149 de
1942 5081 2081 5148 illorum

215 5239 317 5305 iustu
331 5237 491 5322 paratum
508 5237 544 5305 61
558 5237 787 5323 conquisitum
804 5239 999 5319 tulerimus,
1019 5239 1087 5307 aud
1104 5241 1226 5308 tollere
1242 5239 1484 5325 quesierimus,
1502 5239 1583 5307 ante
1598 5235 1715 5304 omnia
1730 5235 1861 5321 questio
1877 5237 1912 5304 et
1926 5231 2080 5300 causatio

213 5388 394 5456 66616661
410 5387 454 5455 16
469 5388 560 5456 filios
576 5390 612 5456 et
626 5386 669 5456 de
685 5389 805 5459 eredes
820 5392 959 5459 nostras
975 5390 1087 5458 modis
1104 5391 1262 5460 omnibus
1277 5385 1680 5459 6166666661616611661
1695 5385 1800 5453 bacua
1815 5387 2027 5465 remaneant,
2047 5388 2082 5454 61

214 5536 269 5605 ad
287 5537 539 5623 compositione
554 5539 683 5610 siamus
697 5557 760 5608 nus
777 5545 812 5609 et
826 5541 917 5610 lilios
932 5544 968 5610 et
983 5541 1103 5611 eredes
1119 5545 1257 5611 nostras
1273 5540 1443 5628 oblighati
1460 5539 1502 5608 ad
1519 5536 1796 5625 componendum
1808 5538 1918 5622 ipsius
1932 5527 2081 5618 iannuli,

208 5690 252 5756 61
272 5687 433 5774 6116616,
451 5708 518 5774 que
534 5709 642 5775 supra
656 5690 809 5760 diximus
824 5711 900 5761 esse
914 5694 1028 5772 liberi,
1048 5695 1102 5762 vel
1120 5695 1174 5761 cui
1191 5693 1265 5760 uice
1282 5693 1422 5760 illorum
1445 5690 1588 5776 scriptio
1610 5689 1680 5758 ista
1694 5690 1732 5758 in
1748 5709 1889 5758 manum
1913 5690 2076 5776 paruerit,

211 5841 361 5913 centum
378 5841 454 5910 auri
470 5841 596 5912 solidus
612 5845 859 5926 constantinus,
877 5849 911 5914 61
926 5864 1064 5932 semper
1079 5845 1341 5915 mundissimam
1356 5844 1554 5916 libertatem
1578 5845 1717 5913 illorum
1740 5843 1966 5920 defensemus,
1982 5840 2077 5908 sicud
