5286 7098
593 525 654 638 'ros
1028 533 1031 538 ’
1262 549 1425 624 cousx
1466 549 1699 624 cavensis

545 805 611 874 sibi
634 822 698 888 pro
721 819 785 869 sua
807 801 958 869 sortione
981 799 1073 865 iusta
1095 797 1240 865 ratione.
1259 799 1302 865 st
1325 814 1389 881 pro
1412 793 1683 862 confirmandam
1706 795 1741 861 et
1762 795 2045 865 stabiliscendam
2068 799 2160 895 hanc
2183 797 2302 865 nostra
2327 801 2392 868 tra-

534 944 693 1022 dietione
718 972 740 1020 a
762 953 916 1038 presenti
939 949 1133 1035 recepimus
1156 947 1202 1016 da
1224 949 1416 1033 aliquantos
1439 948 1656 1040 atrianenses
1678 948 1748 1013 tem
1771 963 1836 1031 pro
1858 967 1905 1027 se,
1924 965 2027 1034 quam
2042 951 2077 1016 et
2093 966 2157 1034 pro
2172 967 2292 1018 omues
2313 953 2392 1022 alios

543 1108 672 1176 omines
696 1107 912 1176 atrianenses
937 1080 1012 1190 ipse
1035 1106 1130 1172 mille
1153 1105 1242 1172 libre
1266 1105 1444 1187 argentee,
1471 1104 1505 1169 et
1527 1101 1761 1169 adiunxerunt
1782 1102 1883 1169 nobis
1905 1120 1969 1188 pro
1991 1121 2098 1172 causa
2116 1103 2257 1188 pietatis
2271 1122 2392 1189 argeu-

543 1265 617 1332 tum
642 1263 750 1331 libras
774 1259 904 1330 decem.
927 1261 990 1328 hec
1007 1262 1118 1328 autem
1142 1258 1270 1336 omnia,
1286 1261 1462 1342 ,quantum
1479 1273 1586 1340 supra
1608 1254 1772 1335 diximus,
1792 1255 1881 1339 quod
1898 1257 1995 1324 vobis
2009 1255 2226 1335 tradidimus,
2244 1259 2392 1342 sceptum

542 1417 625 1484 illud
649 1416 738 1500 quod
763 1415 890 1485 exinde
914 1415 1182 1500 sceptuavimus,
1209 1411 1332 1480 amodo
1355 1417 1390 1479 et
1411 1430 1547 1496 semper
1566 1428 1627 1478 vos
1650 1412 1782 1479 omines
1805 1429 1908 1495 quarn
1932 1413 1967 1478 et
1989 1411 2112 1480 vestris
2142 1409 2327 1480 heredibus
2348 1431 2394 1480 se·

542 1568 673 1634 curitcr
690 1571 724 1634 et
739 1567 886 1634 firmiter
911 1566 993 1633 iilud
1017 1567 1172 1633 habeatis
1193 1567 1229 1632 et
1250 1563 1477 1649 possideatis,
1498 1565 1533 1631 ct
1554 1563 1691 1630 faciatis
1714 1561 1853 1641 exinde,
1880 1561 1968 1646 quod
1991 1559 2180 1630 volueritis.
2202 1565 2256 1629 Ex
2272 1579 2338 1646 qua
2358 1581 2393 1631 re

545 1721 722 1804 promitte,
749 1721 784 1785 et
812 1737 874 1803 per
897 1717 985 1784 bona
1007 1717 1248 1784 convenientia
1272 1717 1390 1800 obligo
1412 1735 1466 1783 me
1488 1715 1647 1801 superius
1668 1713 1780 1780 dictus
1803 1713 1929 1798 pando,
1955 1715 1991 1780 et
2012 1729 2105 1780 meos
2126 1728 2341 1781 successores
2361 1716 2393 1780 et

543 1888 625 1954 pars
650 1871 762 1936 nostri
784 1870 953 1954 episcopii
984 1869 1107 1936 amodo
1134 1871 1169 1935 et
1192 1887 1328 1952 semper
1352 1866 1587 1935 antistandum
1611 1869 1646 1934 et
1668 1863 1916 1933 defensandum
1939 1865 1982 1932 ad
2004 1883 2123 1933 omnes
2146 1867 2394 1950 suprascriptos

541 2040 599 2090 vos
620 2024 781 2091 omnibus
805 2023 1070 2102 atriancnsibus
1092 2027 1127 2090 et
1149 2022 1192 2088 ad
1215 2021 1340 2089 vestris
1358 2020 1543 2089 heredibus
1559 2023 1682 2097 totum,
1701 2021 1866 2105 quantum
1884 2019 2042 2104 superius
2064 2019 2161 2085 vobis
2177 2017 2390 2094 tradidimus,

455 2181 465 2184 “
540 2179 755 2260 sceptuatum
778 2179 946 2261 quantum
968 2175 1096 2242 exinde
1118 2175 1422 2260 exceptuavimus,
1447 2176 1492 2241 ab
1514 2173 1674 2240 omnibus
1696 2171 1894 2239 hominibus
1917 2171 2079 2256 omnique
2107 2171 2276 2257 partibus.
2303 2171 2390 2248 Quod

541 2330 571 2397 si
594 2331 722 2408 taliter,
741 2329 830 2396 sicut
846 2331 1006 2414 superius
1022 2331 1164 2415 legitur,
1183 2346 1318 2414 semper
1334 2327 1419 2395 illud
1435 2329 1531 2397 vobis
1546 2327 1638 2394 etad
1655 2328 1778 2396 vestris
1792 2325 1979 2394 heredibus
1994 2343 2063 2392 non
2086 2325 2388 2404 defensaverimus,

540 2486 599 2550 aut
624 2485 653 2550 si
670 2501 736 2567 ego
753 2485 807 2550 vel
823 2499 1034 2550 successores
1050 2498 1145 2547 meos
1161 2482 1222 2546 aut
1236 2498 1318 2564 pars
1333 2481 1444 2548 nostri
1459 2480 1625 2565 episcopii
1641 2479 1725 2546 illud
1742 2481 1796 2546 vel
1813 2477 1940 2546 exinde
1956 2479 2050 2546 vohis
2066 2480 2119 2546 vel
2136 2476 2179 2545 ad
2195 2478 2320 2545 vestris
2338 2479 2392 2546 he

496 2683 506 2698 ,
538 2631 677 2698 reditus
694 2633 817 2699 tollere
832 2636 891 2700 aut
907 2634 1083 2710 contrare,
1102 2649 1162 2699 seu
1179 2649 1359 2698 removere
1375 2630 1613 2716 quesierimus
1632 2633 1691 2697 aut
1707 2629 1838 2714 aliquid
1854 2631 2007 2698 causatio
2030 2628 2157 2697 exinde
2178 2628 2391 2696 emiserimus

535 2783 632 2848 vobis
654 2785 708 2850 vel
733 2783 776 2850 ad
804 2785 930 2852 vestris
953 2783 1148 2862 heredibus,
1173 2786 1256 2850 tunc
1279 2803 1341 2868 per
1365 2785 1456 2850 bona
1479 2783 1718 2852 convenientia
1740 2783 1857 2868 obligo
1874 2802 1928 2850 me
1951 2800 2112 2867 meosque
2127 2797 2344 2848 successores
2359 2783 2391 2849 et

535 2951 618 3018 pars
641 2935 751 3001 nostri
776 2935 944 3019 episcopii
969 2951 1173 3018 componore
1196 2933 1292 3003 vobis
1314 2937 1368 3001 vel
1396 2933 1439 3001 ad
1463 2933 1588 3002 vestris
1611 2932 1796 3002 heredibus
1818 2933 1886 3001 duo
1909 2934 2007 3000 milia
2030 2933 2138 3000 libras
2160 2934 2321 3017 argentei
2334 2953 2343 3018 ;
2359 2935 2391 3000 et

538 3087 574 3153 iu
599 3087 657 3152 tuli
675 3086 822 3155 hordine
836 3087 923 3154 illud
940 3089 1036 3154 vohis
1052 3085 1270 3166 tradidimus,
1289 3090 1328 3154 ut
1341 3088 1370 3156 si
1394 3087 1471 3172 quis
1494 3086 1537 3154 de
1559 3104 1677 3155 omnes
1699 3087 1928 3172 suprascripti
1951 3086 2166 3153 atrianenses
2189 3086 2386 3162 sortionem,

532 3239 620 3324 quod
636 3239 678 3308 de
694 3241 773 3324 ipsa
788 3257 843 3309 res
859 3258 922 3324 per
938 3259 1216 3326 unumquemque
1231 3241 1388 3308 evenerit
1402 3245 1461 3308 aut
1475 3242 1617 3308 evenire
1641 3241 1809 3319 debuerit,
1828 3258 1888 3308 vos
1905 3242 1965 3308 aut
1982 3244 2105 3309 vestris
2120 3238 2306 3309 heredibus
2333 3239 2389 3308 da-

531 3394 609 3458 tura
624 3397 683 3460 aut
700 3392 885 3460 venditura
900 3393 1103 3471 habueritis
1121 3392 1289 3460 intervos
1306 3392 1392 3460 illud
1407 3392 1539 3460 vindite
1554 3392 1598 3460 ad
1615 3393 1744 3460 iustum
1768 3395 1918 3462 valiente
1941 3395 2105 3480 pretium.
2122 3394 2210 3462 Etsi
2227 3395 2390 3462 forsitans

529 3544 622 3610 infra
644 3543 763 3610 diebus
779 3544 925 3629 triginta
941 3545 1093 3612 noluerit
1108 3544 1192 3611 illud
1211 3563 1327 3613 emere
1343 3545 1434 3614 inter
1449 3547 1545 3614 vobis
1560 3547 1603 3614 ad
1626 3548 1717 3616 iusto
1740 3549 1891 3618 valiente
1906 3549 2069 3634 pretium,
2096 3553 2177 3617 tunc
2199 3549 2303 3618 liceat
2331 3567 2387 3615 vos

529 3694 614 3762 illud
632 3693 718 3761 dare
735 3695 791 3760 cui
808 3696 999 3764 volueritis.
1020 3702 1106 3766 Nam
1124 3697 1153 3766 si
1170 3698 1264 3765 infra
1278 3699 1354 3783 ipso
1370 3701 1530 3804 costituto
1544 3718 1608 3785 per
1622 3701 1744 3786 quabis
1767 3699 1886 3778 modis.
1902 3703 2105 3786 cuicumque
2121 3701 2205 3768 illud
2221 3704 2277 3770 vel
2291 3675 2388 3770 exin·

528 3841 571 3910 de
587 3842 753 3911 dederitis
768 3845 830 3924 sic,
861 3847 899 3912 ut
920 3845 962 3914 de
980 3849 1147 3930 potestate
1161 3849 1236 3916 eius
1259 3850 1365 3916 fuerit
1379 3850 1620 3930 substractum,
1644 3854 1727 3918 tunc
1744 3852 1819 3920 shre
1841 3817 1991 3937 pretium
2008 3859 2165 3922 revertar
2188 3855 2273 3922 illud
2297 3854 2386 3940 quod

526 3994 644 4062 datum
673 3998 839 4080 paruerit,
859 3997 903 4064 ad
920 4017 1040 4066 omnes
1056 4001 1275 4084 supradictos
1297 4003 1512 4071 atrianenses
1534 4007 1569 4071 et
1589 4004 1631 4070 ad
1647 4022 1767 4072 eorum
1789 4005 1945 4087 heredes.
1960 4009 2004 4075 Et
2019 4007 2047 4077 si
2071 4007 2148 4092 quis
2170 4024 2215 4074 ex
2231 4008 2328 4075 vobis
2342 4025 2386 4074 ex

526 4149 684 4216 omnibus
700 4152 931 4237 suprascripti
946 4155 980 4221 et
996 4153 1038 4220 de
1056 4155 1181 4222 vestris
1197 4157 1382 4225 heredibus
1397 4159 1473 4227 sine
1488 4158 1633 4227 heredes
1649 4158 1800 4226 defuncti
1818 4160 1952 4228 fueritis
1967 4164 2002 4229 et
2017 4161 2094 4246 ipsa
2106 4179 2166 4227 sua
2178 4159 2334 4229 sortione
2350 4161 2387 4228 in

524 4303 764 4394 suprascripto
786 4303 934 4370 hordine
955 4321 1026 4371 non
1043 4305 1148 4373 fuerit
1162 4305 1257 4385 data,
1277 4309 1358 4374 tunc
1381 4307 1541 4376 similiter
1566 4311 1723 4379 revertar
1747 4310 1788 4376 ad
1813 4312 2016 4394 potestatem
2043 4311 2085 4378 dc
2113 4329 2233 4379 omnes
2259 4331 2384 4398 supra·

431 4487 433 4492 .
524 4451 645 4536 scripti
663 4453 877 4522 atrianenses
903 4458 938 4522 et
963 4456 1006 4523 de
1033 4475 1152 4524 eorum
1181 4459 1376 4527 heredibus.
1407 4479 1510 4544 quam
1538 4463 1572 4529 te
1605 4462 1754 4530 arechisi
1777 4464 1949 4530 notarium
1974 4465 2125 4531 scribere
2160 4465 2376 4548 rogavimus.

525 4605 638 4668 actum
662 4605 812 4672 salerno.

583 4729 612 4842 †
628 4773 695 4840 ego
711 4758 770 4842 qui
787 4778 895 4844 supra
909 4761 1022 4845 pando
1036 4764 1219 4849 episcopus

577 4881 608 4994 †
625 4926 692 4994 ego
708 4911 844 4980 alfanus
866 4931 980 4982 comes

580 5030 610 5143 †
626 5077 693 5144 ego
709 5061 767 5144 qui
783 5080 890 5146 supra
906 5063 1009 5148 gaido
1026 5064 1129 5134 iudex

542 5187 545 5194 ¹
579 5183 609 5295 †
624 5230 692 5296 ego
708 5216 766 5300 qui
783 5235 892 5300 supra
907 5217 1077 5288 iohannes
1094 5222 1263 5306 presbiter
1279 5227 1313 5290 et
1329 5223 1550 5294 vicedomnus

577 5335 685 5449 †ego
702 5370 863 5451 superius
878 5370 990 5440 dictus
1007 5373 1192 5443 richardus
1209 5378 1365 5445 notarius

577 5485 607 5598 †
622 5532 688 5600 ego
702 5519 822 5600 petrus
839 5538 953 5589 comes

575 5640 604 5751 †
619 5687 685 5754 ego
702 5670 870 5741 iohannes
886 5693 998 5746 comes

576 5799 605 5910 †
622 5843 688 5910 ego
704 5832 834 5912 petrus.
