5252 7102
547 567 610 630 288
1230 555 1394 628 couhx
1436 557 1670 630 cavhusls

505 796 664 883 partibus
679 797 785 866 vestri
802 796 1004 866 monasterii
1019 798 1054 866 et
1069 796 1208 865 faciatis
1222 797 1313 884 quod
1329 797 1521 879 bolueritis,
1541 801 1709 886 quantum
1726 802 1922 888 quantoque
1938 800 2065 872 ibidem
2079 803 2237 872 abuimus
2252 821 2364 889 usqua

507 947 552 1018 ad
568 949 639 1018 fine
654 950 800 1019 iohanni
822 951 1025 1020 amalfitano
1052 953 1126 1020 filio
1153 952 1315 1021 mauroni
1340 952 1469 1036 comiti,
1488 955 1606 1040 saepto
1632 955 1711 1024 illut
1737 955 1828 1041 quod
1854 957 2015 1043 superius
2041 959 2160 1026 nostre
2185 957 2370 1043 potestatis

505 1098 762 1168 reserbabimus
776 1117 841 1187 pro
857 1101 1016 1187 partibus
1032 1101 1187 1184 predicte
1202 1103 1344 1174 ecclesie
1360 1104 1472 1173 sancti
1490 1105 1593 1190 petri.
1607 1109 1641 1176 et
1658 1106 1777 1175 taliter
1790 1091 1942 1176 scrihere
1953 1107 2152 1194 rogabimus
2162 1109 2198 1176 te
2209 1106 2369 1177 ademari
2425 1105 2431 1116 “

502 1253 674 1322 notarius.
692 1256 833 1323 hactum
850 1257 1001 1325 salerno.

565 1375 596 1490 †
611 1420 680 1490 ego
694 1405 912 1475 landenolius

565 1527 676 1644 †ego
691 1557 799 1642 guido

565 1679 596 1795 †
611 1727 679 1795 ego
695 1711 888 1780 imetancus
904 1729 1032 1779 comes.

1246 2225 1572 2308 GCCCXXI.

1279 2475 1335 2552 A.
1373 2476 1425 2552 D.
1462 2473 1567 2554 990.

578 2735 665 2871 †1n
680 2783 820 2853 nomine
835 2783 967 2853 domini
982 2800 1073 2851 anno
1089 2783 1116 2873 ⁴)
1132 2785 1176 2852 ab
1190 2785 1432 2854 incarnatione
1446 2785 1577 2855 domini
1601 2789 1710 2856 nostri
1733 2789 1831 2858 ihesu
1853 2789 1953 2858 cristi
1974 2790 2057 2857 anni
2080 2792 2162 2858 sunt
2184 2793 2377 2859 noncente·

508 2939 596 3008 simo
611 2939 844 3025 octuagesimo
859 2938 1005 3014 decimo,
1024 2939 1059 3005 et
1074 2935 1149 3004 dies
1164 2934 1191 3023 ¹)
1206 2938 1336 3006 mensis
1350 2939 1531 3008 ianuarius
1546 2957 1609 3026 per
1624 2939 1814 3009 indictione
1829 2941 1946 3009 tertia.
1965 2941 2043 3010 ideo
2059 2961 2127 3028 ego
2175 2993 2183 3008 .
2235 2997 2243 3012 .
2296 2997 2304 3011 .
2359 2996 2368 3008 .

636 3141 643 3156 .
696 3139 705 3157 .
755 3090 943 3161 credendeo
959 3091 1053 3160 tilius
1067 3091 1242 3178 quondam
1259 3091 1490 3160 nordemanni
1506 3093 1549 3161 de
1563 3093 1729 3162 comitatu
1744 3093 1878 3162 teatirm'
1893 3093 1936 3163 de
1952 3095 2063 3163 locum
2087 3096 2147 3182 qui
2168 3097 2375 3164 nominatur

433 3255 436 3264 “
513 3249 613 3318 domo
629 3251 731 3328 bona,
750 3249 786 3314 et
801 3249 1023 3334 expontanea
1036 3265 1115 3316 mea
1130 3248 1221 3316 bona
1235 3248 1425 3315 bolumtate
1440 3248 1474 3314 et
1490 3266 1552 3332 per
1579 3250 1672 3316 hanc
1698 3249 1866 3318 cartulam
1892 3251 1927 3319 et
1941 3268 2005 3335 per
2022 3252 2218 3335 presentem
2235 3249 2372 3320 tradedi

513 3400 610 3471 bobis
625 3401 717 3487 petri
732 3400 825 3470 filius
840 3395 1013 3485 quondam
1028 3399 1173 3467 iohanni
1188 3400 1223 3468 et
1237 3398 1351 3467 sabini
1366 3400 1460 3468 lilius
1475 3400 1651 3484 quondam
1666 3399 1795 3468 maioni
1811 3399 1856 3468 ad
1871 3403 2022 3469 vestram
2039 3403 2289 3488 proprietatem
2314 3407 2371 3471 vel

499 3535 559 3623 ¹ad
575 3553 767 3638 vestrisque
784 3551 944 3621 eredibus
958 3551 1217 3638 possidendum,
1235 3569 1276 3618 oc
1299 3556 1352 3621 est
1375 3552 1418 3621 de
1442 3571 1499 3622 res
1522 3553 1746 3639 proprietatis
1768 3571 1847 3622 mea
1870 3553 1907 3621 in
1930 3554 2098 3622 comitatu
2119 3555 2253 3623 teatino
2276 3555 2373 3622 inira

512 3706 595 3774 finis
609 3704 653 3774 de
667 3703 781 3784 domo,
800 3723 866 3790 que
882 3703 1111 3772 mihiobbeni
1127 3702 1172 3772 ad
1199 3721 1316 3771 meum
1342 3703 1588 3790 conquisitum,
1603 3707 1639 3773 et
1660 3706 1714 3773 est
1737 3705 1817 3790 ipsa
1838 3722 1893 3772 res
1916 3723 1979 3790 per
2004 3723 2167 3774 mensura
2191 3705 2235 3774 ad
2260 3705 2372 3776 destri

511 3858 621 3929 omini
636 3862 678 3927 oh
693 3877 762 3927 uno
774 3873 866 3944 'capo
881 3860 961 3926 sunt
974 3857 1083 3926 destri
1099 3855 1334 3942 quadraginta
1347 3858 1382 3926 et
1398 3857 1451 3926 est
1463 3857 1534 3926 fine
1548 3860 1646 3925 terra
1660 3875 1727 3943 que
1742 3856 1830 3924 mihi
1845 3858 2026 3936 remansit,
2044 3855 2132 3942 pede
2155 3861 2236 3928 sunt
2257 3858 2369 3928 destri

510 4013 745 4100 quadraginta
761 4014 842 4081 ohto
856 4013 891 4080 et
905 4013 958 4080 est
971 4011 1042 4080 dne
1055 4011 1150 4080 terra
1165 4009 1317 4078 amiconi
1334 4009 1532 4095 presbiteri,
1550 4009 1594 4078 de
1610 4027 1680 4081 uno
1702 4011 1771 4078 lato
1793 4011 1875 4078 sunt
1898 4009 2007 4078 destri
2030 4011 2158 4097 viginti
2181 4031 2236 4082 ses
2258 4015 2294 4082 et
2315 4017 2371 4083 est

509 4167 579 4234 dne
595 4167 666 4244 bia,
681 4165 724 4234 de
740 4165 808 4234 alio
824 4166 893 4232 lato
908 4164 990 4232 sunt
1005 4161 1115 4232 destri
1130 4161 1259 4247 viginti
1273 4164 1405 4247 septem
1421 4165 1455 4232 et
1471 4163 1522 4230 est
1536 4162 1607 4229 fine
1621 4163 1715 4230 terra
1730 4179 1796 4248 que
1810 4161 1897 4230 mihi
1908 4162 2087 4242 remansit,
2101 4163 2137 4230 et
2148 4165 2201 4231 est
2211 4162 2371 4248 predicta

510 4317 606 4404 petia
620 4319 663 4385 de
678 4319 772 4385 terra
788 4317 883 4384 inira
898 4314 1053 4401 predicte
1068 4314 1161 4394 finis,
1180 4311 1270 4381 siout
1286 4315 1444 4398 superius
1459 4315 1602 4399 legitur,
1619 4331 1699 4380 cum
1725 4315 1823 4382 terra
1848 4314 1884 4381 et
1909 4313 2009 4384 binea
2034 4316 2070 4381 et
2093 4331 2171 4382 cum
2198 4314 2311 4399 pomis
2335 4317 2373 4384 et

512 4471 694 4538 arboribus
710 4470 839 4537 etcum
855 4467 973 4536 omnia
995 4467 1031 4534 et
1052 4466 1090 4533 in
1113 4465 1273 4535 omnibus
1296 4466 1462 4551 quantum
1484 4465 1580 4533 iufra
1602 4465 1841 4552 suprascripte
1864 4464 1945 4532 finis
1967 4466 2108 4534 abentas
2130 4468 2203 4534 tam
2226 4465 2373 4536 inferius

512 4640 617 4709 quam
641 4626 676 4692 et
698 4623 881 4709 superius3
906 4621 959 4691 set
981 4620 1019 4688 in
1041 4621 1220 4705 integrum
1243 4621 1277 4689 et
1299 4619 1338 4686 in
1361 4619 1521 4687 omnibus
1542 4621 1593 4687 sic
1615 4617 1774 4708 vindedit
1795 4621 1829 4686 et
1851 4617 2001 4686 tradedit
2022 4635 2090 4704 ego
2111 4617 2371 4705 superescripto
2410 4663 2415 4666 -

510 4775 702 4846 credendeo
725 4777 803 4863 ipsa
825 4774 993 4843 iamdicta
1015 4793 1071 4844 res
1094 4776 1169 4842 tota
1182 4778 1217 4842 et
1231 4773 1376 4859 integra
1391 4791 1454 4859 per
1470 4776 1535 4842 hac
1552 4775 1697 4854 cartula,
1716 4773 1862 4860 qualiter
1877 4773 2082 4857 prelegitur,
2101 4771 2198 4840 bohis
2213 4770 2370 4840 iamdicti

509 4927 602 5016 petri
627 4929 663 4996 et
685 4927 798 4996 sabini
822 4928 877 4994 rel
899 4925 943 4994 ad
966 4925 1092 4995 vestris
1115 4921 1274 4996 eredibus
1296 4923 1339 4992 ad
1363 4923 1546 5006 abendum,
1564 4924 1751 4994 tenendum
1774 4925 1810 4992 et
1831 4923 1875 4991 ad
1898 4923 2013 4992 vestra
2028 4921 2244 5010 proprietate
2259 4925 2371 5011 possi-

508 5079 658 5150 dendum
684 5125 2368 5146 .............................

572 5231 688 5302 «Huc
712 5249 815 5316 usque
836 5229 970 5315 pernes
991 5231 1103 5312 potest
1129 5229 1214 5298 hoec
1240 5229 1369 5298 oborto
1390 5230 1445 5298 ito
1469 5229 1615 5318 maeotis
1639 5225 1787 5312 cadim
1807 5224 1955 5309 rosano,
1983 5228 2021 5292 ot
2045 5225 2111 5292 vic
2136 5225 2372 5308 intermori

510 5404 528 5446 e
541 5384 673 5468 possint
697 5384 840 5452 manino
854 5381 1351 5467 mommorenciacensem
1367 5381 1425 5451 bic
1440 5381 1669 5453 adsedimus:

520 5553 543 5559 -
550 5551 800 5560 ..-.--—-.-—...--
818 5551 948 5560 -.-——.

567 5625 593 5698 ¹)
616 5624 694 5682 llaec
716 5609 877 5699 prima'est
901 5625 977 5682 inter
998 5632 1128 5682 caeteras
1159 5623 1305 5680 'tabularii
1327 5623 1498 5694 chartulas,
1521 5637 1596 5697 quae
1622 5620 1878 5697 Langobardorum
1909 5619 2021 5678 Salerni
2051 5617 2217 5693 Principum
2236 5625 2375 5692 tempore

510 5733 636 5810 scriptae
651 5742 732 5806 sunt,
747 5733 797 5790 uhi
813 5731 921 5790 Christi
934 5733 1005 5790 anni
1020 5733 1234 5792 describuntur.

567 5841 590 5913 ²)
603 5842 638 5899 Εἰ
651 5842 716 5912 dias,
732 5839 807 5896 idest
820 5837 934 5897 decima
947 5838 1005 5897 die.
