5252 7102
1071 511 1439 609 nrrnoivxrvcus
2070 563 2131 624 ras

321 786 577 866 archidiaconi,
595 785 677 853 inde
693 787 774 854 sunt
790 784 883 870 passi
901 784 1049 869 bigiuti:
1069 803 1112 850 ex
1127 783 1196 849 alio
1211 783 1319 851 latere
1335 784 1424 850 inter
1441 784 1542 853 binea
1558 785 1635 870 ipsa
1650 788 1685 854 et
1699 788 1802 857 vinea
1816 788 1858 856 de
1873 790 2018 858 heredes
2034 793 2123 877 petri
2148 797 2183 858 et

320 939 454 1008 saraclvi
470 941 639 1024 pergente
662 955 725 1023 per
749 935 862 1004 medio
886 935 1019 1002 risaneo
1042 937 1190 1020 suntque
1213 935 1308 1018 passi
1331 936 1478 1020 triginta
1501 939 1595 1002 octo:
1614 937 1660 1004 da
1683 938 1767 1024 pede
1789 940 1859 1006 fine
1882 941 1974 1008 leoni
1998 941 2063 1009 filii
2087 942 2180 1027 petri
2289 955 2291 964 ’

321 1093 427 1168 curti,
447 1093 481 1159 et
496 1089 578 1158 inde
593 1091 673 1158 sunt
696 1089 789 1174 passi
814 1087 940 1174 biginti
964 1090 1051 1165 octo,
1068 1091 1103 1155 et
1125 1089 1270 1156 saliente
1292 1088 1339 1155 da
1361 1091 1433 1157 alia
1455 1092 1556 1175 parte
1579 1110 1677 1160 secus
1703 1095 1781 1178 ipsa
1805 1093 1872 1172 bia,
1891 1095 2036 1178 suntque
2060 1111 2181 1180 passos

321 1246 582 1331 quinquaginta
598 1263 672 1312 sex.
691 1244 857 1329 finitaque
872 1243 1000 1312 vicaria
1015 1243 1091 1329 ipsa
1107 1247 1193 1330 aput
1208 1261 1271 1310 nos
1286 1263 1328 1312 ea
1350 1245 1497 1325 ratione,
1517 1265 1580 1330 per
1602 1266 1694 1314 vona
1716 1247 1971 1314 cumvenientia
1986 1249 2103 1332 obligo
2126 1267 2181 1315 me

323 1402 382 1488 qui
399 1419 505 1486 supra
520 1400 622 1468 lando
638 1398 768 1466 domini
785 1400 904 1484 gratia
918 1399 1099 1484 episcopus
1115 1403 1150 1466 et
1165 1400 1251 1466 meis
1267 1401 1521 1497 successoribus
1537 1403 1571 1470 et
1586 1420 1669 1486 pars
1685 1402 1796 1468 nostri
1812 1402 1978 1488 episcopii
1997 1402 2121 1469 amodo
2144 1407 2180 1470 et

252 1597 257 1604 ·
322 1572 459 1640 semper
474 1555 681 1639 prephatam
696 1555 850 1620 nostram
867 1552 1086 1648 traditionem
1101 1551 1195 1619 vobis
1211 1553 1400 1636 vestrisque
1416 1552 1601 1621 heredibus
1617 1554 1856 1623 antistandum
1871 1558 1905 1623 et
1927 1554 2178 1623 defensandum

321 1707 366 1771 ab
383 1706 539 1772 omnibus
556 1704 753 1772 hominibus
769 1705 930 1788 omnique
947 1704 1106 1788 partibus
1116 1725 1126 1791 3
1144 1707 1179 1771 et
1193 1703 1223 1770 si
1240 1704 1353 1789 qualis
1368 1707 1524 1790 tempore
1540 1707 1720 1774 volueritis
1736 1725 1799 1792 per
1816 1709 1876 1775 bos
1899 1706 1984 1792 ipsis
2000 1725 2075 1774 esse
2097 1706 2176 1775 inde

320 1862 459 1928 autores
474 1859 549 1926 vice
563 1859 674 1925 nostri
690 1857 871 1942 episcopii,
891 1859 1091 1940 potestatem
1107 1858 1266 1925 habeatis
1282 1877 1342 1926 vos
1358 1859 1532 1944 vestrique
1548 1859 1703 1940 heredes
1723 1879 1799 1927 cum
1824 1863 1925 1946 quale
1948 1862 2122 1929 monimen
2144 1865 2180 1928 et

322 2011 493 2078 rationem
511 2009 592 2078 inde
607 2012 737 2076 havere
754 2009 948 2094 potueritis,
968 2011 1005 2076 in
1022 2009 1181 2076 omnibus
1198 2009 1279 2076 inde
1295 2027 1446 2087 causare,
1465 2013 1500 2076 et
1523 2029 1659 2080 omnem
1682 2013 1796 2095 legem
1813 2015 1848 2080 et
1864 2012 2029 2078 iustitiam
2053 2012 2182 2106 exinde
2200 2029 2207 2045 ¹
2254 1991 2259 1996 ⁸

320 2163 504 2250 reciperet,
523 2166 558 2231 et
574 2165 690 2230 omnia
706 2164 787 2231 inde
803 2181 910 2248 agere
927 2182 991 2249 que
1007 2166 1042 2231 et
1057 2164 1207 2248 qualiter
1223 2163 1412 2243 volueritis,
1430 2167 1464 2230 et
1481 2183 1543 2249 per
1559 2182 1619 2232 vos
1635 2165 1721 2250 ipsis
1736 2165 1862 2233 exinde
1876 2165 1976 2233 siatis
1993 2169 2132 2233 autores
2148 2167 2182 2234 et

319 2313 531 2382 defensores.
566 2321 654 2384 Nam
679 2314 816 2400 quando
841 2333 921 2400 pars
944 2307 1057 2382 nostri
1079 2314 1246 2400 episcopii
1271 2290 1398 2381 exinde
1421 2315 1558 2381 autores
1585 2315 1781 2399 quesieritis
1810 2318 1955 2394 habere,
1981 2334 2044 2382 nos
2070 2319 2183 2386 autem

325 2467 504 2552 nostrique
528 2468 782 2534 successoribus
806 2471 840 2534 et
863 2487 947 2552 pars
971 2469 1080 2535 nostri
1106 2468 1275 2552 episcopii
1300 2468 1504 2534 antistamus
1527 2471 1561 2535 et
1577 2466 1791 2534 defensemus
1806 2467 1885 2534 illut
1900 2468 1996 2535 vobis
2013 2469 2184 2554 vestrique

322 2616 520 2696 heredibus,
535 2603 703 2702 quomodo
714 2620 873 2702 superius
889 2620 1030 2703 legitur.
1048 2621 1078 2686 si
1092 2622 1219 2698 autem,
1233 2595 1323 2686 sicut
1333 2617 1463 2684 dictum
1476 2619 1541 2695 est,
1554 2619 1619 2686 etc:
1638 2617 1700 2688 Qui
1709 2619 1821 2698 pacta
1835 2633 1903 2683 non
1916 2589 2037 2696 servet,
2052 2620 2186 2682 tmrctnr

321 2769 449 2836 soluere
464 2771 652 2854 sowaptnta
668 2787 789 2838 aureos
804 2771 928 2838 solidos
942 2772 1243 2848 condemnaturus,
1270 2771 1471 2852 interposito
1494 2770 1688 2837 sordidiore
1712 2768 1887 2837 Ruinoldo
1908 2767 1978 2858 filio
2003 2768 2181 2835 Dontnoltr'.

254 3012 257 3017 ι
322 2923 358 2987 et
373 2921 433 2990 tali
450 2922 571 2990 ordine
588 2925 621 2990 te
636 2924 767 2990 stefano
782 2924 963 2991 diaconum
981 2927 1015 2992 et
1030 2926 1201 2991 notarium
1219 2925 1372 2991 scribere
1390 2924 1592 3007 rogavimus
1609 2923 1702 2990 intus
1719 2925 1824 3006 caput
1840 2921 1950 3006 aquis.

380 3047 408 3159 †
425 3093 492 3160 ego
509 3077 566 3160 qui
584 3095 692 3160 supra
707 3077 811 3144 lando
827 3077 1009 3162 episcopus

381 3199 411 3312 †
427 3246 494 3314 ego
509 3229 623 3314 superi
629 3248 668 3296 us
684 3231 755 3296 toto
771 3228 887 3296 scriba
902 3229 1025 3314 palatii

381 3355 411 3468 †
427 3403 492 3468 ego
507 3384 566 3470 qui
582 3403 690 3468 supra
705 3384 914 3472 sichenolfns

381 3508 411 3621 †
427 3555 494 3622 ego
510 3536 567 3621 qui
583 3554 691 3620 supra
707 3535 852 3603 ioannes
868 3534 968 3602 iudex

379 3661 653 3774 †egosisamus

383 3815 493 3927 †ego
509 3843 567 3926 qui
585 3859 691 3926 supra
708 3840 810 3908 lando
826 3840 992 3906 diaconus
1009 3842 1042 3905 et
1059 3839 1291 3906 bicedomnus.

1119 4345 1414 4428 CCCCVII.

1119 4597 1175 4673 A.
1212 4597 1264 4674 D.
1303 4593 1407 4673 989.

385 4867 480 5002 'ilo
505 4917 645 4982 nomine
667 4912 800 4982 domini
823 4913 950 4979 domno
972 4908 1071 4980 basili
1094 4908 1216 4978 divina
1239 4907 1358 4992 gratia
1381 4907 1572 4990 imperator
1595 4905 1741 4988 augusto
1757 4903 1828 4972 deo
1851 4903 2024 4989 propitius
2041 4904 2187 4972 Tricesi-

327 5091 385 5138 mo
410 5070 562 5138 secundo
586 5087 678 5136 anno
701 5066 841 5153 imperii
867 5068 952 5144 eius,
977 5067 1013 5131 et
1034 5062 1197 5130 vicesimo
1220 5058 1368 5145 septimo
1390 5075 1482 5125 anno
1505 5076 1582 5124 cum
1607 5074 1648 5124 eo
1672 5060 1843 5142 regnante
1870 5056 1995 5122 domno
2027 5059 2186 5122 consun-

326 5225 400 5292 tino
413 5225 522 5292 irater
534 5223 607 5291 eius
623 5220 832 5290 santissimis
848 5217 1117 5305 imperatoribus
1132 5215 1274 5294 nostris
1290 5233 1405 5281 mense
1421 5214 1557 5296 magius
1574 5211 1724 5278 secunda
1737 5209 1933 5276 indictione.
1949 5205 2025 5272 ldeo
2041 5223 2108 5290 que
2122 5224 2186 5273 nos

329 5377 399 5444 viri
426 5379 461 5443 et
488 5374 563 5444 veri
587 5373 749 5460 germani
773 5371 913 5440 nomine
936 5371 1086 5438 iohanne
1109 5371 1143 5436 et
1165 5367 1251 5435 eodo
1274 5371 1309 5434 et
1332 5365 1457 5451 godeni
1482 5361 1651 5450 presbiter
1674 5361 1736 5428 fllii
1760 5358 1893 5428 cuidam
1919 5356 2097 5436 iohannis,
2123 5358 2182 5442 qui

328 5548 449 5600 sumus
472 5529 724 5596 commorantes
741 5545 784 5594 ex
802 5525 942 5592 castello
966 5522 1217 5590 monterotario
1230 5521 1269 5608 ⁴),
1288 5521 1434 5604 qualiter
1451 5519 1544 5584 intus
1560 5513 1729 5582 cibitatem
1749 5510 1900 5580 lucaerie
1915 5514 1997 5578 ante
2013 5511 2187 5595 presentia

383 5859 405 5931 ¹)
419 5859 627 5930 Montcroloriq
643 5851 675 5908 in
688 5851 854 5924 Principatu
869 5849 1087 5906 beneventano.

534 5978 597 6021 Tou.
610 5972 643 6017 ΙΙ.
