5216 7092
629 601 690 663 190
1293 587 1457 660 CODEX
1495 589 1729 664 CAVENSlS

580 829 751 899 iohannes
767 843 801 898 et
816 829 909 899 racci
924 833 959 898 et
973 833 1090 917 petrus
1106 830 1268 928 germani
1284 831 1349 898 filii
1365 831 1534 917 quondam
1549 834 1639 918 petri
1657 833 1825 903 ledemari
1840 833 1883 904 de
1899 836 2012 904 locum
2028 837 2181 916 nuceria,
2195 856 2235 906 eo
2251 841 2332 925 quod
2347 848 2415 914 3333

582 983 769 1070 subscripti
788 985 893 1052 testes
909 985 1076 1052 inlocum
1091 987 1234 1054 nuceria
1258 985 1427 1055 dederunt
1442 989 1478 1054 et
1493 985 1712 1056 tradiderunt
1727 988 1828 1088 nobis
1844 988 1887 1057 ad
1911 988 2110 1070 tenendum,
2128 993 2162 1060 33
2176 991 2413 1076 dominandum,

583 1139 619 1204 et
634 1137 872 1224 frugiandum,
890 1141 926 1208 33
942 1141 1192 1227 pastenandum
1204 1140 1349 1210 domnus
1365 1142 1534 1210 martinus
1556 1141 1728 1228 presbiter
1744 1146 1779 1210 33
1794 1143 1900 1210 abbas
1915 1143 2083 1212 hecclesie
2097 1145 2206 1212 sancti
2231 1147 2365 1214 maximi
2383 1147 2417 1218 de

580 1293 673 1360 intus
695 1293 872 1361 civitatem
896 1295 1158 1375 salernitanam,
1181 1296 1300 1364 33333
1316 1313 1392 1362 cum
1410 1313 1490 1363 eum
1506 1297 1620 1364 essent
1635 1296 1832 1366 romoaldus
1847 1296 1941 1366 filius
1962 1297 2068 1364 allani
2091 1296 2236 1364 castaldi
2258 1297 2417 1369 advocato
2446 1379 2449 1386 λ

586 1465 661 1515 1313
684 1466 806 1527 33331,
831 1448 889 1533 qui
914 1449 967 1516 est
995 1466 1100 1516 unum
1125 1447 1168 1515 de
1190 1447 1354 1515 dominiis
1377 1447 1485 1531 ipsius
1508 1449 1675 1516 1133313313
1698 1449 1811 1516 333331
1833 1449 1991 1530 maximi,
2017 1468 2089 1518 333
2110 1451 2263 1518 31333113
2284 1451 2420 1521 deterre

583 1601 696 1667 sancti
720 1601 877 1681 maximi,
897 1621 997 1688 quem
1012 1621 1096 1687 pars
1111 1600 1154 1670 de
1168 1602 1245 1687 ipsa
1261 1600 1431 1669 hecclesia
1445 1602 1550 1668 habet
1565 1601 1602 1666 in
1618 1603 1730 1669 locum
1747 1603 1864 1686 agella
1880 1603 1939 1670 ubi
1955 1603 2029 1687 ipse
2045 1604 2209 1688 plagarie
2223 1607 2300 1672 sunt
2313 1604 2420 1676 finibus

584 1755 737 1834 11333113,
756 1774 821 1840 que
835 1755 938 1824 habet
948 1754 1028 1822 111113
1043 1757 1078 1822 et
1093 1753 1264 1821 mensurie
1280 1753 1356 1838 ipsa
1370 1752 1528 1838 predicta
1543 1754 1645 1820 rebus
1659 1772 1668 1816 :
1693 1771 1716 1819 a
1737 1771 1821 1838 pars
1842 1753 2102 1838 septemtrionis
2124 1753 2193 1822 llne
2217 1755 2271 1820 via
2292 1758 2420 1840 publica,

586 1923 652 1994 que
667 1907 788 1994 pergit
806 1907 850 1974 ad
867 1909 944 1992 1333
961 1909 1050 1981 turri
1066 1906 1160 1974 etad
1176 1905 1242 1991 ipsi
1258 1906 1378 1991 pariti,
1397 1909 1478 1974 sunt
1494 1904 1573 1975 inde
1588 1906 1682 1990 passi
1701 1907 1885 1990 sexaginta
1900 1911 1988 1974 octo:
2006 1925 2028 1975 a
2042 1925 2125 1991 pars
2146 1907 2339 1991 occidentis,
2355 1929 2423 1997 quo

588 2060 690 2128 modo
714 2061 846 2131 termiti
868 2061 941 2128 ficti
965 2063 1058 2140 sunt,
1076 2061 1157 2128 sunt
1173 2058 1254 2127 inde
1269 2059 1365 2144 passi
1383 2057 1642 2144 quinquaginta
1656 2059 1740 2126 tres:
1758 2057 1799 2126 de
1815 2075 1920 2143 super
1936 2061 2036 2144 parte
2050 2077 2073 2126 a
2088 2060 2238 2127 meridie
2252 2060 2317 2128 tine
2331 2063 2423 2147 133133

589 2214 758 2282 1133313313
776 2217 889 2282 333331
904 2213 1062 2290 1333111111,
1081 2215 1163 2280 3333
1178 2213 1258 2281 13113
1273 2212 1366 2298 33331
1384 2212 1572 2296 sexaginta
1586 2215 1669 2278 tres:
1684 2229 1797 2296 apars
1813 2211 1968 2290 orientis,
1982 2213 2153 2298 quomodo
2168 2215 2252 2298 polu
2266 2213 2420 2296 discernit,

588 2365 658 2434 line
674 2367 838 2434 iamdicta
854 2365 1023 2434 hecclesie
1038 2366 1148 2434 sancti
1160 2365 1317 2444 maximi,
1334 2369 1414 2432 sunt
1428 2365 1510 2432 inde
1525 2365 1617 2450 passi
1630 2364 1886 2450 quinquaginta
1901 2363 2072 2450 quadtuor
2087 2369 2121 2433 33
2135 2365 2272 2432 31113333
2287 2368 2423 2451 usquein

590 2517 667 2603 ipsa
679 2519 737 2584 via
748 2519 886 2602 publica
897 2535 964 2602 que
976 2520 1028 2585 333
1038 2517 1156 2603 311313
1178 2517 1260 2586 1133.
1283 2519 1348 2584 1133
1363 2535 1446 2585 3313
1460 2534 1518 2584 133
1533 2535 1598 2602 per
1613 2517 1810 2601 supradicte
1825 2517 1905 2585 111113
1928 2519 1964 2585 33
1985 2517 2171 2584 1333331113
2194 2519 2267 2584 1333
2281 2520 2313 2584 33
2325 2517 2425 2586 inclita

588 2670 683 2762 illam
697 2671 797 2738 nobis
810 2669 965 2747 iohanni,
980 2669 1083 2747 raeci,
1098 2669 1189 2754 petri
1202 2669 1245 2736 ad
1258 2669 1521 2755 pastenandum,
1532 2673 1566 2738 et
1579 2668 1778 2749 tenendum,
1789 2672 1824 2737 et
1835 2669 2071 2754 frugiandum‚
2085 2670 2368 2740 etdominandum
2378 2670 2424 2739 de

590 2821 717 2890 derunt
732 2824 767 2889 et
782 2820 1002 2888 tradiderunt
1016 2839 1124 2906 usque
1139 2821 1258 2888 decem
1273 2821 1357 2888 anni
1372 2821 1546 2906 completi.
1565 2821 1655 2889 unde
1671 2840 1735 2906 pro
1751 2821 1867 2890 taliter
1882 2840 1945 2907 per
1962 2824 2087 2890 bonam
2103 2823 2378 2891 comvenientiam
2396 2825 2424 2890 et

587 2993 651 3043 sua
673 2975 764 3042 bona
787 2976 999 3060 volumptate
1022 2973 1154 3059 guadia
1176 2973 1275 3042 nobis
1298 2975 1373 3059 ipse
1396 2975 1545 3042 domnus
1567 2977 1674 3042 abbas
1691 2993 1769 3043 cum
1787 2976 1863 3060 ipso
1879 2974 2076 3043 romoaldus
2091 2974 2327 3043 advocatorem
2340 2992 2424 3042 suum

586 3127 757 3196 dederunt
772 3133 806 3196 33
821 3127 1046 3196 mediatorem
1062 3127 1162 3194 nobis
1178 3129 1369 3212 posuerunt
1384 3126 1562 3196 mirandus
1575 3128 1669 3196 tilius
1683 3127 1865 3195 madelfrid
1881 3127 1943 3194 tali
1959 3127 2091 3206 ordine,
2106 3129 2144 3194 33
2161 3127 2284 3196 3313113
2295 3131 2426 3213 eiusque

586 3281 655 3366 ipsi
680 3259 873 3367 supradicti
896 3281 1012 3350 decem
1037 3283 1121 3350 anni
1144 3284 1306 3366 completi
1322 3283 1398 3367 1333
1413 3282 1630 3368 supradictus
1646 3281 1790 3349 domnus
1807 3283 1914 3350 abbas
1928 3287 1963 3349 et
1977 3298 2194 3352 successores
2210 3299 2288 3350 suos
2308 3283 2340 3350 33
2359 3299 2426 3367 3313

588 3435 699 3519 133133
723 3435 893 3503 1133313313
908 3433 1106 3504 defensaret
1120 3435 1220 3502 nobis
1235 3437 1270 3504 33
1285 3435 1329 3502 ad
1346 3437 1476 3504 nostris
1491 3423 1677 3504 heredibus
1691 3438 1762 3502 tota
1779 3439 1814 3503 et
1829 3436 1950 3504 inclita
1966 3437 2042 3522 ipsa
2055 3400 2256 3521 supradicta
2271 3437 2364 3504 rebus
2377 3452 2427 3520 per

591 3585 788 3670 supradicte
805 3586 885 3652 111113
901 3587 935 3653 33
950 3585 1134 3654 mensuriis
1149 3605 1227 3653 cum
1242 3586 1317 3654 vice
1333 3585 1376 3654 de
1390 3587 1449 3654 via
1463 3605 1527 3655 sua
1541 3587 1587 3654 da
1602 3587 1714 3654 omnis
1728 3588 1898 3666 homines,
1916 3589 1951 3653 et
1966 3604 2109 3655 333333
2131 3587 2234 3654 nobis
2249 3588 2360 3656 tollere
2379 3585 2428 3652 aut

563 3779 578 3788 -
590 3739 768 3806 contraret
781 3741 862 3806 ante
879 3740 992 3824 ipsum
1006 3740 1241 3825 supradictum
1257 3740 1479 3807 constitutum
1485 3761 1495 3827 3
1512 3743 1546 3808 et
1561 3760 1625 3810 nos
1640 3744 1755 3809 autem
1773 3743 1827 3809 vel
1841 3740 1970 3808 nostris
1985 3737 2130 3808 heredes
2145 3740 2318 3808 licentiam
2337 3741 2428 3823 3333

573 3892 745 3976 Ι333333331
769 3894 957 3960 habeamus
973 3893 1011 3959 in
1028 3895 1097 3958 tota
1111 3894 1188 3978 ipsa
1202 3893 1402 3979 supradicta
1417 3895 1521 3961 rebus
1543 3890 1640 3961 sobee
1663 3896 1697 3961 et
1720 3911 1838 3961 omnes
1854 3897 1991 3962 nostras
2008 3894 2174 3962 utilitates
2196 3895 2318 3972 facere,
2335 3895 2365 3959 33
2378 3909 2426 3958 eas

586 4051 768 4133 pastenare
781 4065 843 4132 per
858 4047 1054 4131 supradicte
1070 4047 1151 4114 finis
1166 4049 1200 4114 et
1214 4047 1399 4116 mensuriis
1415 4047 1558 4115 arbores
1573 4049 1607 4115 33
1621 4047 1714 4126 31313,
1733 4049 1769 4114 33
1782 4064 1840 4115 333
1857 4051 1976 4118 333313
1990 4051 2025 4116 33
2038 4048 2220 4116 1131313313
2236 4047 2278 4115 ad
2293 4049 2425 4116 nostram

587 4201 805 4285 potestatem,
825 4201 860 4268 33
882 4217 942 4266 333
964 4199 1147 4283 frugiaret,
1166 4203 1202 4266 33
1223 4199 1394 4266 iaciamus
1417 4199 1545 4265 ibidem
1562 4200 1599 4265 in
1615 4199 1693 4283 1333
1714 4198 1832 4268 3311313
1856 4199 1959 4267 rebus
1982 4199 2158 4284 pastinum
2176 4201 2303 4292 bonum
2318 4199 2426 4265 cultum

587 4356 623 4422 et
643 4355 778 4422 surtum
802 4355 837 4421 et
853 4355 1047 4437 operatum,
1065 4353 1154 4420 sicut
1177 4353 1272 4420 locus
1295 4353 1371 4437 ipse
1393 4351 1562 4420 meruerit
1585 4351 1675 4419 etde
1692 4354 1805 4421 tantos
1829 4370 1938 4422 annos
1961 4351 2076 4432 suerit,
2095 4357 2132 4421 33
2149 4355 2238 4422 bene
2254 4351 2376 4440 paread
2389 4351 2428 4417 la·

592 4509 749 4574 voratum
773 4510 808 4574 33
822 4471 1003 4585 331333313,
1018 4508 1053 4574 33
1075 4504 1252 4574 3131131333
1275 4503 1352 4572 11133
1367 4504 1409 4571 311
1426 4507 1540 4572 forcas
1562 4507 1597 4572 et
1611 4505 1718 4574 assari
1731 4499 1770 4592 ¹),
1790 4507 1827 4571 33
1840 4505 1934 4572 31333
1956 4507 2055 4572 33113
2070 4505 2149 4590 1333
2165 4505 2281 4584 131133,
2295 4509 2328 4572 33
2341 4499 2429 4588 quod·

592 4677 741 4745 cumque
756 4661 874 4746 fruges
897 4661 952 4727 vel
974 4664 1110 4730 lavores
1132 4659 1259 4728 exinde
1280 4678 1345 4727 nos
1358 4660 1415 4726 vel
1430 4658 1559 4726 nostris
1581 4658 1727 4727 heredes
1740 4657 1784 4725 de
1800 4658 1878 4742 ipsa
1893 4657 2092 4744 supradicta
2115 4661 2221 4727 rebus
2243 4655 2430 4742 desuperet

592 4812 636 4883 de
659 4815 776 4880 subter
794 4815 915 4880 tollore
937 4813 973 4880 et
995 4811 1201 4897 recolligere
1223 4812 1450 4896 potuerimus,
1475 4812 1584 4878 totum
1608 4815 1642 4879 33
1664 4811 1822 4878 1331133111
1847 4812 1926 4878 11133
1948 4811 2046 4878 nobis
2068 4811 2232 4878 tollamus
2256 4827 2355 4894 usque
2374 4804 2430 4888 ipsi

590 4969 709 5038 decem
732 4967 817 5035 anni
841 4967 1012 5052 completi,
1030 4968 1065 5034 33
1086 4966 1257 5033 faciamus
1272 4965 1398 5034 exinde
1420 4963 1464 5032 dc
1486 4965 1564 5049 ipso
1586 4964 1743 5049 frugium
1766 4965 1884 5030 omnia
1906 4981 1972 5048 que
1994 4962 2094 5029 nobis
2117 4963 2298 5048 placuerit,
2324 4962 2431 5042 absque

592 5123 686 5191 omni
702 5121 982 5210 contrarietatem
1005 5119 1114 5207 ipsius
1137 5118 1254 5186 domni
1277 5119 1423 5199 abbatis,
1441 5119 1533 5187 etde
1556 5137 1770 5188 successores
1794 5135 1886 5198 suos,
1903 5121 1939 5185 et
1961 5117 2006 5184 da
2029 5135 2112 5202 pars
2134 5117 2247 5202 ipsius
2268 5109 2427 5185 hecclesie.

592 5278 731 5344 tantum
747 5275 790 5343 de
804 5294 901 5360 quem
917 5274 1045 5341 ibidem
1062 5273 1347 5342 seminaverimus
1363 5273 1399 5339 in
1415 5273 1491 5357 ipsa
1507 5274 1620 5352 rebus,
1639 5289 1776 5340 omnem
1791 5289 1918 5338 annum
1942 5269 2061 5338 demus
2085 5269 2128 5336 ad
2152 5287 2237 5353 pars
2259 5263 2433 5354 supradicte

590 5427 758 5497 1133313313
773 5426 974 5496 terraticum
989 5425 1177 5495 secundum
1194 5421 1477 5492 consuetudinem
1492 5423 1602 5508 ipsius
1618 5423 1715 5501 locis,
1731 5425 1767 5490 et
1789 5421 1902 5506 ipsum
1926 5419 2164 5504 supradictum
2187 5419 2357 5505 pastinum
2376 5430 2432 5498 que

593 5581 641 5650 ibi
660 5581 853 5662 fecerimus,
870 5579 1029 5666 desuper
1046 5579 1138 5649 etde
1153 5580 1271 5649 subter
1293 5579 1365 5649 suis
1387 5577 1600 5663 temporibus
1624 5551 1818 5646 lavoremus
1840 5579 1875 5644 et
1890 5575 2059 5643 cultemus
2083 5573 2338 5680 iusta-ratione.
2352 5569 2383 5636 et
2396 5563 2434 5630 da

654 5783 668 5788 ..
674 5782 726 5789 —-
732 5782 820 5788 -.——
837 5779 1048 5788 ..-.---...-

654 5903 678 5978 ¹)
700 5905 793 5962 Assari
811 5901 878 5962 ride
899 5901 1043 5959 assarium
1063 5899 1094 5957 in
1115 5898 1208 5958 Gloss.
