5252 7102
624 569 686 632 330
1290 555 1453 628 CODEX
1490 555 1721 629 detunsis

576 800 673 866 lerzu
690 818 794 885 usque
809 817 916 878 mare,
935 801 971 868 et
992 798 1088 870 sebee
1104 798 1152 867 ibi
1168 799 1315 880 fecisset,
1334 803 1368 869 et
1382 803 1522 869 arbores
1539 797 1620 868 inde
1634 798 1849 876 abscidisset,
1866 803 1900 870 et
1914 802 2002 870 bites
2016 803 2051 870 et
2066 803 2227 872 castanea
2244 804 2325 872 inde
2343 823 2429 872 cam-

575 951 730 1036 pilasset,
746 954 781 1019 et
803 953 997 1020 contrasset
1021 952 1100 1020 illut
1121 949 1162 1018 ad
1186 951 1397 1030 hominibus,
1412 950 1501 1037 quod
1520 949 1595 1037 ipse
1611 955 1758 1037 lupenus
1774 950 1899 1020 ibidem
1915 949 1958 1018 ad
1975 953 2201 1020 lavoraudum
2227 955 2387 1022 missitim
2404 955 2427 1044 Ι)

575 1101 710 1191 habuit3
735 1107 769 1173 et
793 1103 867 1190 ipse
889 1105 982 1173 risus
1005 1104 1155 1184 dixerat,
1174 1107 1212 1172 ut
1227 1106 1320 1173 inlra
1337 1107 1410 1190 ipse
1424 1105 1505 1176 finis
1521 1109 1556 1174 et
1570 1123 1593 1174 a
1607 1108 1702 1174 foras
1717 1107 1792 1191 ipse
1805 1105 1886 1174 finis
1901 1125 2001 1174 suum
2016 1108 2108 1174 esset
2122 1110 2366 1193 pertinentem,
2383 1113 2429 1177 set

574 1257 710 1325 nescire
725 1257 769 1324 de
785 1260 887 1344 quale
903 1261 1006 1328 rebus
1023 1277 1099 1327 cum
1116 1279 1194 1329 eum
1212 1259 1379 1348 causavit3
1397 1219 1487 1329 unde
1502 1279 1565 1346 per
1581 1262 1738 1330 nostrum
1754 1259 1918 1328 iudicium
1936 1261 2028 1330 inter
2044 1262 2238 1329 sciuerunt
2260 1261 2425 1348 guadiati

531 1511 536 1519 ι
575 1411 615 1475 ut
637 1412 774 1496 pariter
797 1429 902 1497 supra
925 1413 1029 1480 rebus
1046 1412 1123 1496 ipsa
1138 1431 1289 1498 pergere
1311 1431 1390 1480 cum
1402 1411 1555 1480 'iudicem
1570 1418 1605 1482 et
1618 1415 1796 1482 notarium
1812 1416 1847 1482 et
1863 1413 1937 1498 ipse
1954 1416 2099 1500 lupenus
2115 1418 2324 1483 monstraret
2342 1417 2372 1482 ei
2390 1415 2428 1482 de

538 1609 545 1622 .
576 1566 679 1648 quale
702 1565 803 1631 nebus
827 1582 1000 1632 cumeum
1016 1566 1182 1644 causant,
1202 1568 1234 1634 et
1250 1584 1313 1652 per
1329 1568 1448 1652 partes
1464 1567 1610 1652 plicaret
1625 1585 1663 1634 se
1679 1585 1756 1634 cum
1771 1567 1844 1635 suis
1860 1566 2052 1636 rationibus
2066 1570 2100 1636 et
2110 1567 2298 1636 secundum
2316 1569 2427 1651 legem

576 1713 668 1785 inter
683 1734 718 1784 se
731 1715 812 1784 inde
828 1717 932 1784 finem
950 1718 1076 1784 facere.
1097 1720 1132 1785 et
1147 1735 1255 1802 supra
1270 1719 1370 1786 rebus
1386 1718 1463 1802 ipsa
1474 1720 1717 1803 perrexerunt,
1735 1720 1770 1786 et
1786 1718 1859 1802 ipse
1882 1720 2026 1802 lupenus
2042 1718 2145 1786 rebus
2162 1718 2236 1804 ipsa
2260 1720 2427 1784 monstra-

577 1866 639 1947 rit,
658 1868 751 1936 sicut
767 1869 849 1936 inde
872 1869 1030 1954 guadiati
1042 1871 1193 1940 luerunt.
1209 1869 1309 1937 modo
1322 1872 1450 1950 autem,
1466 1875 1503 1939 ut
1514 1870 1680 1950 diximus,
1694 1872 1882 1957 prepterea
1892 1871 1973 1936 ante
1983 1847 2049 1938 nos
2062 1873 2144 1938 sunt
2159 1871 2315 1937 coniunti
2327 1870 2427 1937 finem

575 2019 702 2088 exinde
725 2021 931 2102 faciendum,
959 2027 995 2090 et
1017 2025 1136 2092 statim
1159 2043 1223 2110 per
1246 2024 1321 2112 ipse
1335 2027 1483 2112 lupenus
1496 2027 1634 2095 ‘ostense
1651 2026 1791 2093 luerunt
1809 2023 1876 2092 due
1891 2026 2036 2126 cartule3
2054 2025 2090 2092 et
2105 2023 2187 2091 dum
2203 2041 2261 2090 eas
2277 2025 2428 2108 relegere

574 2168 733 2252 fecimus,
760 2193 833 2242 una
855 2190 900 2242 ex
923 2175 983 2243 ille
1006 2176 1219 2244 continebat:
1245 2178 1300 2244 leo
1322 2175 1522 2246 atrianense
1544 2177 1639 2245 filius
1662 2177 1755 2262 gutti
1778 2174 2047 2244 venumdederat
2069 2175 2180 2261 ipsius
2202 2174 2321 2259 lupeni
2339 2176 2428 2241 terra

574 2343 653 2393 cum
676 2327 906 2396 castanietum
931 2330 966 2396 et
988 2329 1086 2398 silbis
1112 2347 1180 2398 une
1195 2331 1349 2400 leniente
1364 2349 1428 2416 per
1443 2331 1534 2400 finis:
1554 2333 1598 2398 ab
1613 2330 1745 2400 oriente
1760 2331 1830 2398 fine
1845 2347 1934 2416 aqua
1948 2329 1990 2400 de
2005 2328 2110 2396 fiunto
2126 2330 2249 2406 attale,
2268 2329 2304 2395 et
2314 2344 2427 2395 ascen·

577 2481 681 2549 dente
697 2482 855 2567 usquein
871 2500 972 2550 serra
986 2483 1030 2551 de
1046 2486 1163 2551 monte
1179 2483 1236 2568 qui
1255 2483 1383 2553 dicitur
1398 2485 1540 2553 falerzu:
1558 2483 1600 2554 de
1616 2503 1685 2553 una
1700 2486 1801 2570 parte
1815 2485 1884 2553 fine
1899 2485 1976 2568 ipsa
1992 2501 2092 2552 serra
2107 2485 2141 2552 et
2153 2481 2280 2550 abinde
2292 2481 2428 2550 descen-

501 2711 506 2718 „
574 2633 677 2704 dente
700 2635 737 2702 in
759 2637 908 2716 ballone,
924 2635 1014 2704 unde
1035 2635 1122 2704 exiit
1136 2653 1227 2721 aqua
1241 2637 1299 2721 qui
1315 2635 1440 2704 dicitur
1465 2635 1606 2724 puteda3
1632 2640 1667 2704 et
1689 2655 1752 2722 per
1768 2639 1845 2722 ipsa
1856 2651 1948 2722 aqua
1959 2635 2187 2705 descendente
2199 2652 2309 2719 usque
2323 2651 2423 2701 mare:

574 2786 618 2856 de
643 2790 764 2857 subtus
788 2789 857 2859 fine
880 2790 957 2875 ipso
980 2809 1076 2858 mare
1100 2795 1134 2858 et
1156 2791 1307 2877 qualiter
1329 2789 1425 2857 vadit
1447 2808 1556 2877 usque
1579 2791 1654 2876 ipso
1678 2791 1782 2858 dnbio
1804 2789 1847 2858 de
1870 2791 1994 2857 albole.
2014 2788 2108 2856 infra
2124 2785 2199 2872 ipse
2213 2787 2296 2854 finis
2312 2786 2428 2854 inclita

578 2941 765 3009 medietate
788 2940 916 3010 exinde
940 2943 1213 3012 venumdederat
1235 2944 1310 3029 ipse
1333 2946 1386 3014 leo
1404 2944 1514 3030 ipsius
1529 2944 1663 3030 lupeni3
1681 2949 1715 3010 et
1731 2943 1809 3029 ipsa
1823 2943 1893 3011 alia
1908 2943 2042 3010 cartula
2057 2941 2266 3021 continebat,
2285 2938 2427 3024 qualiter

574 3092 745 3162 iohannes
766 3095 969 3165 atrianense
993 3096 1086 3165 filius
1109 3097 1219 3182 ipsius
1243 3097 1335 3183 gutli
1358 3097 1630 3166 venumdederat
1653 3097 1765 3181 ipsius
1788 3097 1905 3181 lupeni
1931 3097 2055 3163 inclita
2070 3095 2148 3180 ipsa
2164 3091 2237 3162 alia
2252 3091 2427 3160 medietate

572 3247 615 3317 de
637 3248 796 3335 predicta
818 3251 919 3318 rebus
943 3269 1005 3335 per
1019 3249 1215 3336 supradicte
1238 3249 1331 3318 finis
1351 3269 1430 3318 cnm
1447 3255 1563 3318 autem
1580 3252 1654 3336 ipse
1668 3251 1800 3318 cartule
1814 3250 1955 3316 fuerunt
1971 3249 2109 3326 relecte‚
2128 3245 2219 3313 dixit
2234 3246 2311 3330 ipse
2327 3245 2422 3320 risus,

572 3403 612 3467 ut
626 3400 722 3468 infra
738 3401 813 3486 ipse
828 3401 909 3492 finis
926 3403 996 3470 eta
1013 3404 1108 3471 foras
1124 3403 1199 3488 ipse
1215 3403 1296 3472 finis
1312 3424 1410 3472 suum
1428 3407 1517 3474 esset
1531 3405 1775 3490 pertinentern3
1794 3403 1869 3488 ipse
1884 3403 2031 3486 lupenus
2048 3398 2150 3478 dixit,
2169 3401 2208 3464 ut
2223 3416 2327 3465 suum
2342 3400 2426 3465 esset

574 3550 808 3636 pertinentem
839 3556 874 3620 et
899 3553 942 3620 de
968 3554 1050 3621 illut
1075 3571 1138 3640 per
1161 3556 1236 3639 ipse
1257 3556 1339 3624 finis
1362 3558 1518 3626 autorem
1543 3555 1672 3624 exinde
1697 3552 1825 3623 habere
1848 3555 1990 3638 petere,
2015 3551 2106 3636 qnod
2127 3549 2206 3620 inde
2229 3553 2267 3617 in
2291 3567 2425 3616 manum

573 3701 735 3770 emittere
765 3703 874 3789 ipsius
902 3703 978 3773 risi.
1008 3708 1043 3773 et
1070 3706 1188 3774 statim
1216 3725 1280 3791 per
1302 3709 1376 3792 ipse
1398 3709 1547 3792 lupenus
1571 3707 1689 3792 plicati
1713 3707 1851 3776 suerunt
1873 3705 1942 3790 ipsi
1966 3705 2136 3771 iohannes
2159 3705 2195 3770 et
2216 3703 2284 3789 le0;
2302 3707 2337 3772 et
2351 3701 2427 3768 dum

573 3853 642 3938 ipsi
658 3856 820 3939 germani
845 3857 977 3925 cartule
1000 3858 1076 3942 ipse
1097 3858 1303 3943 religentem
1320 3859 1518 3939 audierunt,
1534 3875 1677 3944 quoram
1695 3857 1854 3925 omnibus
1877 3857 2186 3923 manifestaberunt
2201 3856 2236 3920 et
2251 3852 2422 3928 dixerunt,

573 4007 670 4073 utin
695 4008 867 4087 omnibus,
893 4009 984 4078 sicut
1007 4011 1160 4079 continet
1183 4013 1314 4080 cartule
1337 4012 1435 4097 ipse,
1462 4013 1585 4080 berane
1608 4030 1693 4090 esse,
1720 4012 1755 4078 et
1777 4009 1894 4078 taliter
1917 4009 2020 4076 rebus
2046 4007 2126 4092 ipsa
2150 4006 2333 4077 defensare
2356 4009 2425 4092 pot-

573 4175 644 4239 ere,
673 4160 862 4246 sicutipse
889 4163 1021 4229 cartule
1043 4163 1206 4230 continet.
1232 4165 1267 4230 et
1290 4162 1387 4247 ipse,
1413 4164 1559 4247 lupenus
1583 4161 1770 4230 secundum
1795 4164 1908 4246 legem
1936 4161 1973 4228 in
1995 4179 2138 4228 manum
2161 4157 2230 4228 illis
2254 4158 2426 4226 commise

574 4311 656 4376 runt
678 4311 788 4394 ipsius
811 4311 890 4391 risi,
908 4313 943 4378 et
970 4311 1045 4396 ipse
1067 4313 1160 4380 risus
1185 4331 1263 4380 eum
1288 4311 1355 4398 ipsi
1378 4315 1488 4381 lecet
1511 4314 1680 4381 iohannes
1707 4312 1876 4398 guadiare
1899 4312 2055 4390 fecimus,
2082 4313 2120 4378 ut
2142 4328 2204 4395 per
2228 4312 2343 4395 partes
2367 4307 2429 4392 pli-

576 4461 671 4529 caret
694 4481 730 4532 se
752 4480 831 4530 cum
856 4463 927 4534 suis
950 4463 1142 4534 rationibus
1163 4467 1198 4535 et
1219 4465 1405 4535 secundum
1430 4468 1546 4551 legem
1568 4466 1662 4534 inter
1685 4483 1722 4535 se
1737 4465 1780 4533 de
1796 4468 1899 4533 rebus
1916 4464 1994 4550 ipsa
2004 4464 2108 4532 finem
2126 4463 2253 4530 facere.
2269 4461 2305 4530 et
2317 4459 2426 4527 taliter

578 4629 643 4696 pro
666 4619 767 4697 parte
789 4614 898 4700 ipsius
921 4617 1037 4701 lupeni
1062 4619 1128 4684 hoc
1150 4569 1303 4686 scribere
1325 4617 1470 4688 fecimus
1493 4619 1526 4686 te
1548 4617 1726 4704 iaquintus
1747 4617 1905 4685 notarius
1928 4616 1986 4702 qui
2010 4613 2209 4684 interfuisti.

632 4763 758 4832 Desunt
771 4765 906 4854 firmae.

633 5113 656 5185 ⁴)
672 5113 806 5185 Missitim,
829 5111 941 5169 scilicet
960 5115 1062 5168 missos.
