5252 7102
954 596 1327 672 DIPLOMATICUS

1024 1054 1267 1135 CCCXC.

1005 1304 1061 1380 A.
1097 1303 1147 1380 D.
1187 1301 1291 1380 987.

265 1564 354 1701 †In
370 1613 659 1684 nominedomini
683 1616 807 1700 quarto
830 1631 924 1682 anno
946 1614 1165 1700 principatus
1188 1613 1305 1681 domni
1328 1613 1438 1684 nostri
1461 1614 1604 1686 iohanni
1636 1620 1671 1685 11
1694 1617 1811 1687 domni
1836 1617 1981 1704 guidoni
2004 1615 2075 1684 11111

207 1764 285 1830 eius
301 1763 448 1848 gloriosi
474 1763 705 1850 principibus,
724 1781 843 1832 mense
870 1763 1051 1831 ianuarius
1077 1761 1335 1848 quintadecima
1361 1763 1560 1833 indictione.
1590 1769 1874 1836 memoratorium
1902 1770 2028 1837 11111111
2056 1787 2077 1835 1

207 1912 311 1982 nobis
334 1914 475 1982 saraccu
501 1914 594 1982 filius
618 1913 753 1994 stefani,
776 1916 810 1981 et
832 1915 952 1999 petrus
968 1913 1060 1980 filius
1086 1912 1203 1992 ciceri,
1222 1917 1257 1981 et
1280 1915 1362 1980 sorti
1387 1916 1424 1981 et
1449 1934 1531 1985 ursu
1558 1919 1719 2001 germani
1745 1920 1808 1988 fllii
1832 1921 1973 1989 iohanni
2000 1925 2076 1990 vice

207 2067 335 2132 nostra
350 2083 455 2150 quam
472 2069 507 2134 11
520 2084 586 2150 pro
601 2065 676 2134 vice
691 2065 735 2134 de
750 2064 966 2132 consortibus
982 2066 1105 2145 nostri,
1130 2065 1189 2151 qui
1213 2083 1331 2133 sumus
1354 2066 1499 2135 heredes
1522 2071 1660 2154 erogari
1682 2071 1726 2138 de
1748 2073 1860 2140 locum
1884 2076 2033 2158 paterno
2049 2069 2076 2158 ⁴)

210 2219 370 2285 coniunti
386 2236 505 2286 sumus
520 2217 565 2286 ad
582 2220 706 2286 bonam
723 2219 963 2287 convenientia
978 2236 1058 2286 cum
1075 2217 1247 2286 ruscinius
1261 2218 1353 2286 filius
1368 2219 1553 2288 domnanci
1569 2225 1696 2289 etcum
1712 2241 1822 2291 cunzu
1837 2225 1930 2294 filius
1952 2225 2073 2292 stefani

209 2368 271 2452 qui
289 2369 421 2455 grippo
438 2371 635 2449 bocabatur,
654 2372 781 2436 etcum
798 2371 919 2454 petrus
933 2369 1027 2436 filius
1042 2370 1150 2436 amati
1166 2370 1243 2438 vice
1258 2387 1411 2450 suarum,
1429 2391 1532 2456 quam
1548 2375 1582 2442 11
1597 2391 1662 2458 pro
1678 2375 1752 2442 vice
1767 2375 1810 2441 de
1826 2393 1965 2443 suorum
1993 2393 2074 2442 con-

209 2527 324 2591 sortes
339 2523 397 2607 qui
412 2527 491 2590 sunt
506 2521 650 2591 heredes
665 2524 790 2591 mastri
805 2523 957 2600 catzotti,
978 2525 1016 2590 ut
1032 2521 1267 2590 dibideremus
1284 2523 1453 2591 internos
1476 2543 1538 2608 per
1562 2525 1713 2592 medium
1737 2526 1780 2593 ad
1805 2532 1974 2612 perpetua
1997 2548 2075 2613 pos-

208 2675 368 2742 sessione
384 2674 583 2743 babendum
602 2693 673 2742 una
700 2675 800 2760 pecie
823 2674 866 2742 de
889 2661 985 2744 11111
1008 2677 1129 2742 nostra
1154 2693 1230 2741 cum
1259 2675 1433 2759 quertietu
1461 2679 1496 2742 et
1521 2679 1687 2756 castanei,
1712 2696 1813 2763 quem
1841 2697 1947 2764 usque
1972 2681 2073 2746 modo

211 2788 397 2897 commune
412 2828 595 2896 habuimus
612 2829 649 2895 in
672 2831 783 2897 locum
808 2827 988 2896 maimanu
1011 2829 1048 2894 in
1072 2828 1148 2912 ipsa
1172 2829 1261 2896 111111
1283 2846 1388 2914 super
1412 2831 1626 2914 paternum
1651 2829 1817 2916 quadtuor
1840 2835 1958 2916 partes
1981 2833 2075 2900 1111111

166 3018 168 3022 -
209 2984 387 3052 internos
414 2983 612 3062 dividimus,
630 2985 797 3052 habentes
823 2982 904 3050 finis
930 2983 1004 3049 tota
1027 2981 1105 3067 ipsa
1130 2983 1240 3067 pecia:
1265 3001 1286 3049 a
1309 3001 1392 3068 pars
1418 2983 1564 3052 orientis
1586 2984 1754 3069 quomodo
1780 2986 1856 3070 ipsa
1881 2986 2082 3071 1111111111Ι

209 3136 391 3217 discernit,
405 3137 475 3205 flne
490 3155 554 3223 que
573 3137 639 3204 fuit
655 3136 773 3205 lunici:
791 3136 834 3204 de
851 3155 955 3223 super
971 3136 1081 3221 parte,
1099 3134 1266 3220 quomodo
1282 3137 1360 3201 toru
1376 3135 1419 3202 de
1437 3137 1563 3221 gattuli
1580 3136 1758 3218 discernit,
1773 3140 1841 3208 fine
1852 3141 1949 3208 11111
1963 3141 2074 3207 sancti

207 3290 401 3359 salbatori:
421 3289 464 3360 de
479 3289 550 3358 alio
566 3292 636 3358 latu
651 3290 721 3359 fine
735 3291 857 3357 nostra
875 3289 917 3358 de
932 3289 995 3356 toti
1013 3289 1241 3374 suprascripti
1257 3288 1347 3373 quod
1364 3289 1598 3358 incommune
1614 3291 1880 3360 reserbavimus:
1898 3291 1941 3361 de
1956 3293 2073 3361 subter

207 3447 309 3528 parte
320 3417 390 3510 fine
402 3445 533 3524 nostra,
549 3442 717 3546 quomodo
734 3443 873 3511 ballone
888 3442 1067 3522 disceruit,
1082 3442 1172 3528 quod
1189 3443 1257 3509 iam
1273 3445 1355 3512 11111
1371 3462 1409 3512 11
1424 3445 1525 3512 annis
1540 3444 1632 3515 inter
1648 3462 1711 3512 nos
1726 3444 1874 3514 divisum
1886 3446 2066 3524 habemus
2164 3515 2167 3522 ,

206 3599 270 3684 qui
287 3599 417 3683 mergit
432 3597 477 3666 ad
493 3599 570 3683 ipsa
584 3599 659 3666 foce
673 3598 715 3667 de
731 3598 923 3666 maimanu.
943 3616 1007 3666 nos
1023 3598 1191 3664 nominati
1208 3598 1347 3666 faraccu
1363 3599 1397 3666 11
1413 3577 1533 3683 petrus
1548 3600 1583 3666 11
1598 3599 1678 3665 11111
1695 3600 1730 3666 11
1751 3617 1833 3680 ursu
1857 3618 1934 3664 cum
1956 3600 2068 3666 nostri

207 3753 391 3820 consortes
411 3754 731 3850 comprehensimus
747 3751 781 3817 in
799 3723 892 3820 sorte
909 3755 1031 3820 nostra
1045 3752 1088 3821 de
1104 3754 1182 3839 ipsa
1198 3771 1297 3822 sozza
1311 3752 1352 3820 de
1368 3753 1444 3837 ipso
1467 3753 1553 3837 pede
1576 3753 1696 3820 inclita
1718 3753 1903 3821 medietate
1925 3773 1946 3822 a
1970 3756 2074 3837 parte

209 3903 360 3970 orientis
376 3919 465 4003 erga
481 3901 551 3969 fine
567 3919 634 3986 que
650 3901 715 3968 suit
731 3902 850 3980 lunici,
869 3905 904 3969 11
918 3902 987 3987 ipsi
1009 3901 1180 3969 nominati
1204 3901 1378 3970 ruscinius
1400 3903 1434 3968 et
1456 3920 1565 3970 cunsu
1588 3903 1623 3970 et
1644 3907 1762 3987 petrus
1785 3905 1860 3971 vice
1882 3923 1946 3972 sua
1968 3909 2003 3973 et
2024 3907 2067 3974 de

209 4057 395 4124 consortes
410 4073 488 4125 suos
502 4058 834 4140 comprehensorum
848 4056 886 4123 in
901 4057 993 4124 sorte
1008 4073 1072 4123 sua
1094 4056 1137 4124 de
1160 4055 1236 4140 ipso
1260 4055 1347 4140 pedo
1371 4056 1495 4122 11111111
1517 4054 1700 4124 medietate
1721 4073 1742 4121 a
1765 4059 1864 4140 parte
1888 4055 2074 4126 occidentis
2136 4101 2141 4109 -

208 4225 298 4292 erga
312 4206 383 4274 fine
400 4208 521 4274 nostra
537 4207 791 4274 communalia:
812 4207 940 4273 iterum
955 4207 1037 4273 aute
1052 4207 1087 4272 et
1102 4204 1145 4272 de
1161 4205 1236 4288 ipse
1251 4221 1346 4271 sozze
1361 4222 1514 4289 suprane
1531 4205 1646 4289 ibique
1668 4205 1849 4273 coniuncte
1871 4207 1938 4290 ipsi
1962 4207 2071 4272 nomi-

208 4358 284 4424 nati
302 4333 489 4436 ruscinius,
509 4374 631 4436 cunzu,
650 4358 771 4442 petrus
786 4374 864 4424 cum
888 4358 1066 4425 consortes
1088 4372 1169 4424 suos
1192 4357 1516 4442 comprehenserunt
1537 4356 1659 4424 inclita
1680 4355 1900 4426 medietatem
1924 4378 1946 4426 a
1968 4361 2069 4444 parte

206 4514 356 4582 orientis
372 4533 461 4600 erga
483 4515 554 4583 fine
578 4533 643 4600 que
666 4513 732 4580 fuit
755 4511 875 4590 lunici‚
895 4519 931 4579 et
952 4511 1051 4579 nobis
1075 4509 1296 4578 tradiderunt
1319 4511 1357 4578 in
1380 4512 1474 4578 sorte
1497 4513 1614 4578 nostru
1637 4529 1713 4578 cum
1738 4514 1913 4580 consortes
1935 4515 2072 4580 nostros

207 4669 331 4735 inclita
347 4667 569 4736 medietatem
591 4686 612 4735 1
638 4670 739 4753 parte
764 4667 954 4735 occidentis
980 4684 1068 4751 erga
1094 4667 1164 4734 fine
1190 4669 1310 4734 nostra
1335 4667 1370 4732 et
1395 4665 1548 4742 illorum,
1567 4663 1656 4749 quod
1683 4664 1775 4733 inter
1801 4682 1864 4733 nos
1890 4683 2071 4734 commune

207 4822 473 4890 reserbavimus
483 4843 493 4908 ;
512 4839 590 4889 cum
606 4820 688 4888 finis
705 4825 740 4888 11
755 4819 831 4887 vice
846 4819 889 4886 de
903 4819 959 4886 vie
975 4838 1037 4886 sue
1053 4819 1128 4904 ipse
1144 4817 1299 4904 predicte
1313 4817 1398 4885 sorti
1414 4819 1540 4884 etcum
1557 4815 1675 4884 omnia
1691 4818 1784 4884 intro
1806 4837 1842 4886 se
1863 4819 2071 4888 habentibus

208 4992 273 5058 per
289 4975 426 5058 equalis
440 4990 607 5041 mensure
622 4973 701 5040 illos
718 4972 811 5040 inter
827 4991 891 5040 nos
909 4971 1116 5039 tradidimus
1131 4971 1174 5038 ad
1191 4975 1395 5056 perpetuam
1412 4968 1662 5054 possessionem
1678 4971 1885 5038 habendum.
1900 4971 1992 5040 unde
2004 4975 2068 5038 ete.

215 5116 615 5209 Sequitnr'conctnsionis
637 5125 803 5207 [11111111.
827 5120 968 5192 8111111
992 5123 1103 5192 motta
1128 5122 1254 5207 11111111
1281 5139 1467 5191 aureorum
1493 5121 1681 5190 solidorum
1707 5121 2068 5200 constantiniensium,

207 5279 411 5359 interposito
426 5276 618 5344 mediatore
634 5275 839 5358 canapario
860 5272 930 5364 filio
954 5271 1157 5353 Mncbcnoltt
1179 5274 1223 5340 da
1248 5274 1341 5359 Apus
1361 5275 1484 5340 monte.
1504 5272 1629 5342 iterum
1653 5273 1788 5348 autem,
1813 5269 1842 5337 si
1865 5269 1909 5338 de
1931 5269 2072 5338 exdicta

209 5433 315 5498 rebus
330 5431 430 5498 nobis
447 5433 506 5498 aut
521 5431 659 5499 illorum
676 5431 829 5499 causatio
844 5430 950 5498 suerit
966 5432 1100 5509 exurte,
1118 5431 1199 5497 tunc
1214 5430 1384 5513 amboque
1398 5429 1517 5514 partes
1533 5444 1596 5495 nos
1610 5424 1862 5510 coniungamus
1886 5425 1920 5492 11
1943 5423 2070 5493 exinde

208 5602 394 5654 censemus
409 5603 517 5671 usque
534 5583 578 5654 ad
596 5601 711 5654 veram
728 5585 763 5654 11
777 5582 962 5650 diffinitam
982 5584 1108 5667 legem,
1126 5569 1204 5650 etsi
1223 5601 1287 5668 per
1302 5599 1419 5648 veram
1436 5581 1548 5664 legem
1564 5576 1690 5646 exinde
1708 5577 1974 5663 perdiderimus,
1992 5581 2071 5646 tuno

264 5913 287 5984 ¹)
300 5916 433 5984 Paterna,
450 5912 480 5970 in
495 5912 659 5987 Principatu
674 5911 868 5971 salernitano.
