5252 7102
587 565 650 628 311
1261 549 1425 621 CODEX
1468 551 1702 623 ouquSls

598 768 629 880 †
645 811 713 879 ego
728 795 781 862 leo

600 918 630 1032 †
645 964 711 1030 ego
727 944 906 1013 radoaldo.

1604 1265 1630 1302 Ι

1238 1499 1672 1581 CCCCXXXVI.

1307 1781 1363 1856 A.
1399 1779 1451 1856 D.
1488 1777 1585 1857 991.

598 2100 689 2236 1111
713 2147 854 2216 nomine
877 2144 1009 2212 domini
1034 2145 1157 2210 octabu
1181 2161 1275 2210 anno
1298 2143 1515 2229 principatus
1538 2143 1657 2219 domni
1680 2144 1789 2212 nostri
1813 2145 1957 2213 iohanni
1980 2149 2015 2214 et
2039 2147 2142 2214 tertio
2171 2165 2265 2214 anno
2288 2147 2404 2216 domni

541 2301 718 2389 guaimari
733 2299 806 2368 filio
821 2300 894 2369 cius
917 2298 1062 2384 gloriosi
1087 2295 1317 2383 principibus,
1337 2315 1454 2364 mense
1477 2297 1614 2381 magius
1637 2301 1763 2382 quarta
1785 2297 1984 2366 indictione.
2003 2299 2081 2367 ideo
2103 2319 2170 2386 que
2193 2319 2261 2386 ego
2284 2307 2401 2387 petrus

540 2453 712 2540 presbiter
728 2453 820 2521 filius
836 2450 1007 2538 quondam
1024 2448 1170 2519 iohanni
1185 2448 1228 2517 de
1244 2451 1356 2518 locum
1373 2450 1529 2530 nuceria,
1548 2450 1591 2518 de
1608 2451 1697 2517 sicut
1713 2450 1804 2554 mihi,
1824 2468 2019 2536 congruum
2043 2456 2107 2533 est,
2134 2455 2227 2521 bona
2248 2474 2326 2523 mea
2348 2475 2403 2522 ro·

541 2611 713 2692 lumptate
729 2609 810 2674 anto
827 2605 1002 2691 presentia
1017 2603 1109 2672 leoni
1124 2603 1231 2670 iudici
1246 2606 1279 2671 et
1294 2604 1479 2688 subscripti
1495 2605 1601 2671 testes
1616 2622 1679 2689 per
1694 2605 1786 2670 hane
1801 2605 1936 2671 cartula
1947 2604 2164 2672 venumdedit
2180 2607 2244 2673 tibi
2259 2583 2401 2675 iohanni

539 2762 633 2829 filius
649 2759 786 2826 cuidam
807 2757 877 2827 ursi
894 2756 938 2824 de
953 2759 1066 2825 locum
1082 2755 1306 2834 barbacianu,
1321 2756 1380 2822 ubi
1397 2755 1514 2821 lalana
1527 2733 1668 2835 dicitur,
1687 2773 1756 2821 una
1768 2755 1868 2840 pecia
1883 2755 1926 2824 de
1941 2758 2036 2825 terra
2055 2776 2133 2826 mea
2144 2776 2221 2824 cum
2239 2760 2399 2836 arbustis,

541 2935 643 3002 quem
661 2916 774 2982 habeo
790 2913 972 2980 indictum
991 2913 1104 2980 locum
1122 2911 1242 2978 satana
1257 2910 1293 2976 in
1310 2911 1388 2994 ipsa
1405 2913 1499 2977 curte
1516 2915 1632 2977 vestra
1645 2911 1705 2977 ubi
1720 2911 1889 2978 abitatore
1903 2911 1991 2990 sitis,
2010 2930 2073 2996 per
2089 2914 2152 2980 hec
2163 2913 2244 2982 flnis
2260 2919 2295 2981 et
2310 2932 2402 2981 men·

542 3072 650 3139 surio:
670 3069 713 3136 de
730 3069 845 3134 tribus
861 3066 1021 3152 partibus
1037 3083 1057 3130 a
1072 3063 1219 3130 meridie
1234 3069 1270 3128 et
1286 3045 1419 3131 oriente
1434 3067 1468 3130 et
1483 3081 1505 3130 a
1520 3065 1766 3149 septemtrione
1781 3065 1851 3131 fine
1867 3068 1928 3131 tua
1950 3065 2008 3149 qui
2032 3085 2139 3151 supra
2154 3066 2298 3133 iohanni
2314 3069 2350 3134 et
2364 3067 2403 3134 de

539 3224 640 3292 fratri
657 3223 720 3290 tui:
739 3221 782 3289 de
799 3240 889 3306 capu
906 3239 929 3287 a
944 3222 1043 3305 parte
1068 3218 1256 3286 occidentis
1278 3218 1348 3285 fine
1372 3218 1447 3303 ipsa
1462 3219 1516 3285 uia
1531 3237 1688 3298 carrara,
1708 3237 1774 3304 quc
1798 3219 1929 3285 intrant
1944 3221 1981 3286 in
1998 3220 2075 3304 ipsa
2090 3222 2186 3288 curte
2208 3225 2328 3289 restra
2344 3223 2400 3288 ubi

536 3374 697 3442 abitatori
715 3373 803 3449 sitis,
822 3375 858 3438 et
869 3373 922 3439 est
934 3389 995 3455 per
1011 3371 1189 3437 mensoria
1204 3369 1387 3454 longitudo
1403 3369 1497 3454 passi
1514 3369 1633 3436 decern
1650 3371 1782 3448 616616,
1802 3372 1837 3437 61
1849 3369 1996 3437 latitudo
2010 3372 2103 3456 passi
2117 3373 2241 3440 nobem
2254 3371 2297 3438 ad
2312 3372 2399 3440 iusto

537 3545 676 3611 passum
694 3524 846 3592 hominis
864 3526 1118 3591 mensuratum.
1138 3527 1202 3590 hec
1219 3540 1302 3590 vero
1318 3524 1488 3602 clausum,
1508 3523 1660 3608 qualiter
1675 3523 1836 3608 superius
1850 3523 1932 3591 finis
1947 3525 2059 3608 posite
2083 3528 2163 3592 sunt
2178 3527 2212 3592 et
2226 3526 2401 3595 mensuria

536 3681 613 3766 ipsa
629 3679 813 3765 percurrit,
833 3697 911 3744 curn
928 3678 1070 3763 proprie
1087 3676 1167 3744 finis
1180 3682 1214 3746 61
1230 3677 1306 3746 1166
1321 3677 1363 3744 de
1379 3679 1439 3747 via
1454 3697 1517 3746 sua
1532 3680 1566 3744 et
1582 3696 1659 3744 oum
1676 3679 1794 3744 omnia
1807 3678 1901 3746 infra
1913 3696 1949 3746 se
1966 3679 2174 3747 habentibus
2192 3680 2397 3748 trasaotibus

538 3852 665 3902 nomen
682 3830 872 3899 alunditus
898 3831 978 3898 illos
1001 3830 1067 3897 tibi
1083 3831 1143 3914 qui
1160 3849 1268 3914 supra
1291 3831 1434 3897 iohanni
1459 3831 1637 3915 integrum
1665 3830 1898 3917 venumdedit3
1917 3831 2008 3897 unde
2034 3851 2098 3898 nec
2120 3832 2206 3899 mihi
2223 3833 2282 3918 qui
2299 3851 2402 3918 supra

537 3986 627 4070 petri
644 3985 829 4071 presbiteri
845 3983 1023 4063 vinditori,
1042 4001 1153 4069 neque
1169 3986 1294 4067 quarta
1311 3983 1413 4049 uxori
1430 4001 1516 4062 mee,
1535 4001 1598 4050 nec
1623 3983 1749 4068 cuiqua
1764 3983 1963 4050 hominibus
1986 3984 2076 4050 nihil
2098 3985 2225 4050 restitit
2239 4003 2305 4052 nee
2319 3984 2398 4051 dici·

537 4157 615 4208 mus
631 4157 815 4208 remanere
838 4138 1038 4206 sortionem.
1064 4139 1100 4204 et
1122 4156 1186 4222 pro
1210 4135 1482 4203 confirmandam
1499 4143 1533 4204 ct
1549 4137 1827 4206 staviliscendam
1851 4139 1942 4204 hanc
1964 4156 2042 4204 mea
2052 4138 2243 4205 vinditione
2264 4157 2356 4205 nune
2378 4159 2397 4205 a

537 4293 710 4379 presentis
726 4292 834 4378 recipi
851 4311 873 4358 a
888 4295 921 4360 te
938 4293 997 4376 qui
1015 4310 1123 4376 supra
1138 4289 1307 4360 iohannes
1322 4295 1488 4358 emtorem
1506 4311 1619 4362 meum
1644 4293 1810 4359 statutum
1827 4293 1990 4376 pretium,
2010 4292 2097 4360 idest
2115 4292 2212 4359 aurei
2230 4292 2300 4359 tari
2322 4293 2397 4360 boni

537 4464 721 4515 numerum
740 4447 870 4531 septem
887 4445 924 4510 in
941 4461 1076 4512 omnem
1100 4442 1397 4522 deliverationem,
1424 4445 1513 4512 sicut
1536 4444 1626 4510 111161
1651 4443 1750 4513 nobis
1766 4445 1938 4512 convenit.
1957 4443 2122 4528 finitoque
2146 4463 2229 4512 raro
2252 4443 2398 4530 pretium

538 4597 652 4681 ipsum
672 4596 763 4682 apud
781 4613 843 4665 nos
859 4613 901 4662 ea
916 4581 1062 4674 ratione,
1081 4598 1118 4662 ut
1133 4613 1154 4661 a
1169 4613 1263 4663 nunc
1278 4595 1368 4662 diem
1387 4597 1537 4682 presenti
1554 4599 1589 4664 et
1604 4596 1782 4681 perpetuis
1797 4595 2014 4681 temporibus
2031 4599 2067 4661 tu
2084 4597 2142 4680 qui
2160 4615 2267 4682 supra
2284 4598 2398 4664 iohan-

537 4768 599 4818 nes
615 4768 721 4836 quam
738 4753 772 4817 61
795 4751 864 4817 tuis
886 4749 1070 4818 heredibus
1094 4750 1252 4835 predicta
1274 4769 1351 4816 mea
1367 4751 1569 4831 vinditione‚
1590 4753 1626 4818 ut
1648 4753 1807 4837 superius
1830 4752 1973 4836 legitur,
1993 4751 2030 4818 in
2047 4752 2208 4819 omnibus
2231 4753 2394 4820 securiter

537 4906 573 4970 ot
588 4901 737 4968 firmiter
753 4919 811 4968 eos
827 4901 931 4967 abere
947 4905 982 4968 et
997 4901 1176 4984 possidere
1192 4901 1354 4980 valeatis,
1372 4904 1406 4968 61
1421 4901 1557 4969 faciatis
1574 4901 1702 4970 exinde
1725 4903 1841 4969 omnia
1855 4903 1945 4987 quod
1961 4883 2141 4972 volueritis
2164 4905 2294 4989 absque
2309 4902 2393 4970 omni

536 5053 789 5122 contrarietate
804 5071 883 5119 moa
898 5055 934 5119 61
947 5051 989 5119 de
1004 5071 1114 5119 uxore
1131 5071 1220 5130 mea,
1232 5055 1285 5119 161
1297 5052 1340 5120 de
1351 5051 1482 5121 nostris
1494 5053 1576 5122 filiis
1592 5057 1626 5122 et
1642 5054 1797 5134 heredes
1812 5058 1873 5122 aut
1884 5056 2010 5140 cuique
2020 5055 2219 5124 hominibus
2235 5077 2258 5125 a
2271 5055 2392 5124 nostris

537 5208 709 5294 partibus.
728 5226 773 5276 ex
791 5225 860 5295 qua
876 5207 1035 5294 promisi,
1056 5209 1092 5276 et
1107 5209 1309 5292 perbonam
1327 5208 1571 5277 conuenientia
1587 5210 1715 5295 guadia
1729 5209 1791 5277 tibi
1807 5209 1865 5296 qui
1881 5227 1990 5296 supra
2006 5210 2151 5278 iohanni
2167 5211 2264 5279 dedit
2279 5213 2390 5281 611116

536 5361 705 5428 diatorem
723 5362 784 5431 tibi
806 5345 926 5447 posuit
948 5378 1003 5428 me
1026 5361 1153 5448 ipsum3
1170 5365 1206 5429 61
1222 5380 1287 5447 per
1310 5361 1432 5430 eadem
1456 5361 1585 5447 guadia
1612 5363 1729 5447 obligo
1752 5383 1806 5432 me
1828 5363 1887 5447 qui
1905 5381 2010 5448 supra
2032 5367 2150 5448 petros
2177 5363 2345 5448 presbiter
2358 5365 2390 5428 et

539 5515 629 5581 mais
645 5515 730 5582 filiis
747 5519 781 5582 et
796 5513 942 5584 heredes
958 5513 1022 5581 tibi
1039 5513 1098 5600 qui
1115 5529 1222 5606 supra
1238 5513 1379 5580 iohanni
1396 5533 1499 5599 quam
1517 5517 1552 5581 61
1575 5513 1620 5582 ad
1643 5515 1712 5582 tuis
1728 5513 1909 5584 heredibus
1925 5515 2082 5600 predicta
2104 5534 2179 5584 mea
2194 5515 2386 5585 vinditione.

533 5669 572 5734 ut
589 5669 751 5754 superius
766 5669 908 5754 legitur,
927 5667 1120 5753 apartibus
1137 5665 1242 5734 uxori
1256 5684 1332 5734 11166
1348 5670 1385 5733 61
1400 5665 1445 5732 da
1462 5667 1572 5736 omnis
1587 5667 1757 5748 homines,
1776 5665 1830 5735 cui
1846 5687 1909 5752 per
1920 5684 1985 5736 nos
1999 5670 2051 5736 vel
2060 5649 2189 5738 Ι61111116
2205 5669 2323 5736 datum
2337 5669 2390 5734 aut

539 5822 735 5906 obligatum
758 5837 832 5891 esse
858 5822 1037 5906 paruerit,
1065 5821 1235 5889 antistare
1261 5823 1297 5887 et
1319 5819 1500 5888 defensare
1526 5820 1771 5905 promittimus.
1800 5821 1891 5907 quod
1917 5821 1948 5888 si
1968 5822 2109 5890 minime
2133 5825 2199 5889 otc.
2231 5817 2385 5888 Formuto
