5378 7098
654 584 695 643 n
1311 576 1472 654 conen
1514 551 1746 652 caveus-is

600 813 681 916 doni
698 817 733 882 et
750 817 841 900 petri
857 817 892 882 et
907 815 1075 884 achenolfi
1089 815 1170 882 liliis
1194 816 1292 895 meis
1307 835 1407 902 quem
1422 817 1465 887 de
1481 819 1557 904 ipso
1579 799 1808 906 gaidelgardo
1831 824 1949 907 priore
1965 823 2041 890 viro
2056 843 2152 893 meus
2168 829 2296 910 genitis
2313 829 2404 906 abui,
2419 834 2450 898 et

601 967 652 1034 eis
674 967 853 1052 postulavi,
874 971 911 1034 ut
927 968 1014 1034 inihi
1029 967 1283 1036 consentientes
1306 970 1396 1034 hunc
1418 968 1679 1060 adimplendum
1701 970 1886 1040 iudicatum
1910 975 2137 1070 testamenti3
2162 979 2197 1044 et
2220 977 2297 1046 ideo
2321 981 2365 1048 ab
2388 981 2452 1065 ipsi

600 1117 682 1184 filiis
698 1118 784 1187 meis
800 1136 876 1186 sum
894 1117 1060 1186 exaudita
1082 1122 1117 1186 11
1139 1122 1219 1187 ante
1234 1120 1413 1205 presentia
1427 1089 1555 1188 maioni
1571 1121 1718 1190 castaldi
1734 1127 1769 1193 et
1783 1126 1863 1192 ante
1878 1125 1956 1220 aliis
1973 1127 2157 1194 subscribti
2181 1131 2283 1198 testes
2304 1129 2372 1214 ipsi
2395 1148 2450 1196 no-

601 1268 722 1338 minati
745 1271 827 1339 filiis
843 1271 931 1339 meis
947 1272 1032 1339 mihi
1057 1273 1198 1340 fuerunt
1220 1273 1486 1342 consentientes„
1506 1259 2073 1362 11111111111111111111111111
2094 1283 2129 1348 et
2147 1235 2217 1350 una
2235 1280 2366 1351 mecum
2388 1283 2451 1367 ipsi

600 1423 748 1510 predicti
771 1425 854 1492 filiis
876 1425 964 1494 meis
987 1427 1200 1495 unanimiter
1223 1428 1370 1513 parique
1393 1445 1563 1496 consensu
1585 1411 1793 1498 tradidimus
1822 1429 1886 1498 tibi
1915 1431 2119 1516 gaidenardi
2149 1433 2318 1502 sacerdoti
2348 1436 2450 1504 recto

599 1595 672 1646 rem
697 1578 842 1645 ecclesie
865 1579 973 1645 sancti
997 1571 1180 1658 marcelli,
1206 1598 1271 1665 que
1293 1581 1379 1648 situs
1401 1583 1453 1650 est
1475 1583 1512 1648 in
1534 1580 1653 1651 eodem
1677 1585 1794 1674 locum¹
1811 1538 1975 1662 nuceria,
2002 1587 2073 1652 tote
2096 1587 2131 1652 et
2153 1585 2269 1654 inclite
2292 1587 2449 1654 ambabus

597 1729 672 1814 ipse
694 1733 829 1814 quarte,
856 1748 956 1814 quem
980 1748 1043 1814 per
1066 1747 1163 1797 meus
1185 1729 1444 1816 morginchap.
1498 1784 1503 1796 .
1557 1785 1563 1796 .
1618 1784 1624 1797 .
1673 1735 1859 1819 acceptura
1881 1734 1924 1802 de
1948 1735 2105 1804 omnibus
2128 1737 2231 1804 rebus
2254 1737 2450 1807 substantiis

598 1881 753 1966 ipsorum
777 1881 1000 1968 gaidelgardi
1023 1885 1057 1951 et
1079 1884 1172 1951 bassi
1202 1885 1261 1967 qui
1290 1884 1432 1952 luerunt
1454 1884 1521 1951 viri
1556 1884 1648 1972 mei;
1673 1885 1715 1977 in¹
1733 1903 1775 1953 eo
1797 1885 1946 1965 ordine,
1973 1890 2010 1953 11
2038 1887 2068 1958 si
2099 1844 2265 1961 iohannes
2293 1890 2327 1958 et
2350 1889 2450 1958 lando

601 2036 762 2121 germani
786 2035 849 2102 filii
873 2036 982 2120 ipsius
1007 2035 1097 2103 bassi
1122 2035 1215 2102 inira
1238 2038 1370 2120 septem
1392 2034 1466 2103 dies
1490 1983 1568 2121 post
1592 2053 1706 2132 meum
1730 2037 1860 2105 ovitum
1892 1997 2025 2108 dederit
2047 2039 2145 2107 vobis
2170 2041 2243 2125 sibe
2273 2039 2317 2128 ad
2345 2042 2451 2107 homi·
2589 2027 2594 2050 '

596 2206 689 2266 nem,
716 2191 800 2274 aput
821 2207 923 2273 quem
947 2190 1013 2257 iste
1036 2189 1186 2273 scriptus
1209 2189 1377 2274 paruerit,
1403 2189 1566 2273 quattuor
1589 2189 1685 2259 aurei
1707 2191 1800 2268 boni,
1820 2193 1902 2258 tunc
1925 2191 2002 2275 ipsa
2024 2193 2197 2276 quartam,
2216 2209 2316 2276 quem
2332 2145 2450 2260 mede

595 2341 669 2424 ipse
692 2358 774 2408 oasa
798 2340 927 2410 fabrita
950 2341 1058 2426 ipsius
1080 2341 1169 2434 bassi
1192 2343 1401 2428 contangere
1424 2340 1534 2420 debet,
1553 2341 1613 2427 qui
1634 2344 1715 2410 sunt
1738 2359 1880 2426 asuper
1896 2341 1974 2426 ipsa
1989 2343 2085 2410 turre
2104 2340 2264 2412 mediana
2278 2342 2446 2420 domnica,

596 2491 763 2558 remittite
790 2491 833 2559 ad
861 2493 999 2559 illorum
1024 2494 1223 2576 potestatem
1247 2510 1324 2560 cum
1348 2493 1428 2560 finis
1450 2495 1484 2560 et
1506 2493 1581 2560 vias
1604 2465 1685 2561 suas
1707 2491 1749 2560 ad
1772 2491 1936 2579 securiter
1959 2494 1992 2560 et
2020 2491 2167 2562 firmiter
2195 2493 2262 2578 ipsi
2291 2495 2449 2576 germani

595 2647 631 2711 et
647 2644 784 2711 illorum
808 2643 928 2712 eredes
951 2645 1030 2712 illos
1052 2644 1223 2712 111111111
1246 2647 1281 2712 11
1303 2644 1497 2713 faciendum
1522 2647 1650 2723 omnia,
1683 2663 1749 2730 111
1779 2646 1829 2712 111
1847 2645 2029 2743 Ι1111111111
2059 2647 2188 2730 absque
2212 2595 2314 2712 omni¹
2335 2647 2450 2713 nostra

597 2800 709 2865 mater
725 2803 759 2864 et
774 2798 856 2865 filiis
879 2797 977 2866 etde
1001 2798 1128 2864 nostris
1152 2782 1310 2866 eredibus
1333 2797 1611 2866 contrarietatem
1635 2801 1671 2865 et
1692 2797 1976 2886 requisitionem
1998 2801 2033 2864 et
2057 2798 2135 2881 ipsa
2156 2800 2252 2896 terra
2274 2815 2351 2863 cum
2377 2798 2450 2882 ipsa

595 2967 677 3018 casa
699 2951 852 3035 lignitia,
878 2969 945 3036 que
967 2953 1018 3019 est
1040 2952 1077 3018 in
1101 2951 1176 3036 ipso
1200 2952 1311 3019 ortale
1334 2969 1356 3018 a
1377 2969 1482 3035 super
1506 2951 1584 3035 ipsa
1607 2952 1703 3019 curte
1727 2934 1881 3035 11111111
1904 2949 2013 3034 ipsius
2036 2949 2128 3018 bassi
2151 2951 2228 3016 viro
2250 2967 2371 3026 meus,
2397 2950 2447 3016 in-

594 3101 712 3166 clitain
736 3117 818 3167 casa
840 3103 874 3168 et
890 3102 987 3167 terra
1004 3101 1092 3184 ipsa,
1110 3100 1170 3166 ubi
1193 3101 1269 3185 ipsa
1284 3116 1365 3167 oasa
1381 3099 1494 3185 posita
1507 3101 1571 3178 est,
1588 3098 1735 3166 firmiter
1757 3061 1890 3176 abeatis
1912 3099 2025 3206 vestre
2050 3100 2239 3183 potestatis,
2264 3099 2304 3166 ad
2325 3099 2451 3168 lacien-
2541 3190 2545 3198 Ι

597 3252 676 3320 dum
701 3252 827 3320 exinde
850 3253 1050 3335 omniaque
1066 3251 1257 3328 volueritis,
1276 3253 1310 3318 et
1332 3251 1450 3318 omnia
1465 3253 1500 3318 et
1515 3251 1666 3335 qualiter
1690 3248 1774 3317 illud
1790 3248 1967 3324 dederitis.
1985 3233 2119 3320 stabilis
2143 3247 2344 3334 permaneat
2359 3253 2463 3352 omni·
2567 3237 2569 3240 ’

599 3406 753 3488 tempore
777 3407 904 3489 absque
926 3405 1020 3472 omni
1044 3405 1305 3490 requisitionem
1328 3407 1445 3472 nostra
1467 3403 1636 3472 nominati
1660 3355 1772 3471 mater
1795 3406 1829 3470 et
1850 3403 1915 3470 filii
1938 3405 1973 3470 et
1994 3402 2040 3472 de
2061 3404 2188 3471 nostris
2211 3403 2395 3490 eredibus;
2419 3407 2451 3470 et

598 3559 674 3643 ipso
698 3555 804 3634 aliud,
828 3557 886 3640 111
908 3519 1111 3623 remanserit
1135 3553 1177 3623 de
1201 3555 1277 3640 ipsa
1300 3557 1425 3640 quarta
1448 3555 1614 3623 derebus
1637 3553 1748 3622 eidem
1772 3552 1875 3631 bassi,
1901 3555 2031 3621 et‘tota
2054 3554 2132 3637 ipsa·
2153 3557 2290 3638 quarta,
2308 3572 2375 3638 que
2398 3573 2450 3620 111

598 3710 642 3778 11
664 3710 767 3777 rebus
790 3707 960 3776 nominati
984 3706 1203 3793 gaidelgardi
1227 3685 1440 3792 contangere
1462 3705 1590 3784 debuit,
1616 3707 1661 3773 sit
1684 3705 1720 3771 in
1743 3667 1859 3774 vestra
1883 3707 2085 3790 potestatem
2110 3705 2146 3771 in
2169 3725 2211 3773 ea
2234 3707 2391 3784 ratione,
2416 3710 2451 3771 ut
2525 3770 2526 3773 ,

596 3861 626 3928 si
650 3861 716 3945 ipsi
741 3858 910 3926 nominati
934 3857 1051 3941 gaido,
1076 3861 1207 3942 petrus,
1234 3858 1436 3925 achenolfns
1457 3859 1491 3926 et
1514 3831 2230 3944 1111111111111111111111111111111111
2248 3863 2449 3941 postmeum

593 4015 725 4084 ovitum
751 4012 885 4080 dederit
908 4011 1005 4078 vobis
1027 4011 1100 4078 sibe
1125 4011 1168 4078 ad
1192 4010 1379 4090 hominem,
1406 4013 1491 4095 aput
1513 4028 1613 4095 quem
1638 4009 1702 4080 iste
1724 4001 1896 4078 iudicatus
1921 3973 2176 4095 paruerit-sex
2200 4011 2296 4078 aurei
2313 4011 2380 4077 tari
2395 4013 2452 4076 bo·
2483 4051 2485 4056 -

593 4167 642 4242 ni,
669 4167 751 4232 tunc
780 4163 866 4230 illud
892 4160 1058 4230 remittite
1081 4159 1125 4228 ad
1150 4163 1289 4228 illorum
1313 4161 1517 4245 potestatem
1542 4163 1579 4226 at
1602 4160 1771 4254 securiter
1795 4159 1865 4226 illis
1888 4163 1922 4226 11
1945 4176 2065 4227 eorum
2088 4157 2246 4230 eredibus
2268 4177 2326 4258 eos
2349 4135 2474 4227 aben-'⁵

594 4319 676 4384 dum
700 4318 735 4384 et
757 4315 950 4383 faciendum
974 4313 1181 4397 omniaque
1204 4314 1254 4381 eis
1277 4313 1459 4398 placuerit.
1486 4314 1521 4393 et
1544 4313 1573 4378 si
1597 4313 1687 4379 inira
1709 4315 1838 4397 septem
1862 4311 1936 4380 dies
1958 4284 2172 4396 postmeam
2195 4311 2449 4417 defunctionem
2570 4357 2572 4362 -

592 4469 661 4554 ipsi
684 4422 853 4534 nominati
878 4465 1047 4533 iohannes
1070 4467 1105 4532 et
1128 4461 1230 4530 lando
1252 4465 1286 4532 et
1309 4461 1377 4548 ipsi
1400 4463 1482 4530 liliis
1504 4463 1592 4530 meis
1609 4462 1761 4548 predicti
1783 4463 1862 4541 tari,
1876 4461 2025 4547 qualiter
2048 4462 2210 4546 superius
2231 4461 2362 4530 dictum
2386 4453 2447 4533 est.

593 4618 691 4685 vobis
713 4635 784 4684 non
807 4615 967 4692 dederit,
993 4619 1075 4682 tunc
1099 4614 1274 4682 licentiam
1296 4616 1332 4680 et
1354 4616 1556 4699 potestatem
1581 4614 1711 4684 abeatis
1734 4631 1795 4682 vos
1814 4613 1876 4700 qui
1900 4631 2005 4697 supra
2034 4613 2271 4698 gaidenardus·
2297 4613 2369 4683 sibe
2392 4617 2450 4680 lio-

592 4785 648 4836 mo
673 4767 745 4845 ille,
764 4769 848 4850 aput
870 4782 971 4850 quem
995 4764 1060 4831 iste
1083 4762 1230 4831 scribtus
1253 4762 1419 4848 paruerit,
1438 4765 1605 4832 ambabus
1621 4763 1695 4848 ipse
1709 4764 1833 4848 quarte
1856 4762 1975 4831 inclite
1998 4763 2039 4832 de
2063 4764 2221 4831 omnibus
2246 4765 2361 4840 rebus,
2382 4781 2446 4848 que

513 4938 516 4946 ·
592 4919 658 4986 suit
680 4919 834 5003 ipsorum
860 4913 1082 5000 gaidelgardi
1106 4916 1140 4981 et
1164 4913 1253 4980 bassi
1275 4913 1360 4980 viris
1382 4913 1487 4990 meis,
1515 4911 1734 4990 venundare,
1760 4911 1928 4998 quomodo
1952 4913 2074 4980 melius
2098 4872 2289 4996 potueritis
2303 4915 2339 4980 et
2363 4913 2445 4980 deus

520 5063 521 5066 ’
590 5069 690 5137 vobis
714 5067 964 5154 inspiraverit,
991 5069 1026 5132 et
1049 5065 1345 5149 qualitercumque
1369 5061 1448 5131 inde
1470 5061 1656 5139 dederitis,
1683 5063 1783 5130 firme
1804 5065 1840 5130 et
1863 5063 1996 5132 stabilis
2018 5067 2220 5163 permaneat
2243 5063 2335 5131 omni
2359 5067 2442 5131 tern-

587 5241 684 5307 pore,
710 5225 745 5290 et
759 5223 925 5305 quantum
943 5215 1092 5304 pretium
1116 5216 1160 5284 de
1184 5215 1338 5302 predicte
1360 5217 1523 5285 ambabus
1546 5179 1851 5301 quartetuleritis,
1878 5215 2070 5284 distribuite
2094 5215 2178 5283 illud
2205 5217 2243 5284 in
2265 5219 2341 5302 ipsa
2365 5235 2445 5284 oon-

589 5373 796 5458 gregatione
819 5371 860 5440 de
876 5370 1027 5437 nuceria.
1047 5369 1090 5436 de
1113 5367 1236 5452 quibus
1259 5366 1491 5452 obligavimus
1514 5383 1577 5434 nos
1592 5367 1749 5452 superius
1765 5368 1874 5434 mater
1889 5368 1924 5462 et
1939 5367 2002 5434 filii
2026 5369 2061 5433 et
2082 5367 2211 5434 nostris
2225 5367 2290 5434 11111
2313 5371 2346 5437 11
2370 5387 2442 5437 111-
2527 5423 2530 5428 .

589 5523 660 5602 des,
681 5525 719 5589 ut
734 5524 762 5590 si
779 5521 822 5590 de
845 5523 971 5600 omnia,
990 5519 1157 5606 quomodo
1179 5519 1339 5604 superius
1362 5518 1514 5604 disposui
1536 5521 1571 5586 et
1593 5517 1755 5598 iudicavi,
1781 5518 1910 5604 aliquid
1934 5517 2060 5586 exinde
2084 5519 2317 5606 remobereet
2336 5521 2442 5588 retor-

590 5693 678 5742 nare
706 5676 761 5742 vel
784 5672 944 5740 minuare
968 5671 1048 5738 inde
1072 5671 1261 5754 quesierit,
1288 5669 1332 5738 ad
1356 5671 1639 5755 compositionem
1658 5649 1755 5737 'siant
1777 5669 1948 5753 obligatus
1971 5669 2030 5736 ille
2054 5664 2130 5752 111Ι
2147 5670 2234 5782 talia
2261 5671 2376 5754 egerit
2398 5669 2443 5736 ad

589 5825 860 5912 componendum
878 5825 919 5892 ad
939 5823 1126 5903 bominem,
1152 5827 1236 5908 aput
1259 5841 1361 5908 quem
1379 5824 1443 5892 iste
1458 5823 1607 5892 scribtus
1623 5822 1787 5908 paruerit,
1806 5802 2058 5905 quinquaginta
2075 5807 2172 5926 aurei
2189 5821 2327 5901 solidos
2347 5826 2381 5892 et
2396 5823 2437 5888 il-
