5286 7098
575 600 615 664 92
1227 582 1390 657 deunx
1429 583 1664 657 cavensis

582 800 692 914 †ego
708 827 766 915 qui
779 845 884 914 supra
899 829 1018 911 petrus

584 953 613 1065 †
628 997 694 1066 ego
709 981 768 1067 qui
783 999 892 1066 supra
907 953 985 1049 azzo

582 1105 611 1220 †
626 1151 694 1219 ego
710 1132 934 1219 radelgrimo.

1252 1638 1638 1720 CCLXXXIV.

1310 1889 1365 1964 A.
1404 1889 1455 1966 D.
1493 1885 1596 1966 975.

582 2150 672 2285 †In
690 2200 827 2268 nomine
843 2198 974 2266 domini
989 2199 1164 2268 tricesimo
1180 2200 1305 2284 quarto
1322 2215 1415 2265 anno
1430 2195 1649 2282 principatus
1671 2195 1789 2264 domni
1812 2195 1952 2263 landolfi
1973 2197 2147 2281 gloriosus
2165 2196 2325 2281 prinecps
2347 2197 2383 2262 et

524 2372 616 2423 nono
634 2372 726 2422 anno
744 2353 961 2438 principatus
976 2352 1095 2421 domni
1110 2351 1251 2438 paldolfi
1268 2351 1332 2418 filii
1347 2351 1430 2430 eius,
1451 2351 1477 2437 ⁴)
1493 2368 1585 2419 nono
1600 2349 1657 2418 die
1680 2351 1850 2420 intrantes
1872 2369 1989 2420 mense
2012 2350 2141 2434 magio,
2167 2347 2225 2416 die
2247 2350 2378 2427 martis,

523 2504 628 2572 tertia
643 2503 844 2571 indictione.
862 2501 1143 2570 Memoratorium
1165 2501 1295 2568 sactum
1319 2519 1341 2567 a
1363 2518 1419 2567 me
1442 2503 1561 2584 petrus
1583 2500 1676 2568 filius
1693 2499 1806 2569 eidem
1820 2501 1911 2586 petri
1927 2500 1969 2570 de
1985 2517 2025 2566 oc
2042 2501 2132 2586 quod
2148 2501 2229 2569 ante
2245 2519 2384 2587 presen-

523 2653 575 2721 tia
590 2654 741 2722 marcidi
757 2653 904 2722 iudicem
929 2653 1086 2721 causabit
1102 2671 1181 2721 eum
1205 2671 1326 2720 mauro
1343 2653 1415 2720 filio
1431 2653 1525 2721 vassi
1541 2652 1737 2732 dicendum,
1756 2655 1794 2720 ut
1811 2655 1903 2720 malo
1920 2653 2076 2722 ordinem
2093 2656 2127 2723 et
2149 2653 2226 2722 sine
2247 2653 2383 2723 ratione

521 2804 701 2874 introisset
716 2806 753 2872 in
767 2824 838 2874 una
854 2825 936 2874 casa
959 2824 1038 2875 mea
1060 2805 1103 2873 de
1126 2806 1221 2874 intus
1237 2807 1415 2874 civitatem
1438 2805 1581 2876 abellini
1596 2808 1632 2874 et
1654 2805 1733 2873 illas
1756 2804 1861 2873 michi
1883 2806 2068 2885 contrabit,
2094 2810 2129 2874 et
2152 2807 2243 2874 irato
2265 2809 2382 2876 animo

521 2975 625 3044 super
642 2976 697 3026 me
713 2957 807 3026 benit
822 2961 857 3026 et
871 2977 925 3026 me
940 2959 1084 3027 bactibit
1101 2951 1139 3045 ²):
1158 2975 1264 3044 quero
1283 2957 1434 3026 animab
1456 2974 1497 3024 oo
1514 2973 1718 3042 responsum
1734 2956 1854 3026 audire
1870 2959 1904 3026 et
1920 2957 2055 3042 legibus
2070 2975 2146 3025 cum
2164 2975 2203 3028 eo
2220 2957 2299 3026 inde
2314 2959 2382 3029 fine

523 3111 649 3180 iacere.
675 3111 914 3198 supradictum
938 3112 1085 3182 iudicem
1109 3113 1342 3199 interrogabit
1364 3131 1453 3192 eum,
1480 3112 1539 3198 qni
1561 3111 1689 3180 exinde
1711 3110 1842 3182 diceret
1865 3113 1939 3178 eius
1962 3112 2172 3196 presentiam
2189 3111 2379 3220 insinuare,

520 3268 637 3338 statim
655 3269 729 3353 ipse
744 3267 847 3346 dixit,
866 3271 989 3335 utnon
1004 3270 1093 3338 esset
1108 3269 1250 3336 veritas.
1270 3265 1365 3345 Quod
1381 3271 1416 3334 et
1432 3285 1495 3352 per
1511 3266 1676 3334 iudicium
1692 3266 1735 3336 de
1751 3266 1988 3352 supradictum
2005 3265 2152 3336 iudicem
2169 3265 2301 3350 guadia
2314 3267 2382 3334 mi·

524 3421 581 3486 obi
604 3419 699 3489 dedit
714 3419 789 3504 ipse
804 3419 981 3505 predictus
996 3438 1131 3496 mauro,
1149 3420 1184 3488 et
1199 3419 1424 3490 mediatorem
1440 3418 1546 3485 michi
1564 3419 1680 3503 posuit
1695 3421 1813 3503 petrus
1830 3417 2002 3503 presbiter
2017 3419 2106 3488 filius
2129 3418 2244 3505 genci,
2269 3421 2307 3488 ut
2329 3437 2383 3488 se-

523 3571 673 3640 cundum
689 3574 803 3656 legem
818 3571 936 3639 iurare
951 3571 1056 3638 michi
1071 3570 1115 3638 ad
1133 3573 1253 3640 sancta
1268 3571 1323 3640 dei
1338 3571 1524 3657 evangelia
1540 3573 1575 3639 et
1588 3571 1716 3652 dicere,
1734 3574 1773 3638 ut
1787 3573 1901 3658 ipsum
1916 3593 1952 3642 se
1966 3573 2131 3642 scientem
2146 3590 2201 3641 me
2224 3589 2293 3642 non
2308 3575 2382 3640 bat-

521 3722 657 3792 tidisset
673 3723 707 3790 et
721 3723 799 3806 ipsa
814 3721 973 3807 predicta
989 3741 1071 3792 casa
1086 3723 1193 3792 michi
1210 3742 1279 3791 non
1297 3727 1500 3804 contrasset,
1520 3725 1555 3791 et
1569 3744 1635 3810 ego
1651 3743 1671 3791 a
1687 3729 1788 3810 parte
1805 3744 1883 3794 mea
1907 3725 2130 3794 mediatorem
2152 3727 2185 3796 ei
2207 3728 2317 3812 posui.
2372 3779 2379 3790 .

429 3911 432 3917 ·
524 3930 531 3942 .
562 3929 568 3939 .
600 3929 606 3942 .
633 3874 816 3959 evangelia
831 3873 1036 3958 parandum.
1055 3878 1099 3946 Et
1114 3895 1153 3943 oc
1169 3879 1271 3946 brebe
1287 3877 1426 3963 scripsit
1441 3895 1507 3963 ego
1523 3877 1660 3962 guelfus
1677 3877 1903 3948 subdiaconus
1919 3880 1952 3946 et
1978 3878 2145 3956 notarius,
2165 3881 2200 3946 et
2248 3933 2254 3944 .
2307 3929 2313 3941 .
2369 3931 2375 3943 .

520 4027 900 4116 etsupradictoiudici.
1422 4017 1427 4024 '

579 4153 690 4266 †cgo
707 4179 766 4266 qui
782 4196 888 4265 supra
905 4180 1094 4248 maraldus.

528 4405 957 4420 =-—-—....—-—,———

582 4565 606 4636 ¹)
627 4564 758 4622 Landolli
780 4567 894 4622 nomini
916 4567 988 4624 illud
1009 4569 1247 4626 substituendum
1268 4568 1412 4640 Pandolli‚
1435 4569 1485 4643 qui
1505 4570 1562 4626 hoc
1584 4578 1714 4643 tempore
1735 4569 1894 4626 Beneventi
1909 4568 2105 4643 Principalem
2127 4570 2244 4643 triginta
2266 4570 2380 4627 dnobus

525 4689 633 4747 abhinc
647 4689 733 4745 annis
748 4691 880 4764 regebat.
898 4691 970 4747 item
991 4708 1042 4764 pro
1063 4692 1202 4750 Pandollo
1218 4695 1285 4767 lege
1299 4693 1484 4764 Landollum,
1502 4708 1589 4766 quem
1604 4701 1686 4766 pater
1700 4694 1753 4750 sub
1769 4708 1846 4749 anno
1868 4691 1922 4749 969
1944 4693 1975 4750 in
1995 4692 2190 4766 Principalem
2210 4694 2380 4766 assumpsit.

457 4891 463 4900 Ι
522 4813 556 4869 ln
587 4814 757 4902 eorumdem
777 4813 945 4899 Principum
965 4816 1119 4872 nominum
1140 4819 1345 4874 confusionem
1375 4817 1484 4874 Notarii
1518 4818 1689 4890 saepissime
1711 4817 1866 4890 incidunt;
1889 4833 1962 4891 quae
1987 4818 2106 4891 quidem
2129 4817 2263 4876 conlusio
2289 4834 2380 4876 anno·

519 4955 586 4995 rum
607 4939 805 5014 supputationi
827 4939 978 5016 utriusque
998 4940 1177 5016 Principatus
1198 4943 1356 5002 Beneventi
1372 4944 1484 5001 scilicet
1502 4951 1530 5001 et
1551 4937 1664 5001 Salerni
1686 4943 1845 5016 plurimum
1865 4943 1964 5000 officit.

580 5079 603 5147 ²)
624 5081 749 5149 Bactibil,
766 5083 908 5151 abattaro,
924 5089 956 5138 ut
970 5081 1001 5138 in
1014 5080 1171 5156 liu-Gange
1187 5083 1373 5155 (verberare).
