5216 7092
968 607 1338 681 olPLollnTlcUs
1977 631 2038 692 169

226 856 269 922 (16
290 853 364 940 ipsa
379 853 587 921 abellanieta
602 851 646 918 da
660 850 821 936 completi
839 850 907 934 ipsi
923 849 1039 917 decem
1066 853 1150 916 anni
1166 850 1202 916 in
1219 853 1322 917 autea
1336 851 1503 936 colligere
1518 855 1553 920 et
1568 854 1671 922 abere
1686 856 1838 940 potuerit
1852 855 1895 924 de
1907 858 1986 925 illut
1997 859 2087 944 quod

229 1007 290 1073 ille
307 1003 555 1091 pastenaberit,
576 1003 711 1068 tertiam
729 1001 865 1086 partem
882 998 925 1066 de
943 999 1017 1083 ipse
1032 999 1189 1066 abelleno
1204 1002 1326 1067 secche
1342 1001 1378 1066 in
1394 1019 1474 1085 pars
1490 1004 1600 1088 ipsius
1614 1007 1756 1075 ecclesie
1771 1006 1860 1086 deat,
1879 1008 2001 1093 etipse
2017 1011 2085 1079 alle
2222 1097 2226 1105 Ι

226 1158 291 1226 due
308 1155 473 1224 sortionis
489 1154 554 1220 sibi
577 1155 689 1230 abere,
709 1154 744 1219 et
758 1151 801 1218 de
816 1152 891 1237 ipso
908 1152 994 1217 aliut
1008 1149 1065 1234 qui
1083 1149 1183 1216 modo
1207 1151 1259 1219 est
1275 1152 1520 1219 abellanietum
1538 1153 1679 1232 sactum,
1698 1154 1920 1248 deatexinde
1942 1161 1979 1225 in
2001 1177 2084 1262 pars

230 1309 338 1394 ipsius
356 1271 501 1373 ecclesie
518 1305 738 1372 medietatem
755 1305 798 1370 de
815 1303 888 1386 ipse
904 1303 1061 1368 abelleno
1079 1303 1200 1368 secche
1216 1303 1251 1368 et
1265 1300 1341 1386 ipsa
1357 1304 1428 1369 alia
1443 1301 1661 1372 medietatem
1677 1307 1741 1372 sibi
1758 1309 1871 1376 abere.
1890 1313 1924 1374 et
1939 1309 1969 1376 si
1986 1310 2086 1377 sorsi-

230 1463 309 1526 taus
324 1459 384 1526 ille
400 1459 454 1526 vel
471 1459 545 1526 eius
562 1458 707 1526 heredes
723 1456 766 1524 de
784 1475 824 1524 ac
840 1458 936 1522 terra
951 1455 1166 1524 salernitana
1181 1455 1315 1547 exierit
1326 1457 1361 1522 et
1382 1455 1488 1522 aliubi
1513 1456 1556 1522 ad
1579 1457 1779 1525 abitaudum
1802 1462 2010 1544 perrexerit,
2029 1463 2086 1526 tuo

229 1611 302 1676 161(
317 1607 519 1694 supradicta
534 1612 635 1675 rebus
653 1607 840 1692 perveniad
859 1605 902 1672 ((1
919 1607 1123 1690 potestatem
1141 1606 1249 1689 ipsius
1266 1607 1428 1692 ecclesie3
1445 1607 1523 1674 etsi
1540 1607 1632 1674 infra
1646 1610 1757 1676 tribus
1774 1611 1858 1676 (11111
1875 1611 1910 1676 in
1926 1629 1966 1676 ac
1989 1615 2086 1678 terra

227 1761 360 1828 rebersi
377 1760 507 1827 luerint
523 1757 567 1826 ad
583 1757 796 1836 abitandum,
814 1760 872 1822 tuc
889 1757 968 1840 ipsa
984 1757 1088 1822 rebus
1112 1757 1270 1823 robertar
1293 1756 1335 1824 ad
1359 1775 1475 1826 eorum
1499 1760 1668 1843 potestate
1691 1758 1734 1826 ad
1759 1760 1926 1829 abendam
1949 1780 2086 1846 semper

226 1909 263 1976 in
279 1910 438 1995 predicta
461 1909 608 1976 ratione.
627 1911 662 1974 et
683 1909 713 1974 si
737 1909 812 1993 ipse
836 1907 1031 1991 guirardus
1055 1910 1185 1976 eteius
1207 1909 1363 1988 heredes,
1392 1929 1501 1994 aquo
1524 1911 1674 1979 noluerit
1696 1912 1771 1996 ipsa
1794 1914 1894 1980 rebus
1917 1915 2035 1981 1611616
2050 1919 2085 1982 61

227 2065 399 2138 laborare,
425 2064 601 2130 licentiam
626 2065 729 2130 abeat
751 2063 832 2132 inde
854 2063 953 2130 exire
977 2081 1055 2129 cum
1080 2064 1191 2130 omnis
1214 2081 1277 2130 sua
1300 2081 1484 2148 causaque
1507 2065 1555 2130 ibi
1579 2067 1726 2143 abuerit,
1746 2067 1780 2132 et
1796 2067 1936 2148 portare
1952 2083 2010 2134 eos
2027 2066 2084 2133 obi

231 2215 379 2282 boloerit
403 2217 478 2284 sine
502 2216 745 2298 cuiuscumque
769 2215 1029 2293 contrarietate,
1047 2217 1081 2278 et
1104 2215 1174 2280 tota
1191 2214 1390 2298 supradicta
1404 2211 1506 2283 rebus
1522 2217 1680 2282 rebertar
1697 2215 1741 2280 ((1
1757 2218 1963 2300 potestatem
1980 2217 2085 2301 ipsius

226 2367 382 2434 ecclesie.
408 2365 503 2436 Unde
525 2384 590 2450 pro
613 2367 730 2432 taliter
753 2365 884 2449 guadia
908 2365 1007 2431 nobis
1031 2365 1107 2450 ipse
1130 2315 1323 2449 guirardus
1347 2365 1440 2433 dedit
1463 2368 1498 2432 et
1520 2365 1746 2432 mediatorem
1770 2367 1857 2433 mihi
1887 2369 2002 2451 posuit
2032 2370 2086 2435 leo

231 2520 431 2586 atrianeose
455 2519 546 2584 filius
569 2519 663 2605 boni3
682 2521 715 2585 et
738 2537 801 2618 per
824 2519 902 2603 ipsa
925 2518 1055 2602 guadia
1077 2519 1272 2602 hobligabit
1294 2536 1330 2586 se
1353 2521 1387 2585 et
1409 2535 1489 2585 suos
1512 2520 1667 2596 heredes,
1687 2521 1723 2584 ut
1746 2519 1775 2584 si
1792 2519 1927 2602 aliquit,
1946 2519 1988 2586 de
2002 2538 2085 2603 quo-

228 2671 330 2738 modo
355 2672 512 2755 superius
534 2672 679 2756 legitur,
698 2673 866 2756 quesierit
888 2674 1066 2740 remobere
1082 2675 1142 2739 aul
1156 2675 1317 2739 contrare
1333 2675 1368 2742 et
1382 2674 1465 2740 talia
1480 2691 1549 2740 non
1565 2671 1820 2758 adimpleverit,
1839 2674 1919 2738 tunc
1935 2691 1997 2756 per
2013 2673 2088 2757 ipsa

230 2824 363 2908 guadia
385 2826 577 2910 hobligabit
600 2845 637 2895 se
660 2831 695 2893 et
717 2846 797 2894 suos
821 2827 966 2896 heredes
990 2844 1196 2911 componere
1219 2826 1262 2892 ad
1286 2845 1370 2910 pars
1393 2827 1503 2910 ipsius
1525 2826 1664 2895 ecclesie
1687 2819 1837 2911 triginta
1860 2825 1935 2894 auri
1966 2825 2093 2894 solidos

111 3014 113 3019 ·
228 2981 479 3047 constantinos.
499 2983 533 3046 et
549 2981 643 3046 hunc
658 2981 796 3046 brebem
814 2979 938 3063 scripsi
955 2996 1021 3062 ego
1036 2977 1262 3062 aghenardus
1276 2979 1432 3045 notarius
1451 2978 1510 3062 qui
1526 2978 1680 3045 interfui.

284 3103 396 3216 †ego
412 3131 593 3232 mirandus
610 3133 765 3216 notarius
780 3151 835 3198 me
850 3133 1039 3216 subscripsi
1573 3081 1581 3097 ·

283 3255 313 3368 †
329 3302 396 3368 ego
412 3284 553 3352 ioannes

283 3405 313 3516 †
328 3452 395 3518 ego
411 3454 512 3503 ursus
527 3455 581 3503 me
596 3436 796 3522 subscripsi.

1019 3937 1289 4016 CCCXLI.

1015 4185 1070 4256 A.
1108 4182 1158 4257 D.
1198 4177 1302 4258 982.

288 4439 375 4576 †ln
401 4493 542 4558 nomine
565 4490 694 4558 domini
719 4490 834 4576 primo
856 4509 948 4558 (11116
970 4491 1188 4575 principatus
1211 4489 1329 4556 domni
1352 4490 1462 4559 nostri
1494 4489 1652 4556 mansoni
1682 4487 1827 4572 gloriosi
1851 4485 2020 4571 principis
2050 4491 2085 4554 et
2178 4521 2180 4524 ·

232 4645 348 4712 domni
371 4647 513 4713 iohanni
537 4647 601 4713 lilii
625 4650 700 4714 eius
730 4646 875 4730 gloriosi
899 4646 1082 4730 principis,
1108 4664 1227 4713 mense
1249 4645 1385 4730 magius
1414 4644 1549 4712 decima
1577 4641 1777 4710 indictione.
1804 4641 2084 4708 memoratorium
2145 4719 2150 4726 .

235 4797 363 4862 lactum
387 4813 408 4862 a
430 4815 485 4863 me
508 4797 698 4881 guinardus
721 4798 810 4864 liber
833 4799 948 4874 homo,
968 4812 1008 4863 eo
1031 4795 1119 4880 quod
1141 4797 1222 4862 ante
1244 4794 1429 4880 supscripti
1456 4795 1558 4862 testes
1574 4795 1742 4877 perbona
1758 4791 2007 4858 combenientia
2023 4809 2088 4874 per

232 4949 417 5034 largietate
441 4953 475 5017 et
497 4949 710 5018 absolutione
732 4948 775 5018 de
798 4948 943 5018 heredes
966 4949 1084 5016 domni
1107 4949 1259 5033 gualleri
1281 4949 1476 5034 principis,
1503 4949 1562 5033 qui
1586 4950 1668 5015 sunt
1695 4946 1913 5012 dominorum
1942 4945 2086 5012 ecclesie

232 5091 340 5168 sancti
364 5101 526 5178 maximi,
545 5103 604 5186 qui
628 5100 824 5169 edificatum
846 5104 898 5170 est
923 5104 1015 5168 intus
1038 5103 1129 5168 hanc
1153 5100 1402 5168 salernitanam
1426 5099 1616 5177 cibitatem,
1641 5097 1785 5165 tradidit
1808 5097 1894 5162 mihi
1918 5061 2087 5162 martinus

232 5251 361 5319 domini
387 5253 628 5321 misericordia
651 5257 758 5323 abbas
781 5255 936 5341 predicte
959 5255 1102 5323 ecclesie
1124 5257 1221 5322 terra
1243 5273 1321 5322 cum
1345 5253 1590 5322 abellanietum
1615 5255 1649 5318 et
1671 5253 1816 5317 bacuum
1837 5267 1907 5315 uno
1922 5250 2084 5328 teniente,

233 5404 319 5488 quod
336 5424 418 5490 pars
434 5407 543 5490 ipsius
559 5408 701 5476 ecclesie
716 5409 796 5476 abet
812 5407 848 5475 in
864 5411 975 5476 locum
994 5408 1192 5488 flumicello,
1210 5408 1267 5474 ubi
1285 5407 1428 5493 proprio
1443 5408 1625 5473 bolaczano
1639 5403 1780 5470 bocatur
1795 5401 1921 5468 linibus
1934 5396 1959 5489 ¹)
1982 5399 2087 5488 (deest

234 5557 365 5644 11611166)
389 5575 453 5642 per
478 5575 518 5623 ec
541 5557 621 5624 fluis
644 5559 678 5624 et
702 5558 888 5625 mensuria.
909 5576 931 5625 a
954 5576 1038 5643 pars
1062 5557 1252 5625 occidentis
1273 5558 1343 5624 11116
1366 5557 1424 5623 bia
1445 5556 1542 5632 caba,
1561 5556 1641 5622 sunt
1662 5551 1787 5621 exinde
1810 5569 1928 5637 passos
1943 5551 2089 5636 quadra

291 5869 313 5949 ¹)
335 5883 449 5938 Finibus
471 5877 666 5938 salernitanis.

444 5993 506 6037 'lon-
520 5993 551 6038 ll.
671 6015 675 6022 ·
