5216 7092
1024 600 1400 676 DIPLOMATICUS
2032 613 2095 675 209

287 845 511 930 apartibus,
537 844 592 912 cui
616 861 680 928 per
702 862 767 911 nos
789 843 866 911 illut
888 845 943 912 vel
966 841 1092 911 exinde
1114 843 1235 912 datum
1258 846 1320 912 aut
1341 845 1534 932 obligatum
1557 845 1733 931 paruerit,
1758 847 1813 913 uel
1836 845 1896 931 qui
1922 862 1988 930 pro
2014 844 2143 912 nostris
2227 873 2230 878 ·

288 995 447 1081 partibus
470 995 569 1063 robis
591 993 717 1064 exinde
739 995 896 1063 emiserit
918 993 1155 1082 quodcumque
1177 997 1402 1066 causationes.
1429 998 1460 1064 si
1482 999 1622 1076 autem,
1649 995 1737 1065 sicut
1768 995 1898 1064 dictum
1928 997 2001 1074 est,
2026 995 2144 1065 taliter

284 1150 367 1216 illut
390 1149 487 1217 vobis
510 1165 581 1217 non
604 1146 921 1228 detensaberimus‚
949 1150 1010 1216 aut
1030 1148 1060 1221 si
1082 1165 1147 1216 nos
1169 1148 1363 1235 nostrisque
1390 1147 1548 1218 eredibus
1581 1147 1896 1235 quomodocumque
1928 1167 1992 1234 per
2026 1149 2144 1234 quale·

283 1319 433 1386 cumque
455 1301 594 1369 ratione
616 1301 846 1387 quesierimus
869 1302 946 1369 illut
961 1303 1016 1370 vel
1031 1301 1158 1371 exinde
1179 1301 1277 1370 vobis
1300 1303 1492 1388 vestrisque
1508 1301 1668 1372 eredibus
1683 1304 1802 1371 tollere
1818 1304 1879 1369 aut
1900 1305 2070 1381 contrare,
2089 1302 2141 1372 vel

282 1452 419 1538 aliquas
441 1453 659 1522 causationes
682 1455 779 1522 vobis
795 1453 929 1523 exinde
951 1455 1243 1540 proposuerimus,
1268 1457 1325 1523 tue
1348 1456 1501 1540 primum
1526 1456 1680 1522 omnium
1703 1455 1837 1540 questio
1860 1457 1895 1522 et
1910 1456 2065 1524 causatio
2080 1473 2143 1523 no-

280 1608 355 1675 stra
377 1605 489 1672 modis
511 1606 670 1676 omnibus
692 1606 737 1675 sit
759 1605 886 1674 exinde
902 1606 1009 1674 tacita
1025 1609 1060 1673 et
1075 1607 1197 1684 bacua,
1216 1605 1308 1675 etad
1327 1607 1575 1692 compositione
1590 1606 1721 1674 siamus
1736 1622 1800 1674 nos
1814 1607 2011 1690 nostrisque
2025 1605 2143 1673 eredi-

281 1759 346 1825 bus
369 1757 513 1843 obligati
538 1756 581 1824 ad
606 1757 880 1843 componendum
897 1759 994 1825 vobis
1018 1759 1209 1844 vestrisque
1231 1757 1392 1827 eredibus
1415 1761 1553 1826 centum
1577 1757 1706 1826 solidos
1721 1758 1969 1838 constantines,
1986 1761 2032 1838 et,
2052 1759 2141 1826 sicut

279 1908 413 1977 dictum
427 1914 491 1988 est,
510 1927 574 1996 per
599 1911 718 1979 inbitis
734 1912 813 1978 illut
834 1911 931 1979 vobis
954 1911 1190 1998 defensemus;
1215 1911 1258 1980 de
1281 1911 1343 1980 alii
1366 1929 1448 1980 vero
1472 1912 1670 1979 hominibus
1685 1913 1864 1980 licentiam
1880 1915 1914 1979 et
1936 1913 2141 1997 potestatem

282 2060 430 2138 abeatis,
457 2077 534 2126 cum
557 2061 660 2144 quale
682 2059 859 2127 monimen
882 2061 1108 2129 strationem
1133 2059 1213 2128 inde
1236 2061 1341 2129 abere
1364 2063 1559 2147 potueritis,
1578 2063 1653 2131 bice
1674 2063 1796 2129 nostra
1818 2061 1855 2127 in
1868 2061 2036 2128 'omnibus
2058 2060 2140 2128 inde

280 2229 421 2279 causare
437 2214 472 2282 et
487 2211 593 2279 finem
609 2213 734 2290 tacere,
751 2215 787 2279 et
802 2229 859 2281 eos
875 2211 969 2279 robis
984 2211 1176 2280 defensare.
1195 2214 1231 2280 et
1245 2213 1308 2280 tibi
1323 2213 1431 2279 totoni
1446 2214 1583 2280 notario
1600 2213 1752 2280 scribere
1768 2213 1998 2298 precepimus.
2026 2214 2140 2279 actum

280 2381 383 2432 sacro
400 2367 519 2459 nostro
541 2364 683 2450 palatio.
703 2383 770 2450 ego
793 2365 1015 2434 sichenolfus.
1043 2382 1110 2450 ego
1133 2368 1264 2451 petrus.
1282 2384 1349 2450 ego
1372 2365 1517 2434 adelferi
1542 2384 1597 2433 me
1612 2365 1812 2451 subscripsi.
1831 2384 1898 2451 ego
1913 2355 2138 2434 madalfreda.

280 2515 364 2589 alia:
385 2515 422 2582 in
445 2515 584 2582 nomine
606 2516 739 2584 domini
763 2515 1031 2602 quadragesimo
1054 2516 1206 2586 secundo
1228 2535 1321 2585 anno
1345 2518 1563 2602 principatus
1584 2501 1703 2584 domni
1725 2518 1834 2586 nostri
1858 2518 1973 2602 gisolfi
1997 2519 2141 2602 gloriosi

279 2668 464 2752 principis,
490 2687 607 2738 mense
629 2670 747 2738 iunius
770 2669 920 2738 secunda
943 2669 1145 2737 indictione.
1163 2689 1230 2756 ego
1252 2671 1412 2755 superius
1427 2670 1538 2740 dictus
1553 2669 1700 2755 gisolfus
1715 2669 1835 2738 dibina
1850 2671 2057 2755 protegente
2073 2670 2141 2736 oie-

281 2821 415 2888 mentia
439 2821 614 2906 princeps,
640 2822 727 2888 sicut
749 2821 836 2888 mibi
861 2837 1054 2906 congruum
1078 2825 1142 2899 est,
1168 2839 1232 2906 pro
1255 2836 1411 2906 mangua
1433 2820 1602 2888 fidelitate
1628 2823 1663 2890 et
1686 2822 1817 2908 optimo
1840 2820 2032 2908 serbitio⁴)‚
2052 2817 2138 2906 quod

186 3020 189 3024 -
281 2975 320 3038 tu
344 2974 517 3058 guaimari
540 2974 633 3042 filius
656 2976 805 3060 guaiferi
830 2979 865 3044 et
888 2975 1035 3060 guaiferi
1058 2975 1151 3044 fllius
1175 2975 1346 3060 guaimari
1369 2979 1514 3060 nepotes
1532 2975 1599 3043 mei
1616 2974 1703 3042 mihi
1719 2975 1861 3054 fecistis,
1880 2975 2064 3059 propterea
2079 2991 2141 3058 per

280 3143 347 3193 ano
370 3130 539 3195 cartulam
563 3128 654 3195 dono
676 3129 787 3215 adque
810 3129 853 3197 ad
877 3149 1014 3216 semper
1030 3129 1202 3198 abendum
1218 3129 1366 3198 concedo
1389 3131 1424 3198 et
1447 3130 1613 3198 confirmo
1631 3130 1727 3196 robis
1749 3128 1965 3213 aliquantum
1981 3126 2143 3194 derebus

281 3281 415 3358 nostra,
440 3298 543 3364 quam
568 3281 709 3350 abemus
733 3283 824 3350 ulter
847 3281 951 3349 dubio
975 3283 1133 3351 tusciano
1157 3301 1220 3369 per
1242 3299 1281 3350 as
1303 3283 1403 3350 fines:
1429 3282 1474 3349 ab
1496 3280 1640 3349 orientis
1662 3281 1732 3348 tine
1756 3281 1846 3348 sicut
1860 3279 2016 3348 decurrit
2037 3296 2138 3363 aqua,

279 3449 351 3516 que
375 3430 504 3500 dicitur
526 3431 744 3518 pedocclosa:
770 3437 814 3502 ab
836 3434 1013 3504 occidente
1036 3437 1106 3504 fine
1129 3436 1188 3503 bia
1211 3455 1277 3522 que
1299 3434 1479 3502 descendit
1501 3432 1546 3501 ad
1569 3451 1678 3516 mare:
1698 3431 2028 3518 aseptemtrionalis
2049 3449 2146 3498 nam-

278 3601 346 3669 que
369 3583 443 3650 fine'
462 3585 520 3652 bia
543 3605 610 3670 que
633 3586 730 3655 venit
752 3605 773 3652 a
796 3590 902 3672 ponte
924 3587 1073 3672 predicti
1097 3587 1275 3666 fluminis,
1301 3587 1361 3653 ubi
1384 3573 1576 3655 residentes
1602 3584 1668 3652 suit
1695 3582 1835 3668 quidam
1870 3583 1971 3651 strati
2007 3583 2144 3650 serbum
2173 3563 2175 3569 ’

279 3738 401 3806 noster
424 3739 459 3804 et
481 3755 607 3823 quomo
630 3739 804 3808 trabersat
825 3737 981 3824 predicta
1003 3738 1200 3824 pedoclosa:
1225 3757 1247 3806 a
1269 3737 1416 3806 meridie
1437 3755 1519 3805 vero
1543 3737 1613 3804 fine
1635 3735 1705 3814 bia,
1723 3753 1790 3820 que
1814 3733 1911 3801 badit
1925 3734 2018 3800 circa
2034 3751 2142 3800 mare.

280 3906 322 3955 ee
344 3907 426 3955 vero
449 3890 554 3958 rebus
587 3908 650 3975 per
682 3891 882 3976 supradicte
916 3891 990 3958 tina
1024 3894 1135 3960 totum
1160 3896 1195 3958 et
1218 3891 1358 3976 integra
1381 3908 1458 3957 cum
1482 3890 1559 3956 bice
1581 3888 1624 3956 de
1650 3887 1716 3954 biis
1742 3887 1815 3954 suis
1845 3887 1879 3953 et
1908 3902 1985 3951 cum
2021 3884 2140 3952 omnia

280 4042 375 4109 inira
396 4061 433 4110 se
456 4044 639 4112 abentibus
661 4046 697 4111 et
718 4043 791 4112 suis
813 4044 1036 4130 pertinentiis
1058 4044 1265 4111 trasaotihus
1289 4046 1323 4110 et
1346 4061 1368 4110 a
1402 4040 1556 4109 funditus
1587 4041 1666 4108 illut
1696 4037 1789 4105 vobis
1819 4036 2009 4104 nominatis
2042 4036 2145 4120 guai-

277 4195 369 4262 mari
393 4199 428 4262 et
451 4196 599 4280 guaiferi
622 4196 772 4276 donabi,
799 4197 888 4266 unde
910 4199 1042 4266 nullam
1067 4196 1155 4263 mibi
1179 4199 1238 4263 aut
1260 4195 1363 4262 uxori
1388 4211 1480 4273 mee,
1514 4195 1570 4261 vel
1602 4192 1763 4276 cuiquam
1786 4189 1996 4267 hominibus,
2022 4189 2140 4256 autin

279 4349 404 4432 quabis
419 4351 577 4434 partibus
592 4349 719 4419 exinde
737 4349 863 4420 restitit
878 4354 940 4418 aut
956 4349 1103 4416 dicimus
1126 4367 1306 4418 remanere
1329 4347 1520 4426 sortiones‚
1539 4349 1591 4414 set
1613 4344 1769 4413 inolitum
1784 4395 1793 4423 ‚
1811 4341 1959 4428 qualiter
1982 4342 2142 4426 superius

281 4499 413 4568 dictum
431 4505 495 4582 ost,
513 4503 610 4573 vobis
625 4505 857 4574 concessimus
873 4507 907 4572 et
922 4505 1206 4572 confirmabimus
1222 4504 1264 4570 ad
1283 4501 1452 4570 securiter
1467 4504 1503 4569 et
1517 4500 1664 4568 firmiter
1679 4501 1756 4584 post
1773 4517 1884 4570 meum
1902 4495 2056 4563 obbitum
2081 4513 2143 4562 vos

279 4655 316 4722 et
333 4655 459 4755 vestris¹
471 4653 630 4724 eredibus
645 4657 803 4725 inclitum
822 4659 902 4725 illut
916 4656 1099 4736 abendum‚
1119 4655 1375 4742 possidendum,
1394 4653 1650 4731 dominandum,
1669 4654 1704 4719 et
1719 4651 1838 4718 omnia
1860 4648 1987 4717 exinde
2011 4648 2141 4716 sacien-

278 4804 362 4872 dum
378 4807 466 4892 quod
484 4808 676 4888 volueritis,
694 4811 824 4896 absquo
839 4809 933 4877 omni
950 4810 1197 4876 contrarietate
1212 4809 1267 4875 vel
1282 4805 1509 4893 requisitione
1525 4803 1566 4873 de
1581 4803 1668 4872 meis
1684 4801 1879 4881 heredibus
1894 4819 1955 4870 seu
1971 4801 2014 4867 de
2031 4800 2139 4885 parti·

276 4959 341 5023 bus
356 4959 478 5026 uxoris
493 4977 569 5028 mee
586 4965 648 5028 aut
663 4960 908 5047 cuiuscumque
924 4961 1132 5028 hominibus.
1151 4959 1242 5027 unde
1256 4976 1321 5044 pro
1337 4955 1608 5025 confirmandam
1631 4957 1666 5022 et
1689 4952 1970 5022 stabiliscendam
1995 4968 2037 5017 ac
2060 4967 2138 5018 mea

274 5107 467 5176 donatione
481 5127 585 5194 super
601 5110 712 5195 ipsam
729 5110 895 5196 optimam
912 5113 1063 5178 vestram
1080 5108 1293 5188 fidelitatem,
1310 5112 1346 5176 et
1363 5107 1518 5174 maxima
1532 5105 1685 5184 serbitia‚
1700 5105 1790 5172 iusta
1806 5105 1918 5187 legem
1935 5099 2103 5184 launegilt
2117 5117 2138 5166 a

280 5279 345 5328 vos
360 5260 488 5331 exinde
502 5265 697 5349 recepimus
713 5264 928 5332 maniciones
945 5265 1044 5350 pario
1064 5284 1184 5333 unum.
1202 5263 1368 5348 finitoque
1389 5263 1510 5330 nostra
1532 5259 1715 5328 donatione
1738 5277 1800 5343 per
1823 5255 2039 5340 subsceptum
2065 5254 2140 5320 lau·
2250 5237 2253 5242 ’

277 5498 710 5510 —--.—....-—-...-.

336 5644 359 5714 ⁴)
375 5641 427 5699 Per
440 5643 513 5700 haec
527 5645 616 5702 verba
628 5643 758 5701 Gisulius
772 5659 934 5700 memorare
948 5643 1063 5701 videtur
1076 5644 1258 5717 quorundam
1273 5644 1433 5702 factionum
1447 5650 1555 5711 motus,
1569 5639 1675 5713 quibus
1686 5653 1702 5694 e
1713 5616 1898 5694 Salernitana
1912 5633 1987 5690 solio
2002 5632 2134 5689 deiectus

277 5771 388 5828 fuerat.
404 5770 660 5846 superuacaneum
674 5771 809 5829 ducimus
823 5771 871 5828 hic
885 5779 1028 5845 repetere,
1045 5789 1119 5846 quae
1135 5774 1192 5829 ism
1207 5773 1237 5828 in
1252 5772 1433 5831 Praefatione
1448 5769 1652 5828 adnotavimus
1665 5769 1701 5826 de
1715 5765 1816 5826 Gisulti
1837 5763 2004 5837 captivitate
2026 5762 2055 5817 in
2077 5777 2134 5834 qua
2236 5765 2238 5770 '

276 5895 445 5953 detinuerat
458 5895 618 5953 Landolius
634 5895 697 5953 eius
711 5912 816 5969 napos,
832 5895 882 5969 qui
896 5896 1010 5954 Salerni
1026 5895 1188 5968 Principatu
1203 5897 1313 5970 potitus
1328 5903 1399 5955 erat.

489 6013 553 6058 Τοι.
567 6010 599 6056 u.
1978 6011 2008 6056 at
