5216 7092
980 593 1354 668 orrlourrrcos
1596 677 1602 684 ,
1986 607 2048 670 aas

239 856 372 940 scripta
393 849 559 938 quesierit
584 846 761 916 remobere
784 842 845 910 aut
867 840 1031 908 contrare
1051 839 1086 906 et
1107 835 1193 904 talia
1215 853 1286 904 non
1308 833 1550 921 adimpleberit
1565 835 1603 902 in
1618 852 1699 920 pars
1714 835 1823 922 ipsius
1838 837 1992 916 ecclesie,
2010 839 2094 906 tunc

238 1025 306 1094 per
330 1007 406 1090 ipsa
430 999 558 1088 guadia
582 1011 789 1082 componere
811 991 981 1077 obligabit
1002 1008 1040 1060 se
1062 1007 1207 1076 suosque
1228 987 1348 1058 eredes
1370 988 1458 1055 mihi
1482 990 1535 1058 vel
1558 988 1596 1056 in
1622 1006 1705 1074 pars
1734 989 1844 1075 ipsius
1877 989 2020 1060 ecclesie
2041 990 2094 1058 vi·

237 1156 332 1244 giuti
356 1153 435 1223 auri
457 1150 585 1220 solidos
607 1145 830 1226 obstantium,
848 1147 883 1214 et
898 1143 1060 1231 apposuit
1081 1142 1181 1210 nobis
1196 1139 1241 1209 ad
1258 1138 1515 1226 pignerandum
1538 1139 1651 1208 omnis
1673 1141 1824 1226 pignera
1846 1159 1919 1220 sua,
1933 1141 2022 1227 quod
2045 1143 2093 1210 le-

238 1253 366 1393 gitimo
388 1309 423 1375 et
446 1303 642 1391 inlegitimo
665 1303 755 1369 abet.
782 1298 870 1386 quod
893 1298 1019 1383 scripsi
1043 1314 1111 1381 ego
1133 1293 1321 1364 radoaldus
1343 1293 1510 1362 notarius.

296 1433 415 1544 †ego
438 1455 546 1541 guido
629 1531 633 1540 .

298 1582 329 1696 †
351 1626 419 1696 ego
441 1607 613 1693 guaimari

300 1732 420 1845 †ego
441 1756 637 1828 teudericus
659 1774 715 1824 me
737 1754 936 1840 subscripsi.

963 2254 1367 2338 CCCLXXXII.

1023 2501 1078 2576 A.
1115 2493 1307 2596 noso.

304 2764 393 2899 †In
407 2811 549 2880 nomine
564 2809 694 2877 domini
710 2807 815 2878 tertio
831 2825 925 2876 anno
940 2799 1157 2892 principatus
1173 2805 1292 2872 domni
1308 2806 1417 2874 nostri
1434 2805 1577 2873 iohanni
1593 2808 1627 2875 et
1642 2805 1761 2874 domni
1775 2805 1920 2892 guidoni
1936 2809 2008 2877 eius
2023 2810 2095 2877 filio

177 3019 180 3024 .
240 2965 389 3050 gloriosi
417 2963 647 3048 principibus,
666 2980 784 3030 mense
810 2959 992 3036 ianuarius
1019 2957 1278 3044 quartadecima
1304 2957 1500 3028 indictione.
1520 2959 1800 3026 Memoratorium
1829 2961 1921 3028 sactu
1948 2964 2094 3032 anobis

239 3117 418 3202 iaquintus
433 3117 525 3184 filius
541 3115 687 3184 moscini
703 3117 739 3183 et
754 3115 845 3183 mari
862 3116 896 3181 et
911 3113 1086 3198 iaquintus
1101 3109 1261 3196 germani
1276 3111 1340 3179 filii
1356 3111 1528 3197 quondam
1545 3112 1741 3192 domnandi,
1759 3115 1819 3199 qui
1835 3133 1953 3182 sumus
1971 3117 2045 3182 thio
2061 3119 2096 3184 et

240 3273 395 3356 nepotes,
410 3288 451 3338 eo
466 3270 555 3358 quod
573 3273 654 3338 ante
669 3269 814 3352 ydoneis
829 3266 1028 3335 hominibus
1044 3267 1127 3333 saba
1141 3267 1311 3350 presbiter
1328 3267 1363 3333 et
1377 3268 1481 3335 abbas
1496 3269 1529 3335 et
1545 3284 1659 3335 cosma
1674 3266 1856 3352 presbiter,
1874 3269 1932 3353 qui
1950 3268 2089 3336 luerunt

239 3423 350 3489 natibi
366 3442 410 3492 ex
427 3441 555 3507 genere
571 3437 767 3506 grecorum,
786 3418 958 3487 dederunt
979 3417 1017 3484 in
1040 3418 1186 3484 ecclesia
1211 3419 1414 3485 bocabulum
1439 3419 1550 3485 sancti
1575 3418 1717 3485 iohanni
1740 3419 1951 3503 pertinentes
1976 3421 2086 3512 nobis,

236 3549 339 3658 ciuem
356 3574 554 3642 dedicatum
569 3576 709 3642 abemus
725 3574 763 3641 in
778 3574 879 3640 rebus
894 3575 1016 3640 nostra
1032 3572 1074 3640 de
1091 3573 1203 3639 locum
1219 3571 1328 3638 beteri
1346 3571 1437 3638 ulter
1454 3573 1489 3638 et
1504 3571 1725 3640 coniunctum
1740 3572 1782 3639 ad
1801 3573 1905 3640 dubio
1928 3576 1987 3659 qui
2011 3575 2096 3642 dici·

242 3729 303 3792 tur
318 3727 457 3804 boneia,
477 3727 567 3794 idest
582 3727 708 3794 omelia
723 3725 925 3810 gregoriale
941 3743 1059 3802 unam,
1078 3723 1212 3792 codices
1228 3723 1271 3790 de
1286 3723 1454 3808 quadtuor
1470 3723 1678 3808 evvangelia
1693 3743 1773 3804 una,
1792 3726 2096 3811 interpetationem
2152 3785 2156 3796 .

237 3877 437 3961 euvangelii
452 3895 572 3956 unum,
588 3875 675 3945 liber
691 3877 808 3943 comiti
820 3879 903 3956 tres,
919 3876 1139 3944 antesanario
1149 3893 1229 3954 uno,
1246 3877 1279 3942 et
1292 3892 1360 3941 uno
1375 3876 1480 3942 alium
1497 3876 1660 3953 codicem,
1675 3878 1710 3946 et
1720 3879 1835 3945 actum
1848 3879 2095 3963 apostolorum,

239 4027 512 4097 sacramentario
526 4046 645 4106 unum,
665 4029 775 4094 totum
791 4027 939 4112 scriptos
955 4027 1116 4094 manibus
1132 4045 1175 4094 ex
1193 4045 1321 4110 genere
1344 4043 1540 4110 grecorum,
1559 4025 1685 4094 calices
1707 4025 1787 4106 duc,
1806 4031 1952 4112 patenas
1974 4045 2092 4108 unam,

236 4178 391 4245 turibulo
415 4179 815 4264 costantinopolitanum,
839 4178 981 4264 planeta
1003 4179 1113 4244 serica
1137 4195 1218 4255 una,
1245 4179 1382 4262 planeta
1405 4178 1501 4244 linea
1523 4197 1605 4272 una,
1630 4178 1815 4246 dalmatica
1837 4197 1954 4258 unam,
1980 4181 2096 4247 orario

236 4329 349 4398 serico
364 4349 445 4408 uno,
461 4329 579 4396 orario
591 4331 683 4398 lineo
695 4346 776 4408 uno,
792 4328 943 4398 sendone
957 4328 1071 4396 serica
1085 4346 1167 4406 una,
1182 4330 1216 4395 ct
1227 4328 1296 4396 alia
1307 4329 1460 4398 sendone
1471 4332 1583 4398 serica
1593 4333 1684 4405 alba,
1695 4333 1730 4400 et
1742 4349 1812 4398 una
1823 4331 1975 4400 sendone
1987 4333 2093 4413 linea,

235 4483 375 4552 cortina
390 4501 506 4561 unam,
522 4499 608 4550 cone
619 4483 820 4566 inpetanato
832 4479 859 4570 ¹)
871 4481 998 4560 docem,
1014 4480 1154 4550 candele
1169 4483 1515 4567 costantinopolitane
1527 4483 1645 4550 decem
1657 4501 1733 4550 cum
1745 4485 1924 4562 catenelle,
1939 4485 2097 4554 candela-

235 4634 293 4699 rio
308 4652 388 4714 uno,
407 4634 487 4700 bobi
503 4634 605 4718 pario
627 4651 708 4712 uno,
727 4651 830 4718 capre
846 4632 1054 4718 quindecim,
1073 4634 1217 4718 porcelli
1241 4637 1329 4712 octo,
1348 4633 1506 4701 caldaria
1521 4652 1604 4712 una,
1616 4634 1799 4703 ,caldarola
1822 4636 1958 4720 piczula
1970 4626 1997 4724 ²)
2013 4654 2093 4716 una,

237 4786 365 4852 catena
381 4803 469 4872 una;
487 4785 596 4851 totum
613 4785 698 4852 istut
713 4785 901 4852 trasactibe
917 4784 988 4854 illis
1003 4783 1174 4853 dederunt
1189 4785 1226 4851 in
1241 4785 1361 4853 eadem
1384 4786 1529 4854 ecclesia
1553 4785 1646 4851 omni
1670 4789 1828 4870 tempore
1851 4788 1929 4871 ipsa
1951 4787 2097 4855 ecclesia

238 4936 321 5002 illut
336 4935 521 5014 abendum,
540 4937 575 5002 ct
591 4935 707 5003 omnia
722 4954 803 5021 pars
818 4935 861 5002 de
884 4937 963 5022 ipsa
985 4937 1131 5005 ccclesia
1153 4936 1281 5004 exinde
1303 4936 1498 5004 laciendum
1522 4937 1611 5022 quod
1635 4939 1848 5017 volucritat
1870 4956 2006 5022 semper
2029 4939 2098 5006 illis

239 5086 352 5150 totum
367 5085 446 5151 illut
460 5085 498 5150 in
514 5087 591 5169 ipsa
605 5085 752 5153 ecclesia
769 5086 934 5155 antistare
949 5087 982 5153 et
997 5085 1176 5154 defensare
1191 5083 1235 5152 da
1250 5086 1362 5154 omnis
1382 5087 1515 5154 omines
1532 5085 1693 5172 omnique
1708 5087 1876 5172 partibus.
1895 5091 1929 5153 et
1945 5103 2008 5152 nos
2031 5105 2096 5170 pro

240 5236 357 5303 taliter
379 5234 567 5320 supradicti
596 5235 769 5321 iaquintus
792 5239 827 5304 et
850 5237 938 5302 mari
955 5237 990 5302 et
1012 5237 1188 5320 iaquintus
1211 5235 1420 5304 tradidimus
1443 5239 1583 5305 illorum
1607 5236 1728 5304 inclita
1749 5236 1828 5321 ipsa
1851 5235 1997 5303 ecclesia
2018 5253 2094 5302 cum

241 5389 380 5456 bineam
396 5391 430 5456 et
445 5389 557 5473 pomis
572 5390 607 5457 et
621 5389 771 5457 cetrario
782 5382 808 5477 ⁸)
821 5390 856 5458 et
867 5391 970 5458 rebus
985 5407 1170 5476 campense
1184 5388 1227 5459 de
1241 5389 1359 5459 eodem
1375 5391 1449 5458 loco
1463 5389 1693 5474 pertinentem
1706 5387 1749 5455 de
1760 5385 1880 5456 eadem
1892 5387 2047 5466 ecclesia,
2061 5389 2097 5455 et

301 5669 325 5741 ⁴)
346 5671 527 5743 Ινηρειαηαιο,
542 5687 600 5727 vox
613 5671 742 5746 uulgaris
757 5670 876 5744 eloquii,
894 5669 990 5727 italico
1003 5671 1166 5740 contacta,
1181 5667 1259 5724 valet
1273 5665 1454 5723 sandaracha
1474 5663 1592 5722 illinita.

300 5793 324 5866 ²)
348 5793 495 5850 daldcrolo
510 5797 634 5866 piccuto,
651 5793 763 5850 scilicet
782 5810 871 5867 parva
891 5795 1026 5850 caldaria.

299 5917 323 5989 ⁸)
346 5917 479 5988 deiratio,
502 5917 578 5974 idest
597 5916 741 5974 citrctum.

458 6028 520 6074 Tou.
533 6027 566 6072 ll.
