5252 7102
991 624 1365 698 blebbllltlcbs
1998 641 2060 700 249

252 871 388 936 amatus
403 869 495 936 filius
511 867 697 952 adalgrimi
714 866 884 935 dolorum
902 867 1047 933 nuceria
1064 869 1098 934 et
1113 885 1278 933 cennamo
1294 867 1465 951 presbiter
1480 871 1515 933 et
1537 869 1641 936 abbas
1663 870 1806 938 ecclesie
1828 871 1940 938 sancti
1962 871 2108 938 maximi

250 1022 294 1088 de
313 1023 408 1091 intus
424 1041 489 1090 auc
506 1025 752 1092 salernitanam
770 1021 958 1100 cibitatcm,
978 1039 1045 1088 una
1062 1040 1138 1087 cum
1157 1022 1233 1104 ipso
1248 1023 1371 1088 abbate
1387 1021 1522 1090 adesset
1538 1022 1734 1090 romoaldus
1751 1024 1808 1108 qui
1825 1027 1876 1090 est
1899 1024 1941 1090 de
1964 1023 2108 1090 dominii

253 1175 366 1261 ipsius
382 1176 537 1254 ecclesio,
555 1175 597 1242 ad
615 1174 810 1243 laciendum
827 1175 920 1242 inter
936 1192 972 1241 se
987 1174 1090 1242 finem
1106 1173 1149 1240 de
1165 1172 1297 1241 duobus
1313 1173 1409 1258 pecie
1425 1174 1466 1242 de
1481 1175 1584 1242 terris
1600 1173 1643 1242 de
1658 1175 1777 1242 eodem
1802 1179 1877 1242 loco
1893 1177 2034 1244 nuceria
2050 1176 2107 1242 ubi

251 1328 296 1394 ad
314 1331 458 1414 puteum
482 1330 623 1412 regente
646 1327 785 1404 dicitur,
805 1325 893 1411 quod
919 1343 1000 1409 pars
1022 1325 1131 1410 ipsius
1154 1327 1322 1395 hecclesie
1346 1326 1388 1392 ad
1413 1327 1665 1411 pastcuandum
1688 1327 1781 1394 dedit
1805 1328 1913 1411 ipsius
1936 1329 2056 1406 amati,
2075 1333 2109 1396 et

249 1480 327 1564 ipse
343 1483 478 1546 amatus
494 1497 570 1546 cum
587 1477 663 1563 ipso
678 1477 801 1544 abbate
816 1477 979 1556 causabit,
996 1480 1032 1544 ut
1047 1479 1237 1546 coutrassct
1258 1479 1290 1543 ei
1313 1479 1412 1542 ambo
1436 1479 1509 1562 ipsc
1532 1479 1628 1562 pecie
1650 1477 1693 1545 dc
1715 1479 1830 1557 terris,
1850 1483 1884 1545 et
1907 1481 1981 1563 ipse
2004 1481 2107 1548 abbas

246 1632 353 1712 dixit,
373 1637 411 1702 ut
427 1635 530 1700 rebus
547 1635 621 1716 ipsa
637 1633 668 1699 ei
686 1635 888 1709 contrasset,
907 1648 972 1716 pro
989 1631 1110 1714 quibus
1126 1631 1201 1715 ipse
1216 1633 1350 1698 amatus
1367 1633 1463 1700 illam
1479 1649 1549 1699 non
1565 1633 1770 1717 pastenabit,
1790 1633 1879 1704 sicut
1895 1633 1974 1699 inde
1998 1634 2109 1700 hobli·
2154 1639 2159 1646 '

250 1789 358 1870 gatus
374 1786 449 1863 suit,
468 1789 503 1852 et
518 1805 581 1870 per
597 1789 710 1870 legem
727 1784 853 1853 exinde
869 1803 1076 1870 componere
1093 1786 1211 1854 debuit
1235 1788 1307 1871 ipse
1330 1791 1462 1854 amatus
1484 1787 1525 1854 ad
1551 1807 1635 1872 pars
1660 1788 1766 1872 ipsius
1789 1788 1970 1866 hecclesic‚
1988 1790 2023 1854 et
2046 1807 2108 1872 ρον

249 1937 366 2019 ipsum
383 1939 518 2004 amatus
534 1940 708 2004 ostensum
726 1938 791 2004 suit
808 1957 914 2004 unum
933 1940 1071 2007 brebem
1089 1940 1324 2006 continentes:
1344 1939 1507 2006 vicesimo
1524 1958 1614 2006 nouo
1629 1957 1720 2008 anuo
1743 1941 1960 2024 principatus
1983 1940 2101 2008 domui

253 2085 374 2169 gisolfi
389 2087 573 2170 principis,
592 2107 709 2156 mense
726 2090 855 2173 aprelis
879 2089 999 2173 quinta
1023 2089 1223 2156 indictione.
1243 2092 1430 2174 gregorius
1455 2092 1623 2174 presbiter
1648 2095 1682 2157 et
1705 2093 1811 2158 abbas
1836 2091 1943 2175 ipsius
1966 2093 2109 2160 ecclesie

251 2239 364 2304 sancti
381 2239 522 2304 maximi
541 2239 723 2306 laborandi
740 2243 774 2306 et
790 2239 997 2324 pastenaudi
1025 2240 1147 2308 ordine
1174 2241 1319 2306 tradidit
1346 2242 1454 2325 ipsius
1480 2241 1584 2308 amati
1612 2242 1814 2326 amboipse
1840 2243 1938 2327 pecie
1965 2243 2006 2312 de
2034 2244 2110 2327 ipso

250 2396 395 2476 puteum
406 2395 602 2476 regentem.
622 2411 692 2460 una
708 2413 751 2460 ex
769 2395 828 2460 ille
844 2412 907 2478 per
923 2412 962 2460 as
979 2394 1071 2460 linis:
1087 2413 1108 2458 a
1124 2395 1267 2462 meridie
1283 2396 1364 2474 fine,
1382 2394 1551 2480 quomodo
1567 2394 1669 2461 flubio
1684 2394 1849 2462 discernit
1864 2415 1884 2460 a
1899 2397 1969 2462 fine
1992 2398 2111 2463 sancte

249 2545 365 2612 mario
380 2544 423 2610 de
439 2544 558 2611 eodem
576 2547 651 2610 loco
666 2547 820 2620 nuceria,
839 2543 920 2610 inde
936 2545 1029 2628 passi
1048 2545 1239 2630 quindecim
1256 2548 1290 2614 et
1306 2545 1477 2613 medium:
1499 2545 1543 2611 ab
1567 2544 1742 2612 occidente
1765 2546 1834 2611 fine
1857 2545 1966 2630 ipsius
1990 2547 2107 2624 amati,

253 2697 345 2762 sicut
359 2697 469 2792 limite
486 2697 519 2764 ct
534 2715 615 2781 sepe
630 2697 815 2763 discernit:
835 2715 856 2762 a
872 2715 955 2780 pars
971 2698 1226 2782 septemtrionis
1243 2699 1312 2764 fine
1329 2699 1431 2764 rebus
1444 2697 1553 2780 ipsius
1572 2696 1741 2763 hecclesie
1758 2699 1875 2763 sanctu
1894 2697 2013 2774 marie,
2024 2697 2112 2781 quod

254 2851 331 2932 ipso
347 2851 485 2916 amatus
500 2849 543 2914 ad
560 2847 810 2933 pastenandum
828 2851 862 2916 et
877 2846 1102 2915 laborandum
1116 2848 1271 2926 retinuit,
1286 2852 1320 2915 et
1332 2848 1501 2916 indcsunt
1514 2847 1604 2932 passi
1624 2847 1783 2914 tridecim
1808 2851 1842 2913 et
1865 2847 2015 2913 medium
2036 2867 2043 2910 :
2069 2849 2112 2912 ab

190 3048 193 3053 -
254 3004 403 3070 orientis
418 3003 579 3070 similiter
595 3003 662 3070 fine
679 3005 782 3069 rebus
797 3003 906 3086 ipsius
923 3002 1225 3069 hecclesic‘sancte
1241 3002 1352 3068 marie
1375 3002 1462 3085 quod
1486 3003 1562 3085 ipse
1577 3004 1715 3067 amatus
1731 3000 1774 3067 ad
1791 2999 2040 3085 pastenandum
2059 3016 2113 3066 re-

255 3160 375 3236 tinuit,
394 3161 429 3223 et
448 3157 526 3224 inde
541 3158 635 3241 passi
653 3156 888 3242 quadraginta
910 3158 997 3222 octo.
1016 3156 1093 3240 ipsa
1110 3157 1182 3222 alia
1198 3156 1297 3240 pecia
1312 3174 1374 3240 per
1390 3157 1455 3222 hec
1470 3155 1569 3221 linis:
1588 3174 1609 3220 a
1625 3153 1768 3223 meridie
1783 3155 1851 3222 fine
1867 3155 1975 3237 ipsius
1994 3155 2113 3230 amati,

256 3312 345 3378 sicut
356 3329 437 3393 sepe
449 3310 625 3389 discernit,
637 3313 718 3376 sunt
729 3311 810 3378 inde
825 3312 920 3394 passi
937 3310 1064 3393 biginti
1082 3310 1148 3376 duo
1161 3313 1194 3376 et
1207 3310 1366 3376 medium:
1381 3312 1424 3374 ab
1437 3308 1626 3375 occidentis
1641 3309 1711 3374 line
1725 3308 1782 3373 bia
1793 3307 1920 3373 antica:
1935 3307 2116 3389 ascptem-

254 3466 368 3532 trione
388 3465 457 3532 fine
473 3465 603 3542 sicaite,
623 3468 657 3532 et
674 3463 754 3530 inde
771 3465 865 3548 passi
882 3462 1048 3547 triginta:
1070 3465 1113 3529 ab
1130 3464 1260 3530 oriente
1275 3463 1344 3530 fine
1360 3463 1493 3547 prefate
1516 3461 1685 3528 hecclesie
1708 3461 1826 3527 sancte
1849 3460 1972 3528 marie.
1991 3460 2026 3524 et
2041 3455 2120 3524 iude

253 3617 349 3700 passi
366 3617 621 3702 quinquaginta
637 3615 815 3700 quadtuor.
835 3617 935 3680 ambo
954 3614 1190 3699 suprascripte
1207 3615 1303 3698 pecie
1326 3615 1368 3681 dc
1388 3613 1491 3680 terris
1508 3633 1570 3698 per
1582 3611 1779 3697 supradicte
1797 3611 1877 3677 linis
1893 3611 1928 3674 et
1944 3609 2119 3675 mensurio

254 3769 380 3834 liceret
396 3768 508 3852 ipsum
523 3768 657 3832 amatus
674 3767 708 3832 et
724 3766 798 3832 eius
814 3764 970 3840 heredes,
982 3763 1061 3831 dum
1078 3764 1148 3832 illis
1162 3765 1329 3842 solerent,
1341 3784 1400 3830 sue
1415 3764 1595 3848 potcstatis
1608 3769 1724 3830 tenere
1737 3765 1771 3828 et
1783 3763 1880 3828 fobea
1892 3763 1925 3826 et
1938 3762 2119 3828 omnissue

256 3919 402 3986 utilitati
415 3919 541 3986 ibidem
554 3909 680 3996 facere,
690 3921 725 3984 et
738 3935 844 4001 usque
858 3918 979 3983 nobem
994 3919 1076 3984 anui
1091 3919 1250 4002 completi
1265 3919 1339 4000 ipse
1352 3921 1485 3984 amatus
1498 3919 1531 3982 ct
1544 3917 1618 3982 eius
1630 3915 1774 3982 heredes
1786 3917 1889 3980 abere
1903 3914 1977 3996 ipse
1989 3911 2120 3977 duobus

256 4075 353 4157 pecie
369 4073 412 4139 do
430 4073 533 4139 terris
550 4072 641 4138 inira
658 4072 730 4156 ipse
746 4073 825 4137 finis
842 4074 876 4137 et
892 4071 1066 4136 mensurie
1083 4070 1254 4154 pastonati
1270 4071 1451 4135 arboribus
1467 4071 1501 4134 et
1516 4069 1595 4134 vitis
1612 4071 1647 4134 et
1659 4069 1786 4133 sactum
1801 4065 1925 4130 ibidem
1940 4066 2116 4130 arbustum

256 4226 417 4302 litatum,
436 4222 605 4308 quomodo
621 4221 664 4288 de
680 4223 792 4287 tantos
808 4238 916 4286 anuos
933 4219 968 4285 in
986 4219 1061 4302 ipso
1078 4221 1187 4284 locum
1205 4220 1381 4285 meruerit.
1402 4225 1435 4284 et
1452 4219 1519 4283 iam
1538 4218 1703 4294 inantea,
1722 4214 1803 4280 dum
1820 4231 1878 4278 eos
1895 4213 1904 4276 i
1908 4231 1968 4295 pse
1985 4213 2119 4277 amatus

256 4383 289 4444 et
306 4379 381 4444 eius
398 4375 540 4444 heredes
555 4375 635 4440 illut
651 4363 768 4441 tenere¹
785 4373 968 4451 voluerint,
989 4392 1051 4456 per
1069 4376 1220 4456 tempore
1235 4391 1297 4456 per
1315 4372 1425 4437 omnis
1450 4389 1577 4437 aunum
1603 4371 1677 4453 ipso
1701 4369 1876 4434 arbustum
1902 4367 2061 4432 laborare
2086 4366 2120 4430 et

256 4535 403 4609 cultare,
422 4532 457 4597 et
472 4532 637 4615 quantum
654 4529 769 4595 viuum
789 4531 823 4593 et
839 4528 968 4592 victum
985 4527 1180 4592 annualiter
1204 4526 1284 4592 iude
1308 4525 1447 4604 exierit,
1467 4525 1621 4590 dividere
1639 4523 1716 4590 illut
1740 4522 1776 4586 in
1799 4519 1936 4585 tertiam
1962 4519 2116 4601 partem:

256 4704 340 4769 pars
356 4685 467 4769 ipsius
486 4678 850 4748 hecclesietollercdc
868 4679 943 4762 ipso
966 4679 1085 4745 vinum
1113 4677 1252 4745 tertiam
1279 4679 1414 4760 partem
1442 4683 1476 4744 et
1504 4675 1546 4741 de
1573 4675 1649 4757 ipso
1676 4673 1802 4737 biclum
1831 4674 1951 4738 tollere
1981 4671 2118 4736 tertiam

257 4841 394 4923 partem
413 4837 456 4904 de
472 4839 547 4920 ipso
563 4835 779 4913 terraticum,
798 4837 832 4900 et
848 4835 922 4918 ipso
938 4837 1074 4900 amalus
1090 4835 1124 4898 et
1140 4833 1213 4898 cius
1229 4832 1373 4898 heredes
1388 4831 1454 4895 due
1477 4829 1593 4914 sortis3
1611 4831 1644 4896 et
1667 4826 1888 4912 supradictus
1911 4826 2019 4892 abbas
2042 4843 2119 4890 cum

259 4996 336 5078 ipso
352 5011 414 5063 suo
428 4993 634 5059 advocatore
648 4991 750 5066 dixit,
770 4991 808 5054 ut
830 5006 900 5054 nou
927 4989 1005 5054 illut
1030 4988 1257 5071 pastenassct,
1277 4986 1369 5051 sicut
1395 4985 1471 5069 ipso
1499 4986 1636 5050 brebem
1664 4982 1827 5049 eontinet.
1847 4984 1883 5046 et
1908 4979 1989 5044 dum
2017 4997 2120 5061 super

261 5148 365 5236 rebus
381 5147 457 5231 ipsa
474 5144 628 5211 couiuuti
645 5145 786 5211 suerunt
802 5146 836 5209 ct
853 5159 917 5227 pro
933 5143 1055 5226 quibus
1071 5142 1165 5207 illam
1182 5158 1251 5207 non
1270 5139 1491 5206 inbenierunt
1513 5138 1564 5204 sic
1587 5138 1771 5220 pastenata
1787 5137 1821 5199 et
1844 5134 2013 5206 laborata,
2033 5130 2122 5196 sicut

267 5302 426 5368 declarat
441 5299 514 5385 ipso
531 5301 670 5366 brebem
686 5301 721 5366 et
737 5297 1058 5380 constitutumque
1075 5295 1156 5362 inde
1173 5296 1322 5379 positum
1341 5294 1417 5372 luit,
1437 5313 1458 5358 a
1475 5293 1635 5377 plurimis
1659 5287 1870 5372 temporibus
1893 5283 2033 5350 transiit
2056 5301 2121 5366 que

261 5455 310 5521 sit
326 5453 400 5536 ipse
415 5453 532 5528 abbas,
551 5453 588 5517 ut
603 5452 678 5536 ipse
694 5451 830 5518 amatus
852 5447 1039 5515 romidtere
1057 5446 1099 5512 ad
1118 5449 1321 5530 potestatem
1346 5443 1499 5529 predicto
1524 5439 1690 5510 hecclesie
1713 5434 1913 5520 supradicta
1936 5435 2038 5500 rebus
2063 5437 2123 5498 aut

263 5605 431 5675 iustitiam
449 5608 485 5673 in
505 5609 579 5692 ipsa
595 5605 764 5672 hecclesia
781 5603 862 5670 inde
878 5602 1086 5688 persolbere.
1108 5602 1181 5685 ipse
1206 5604 1342 5666 amatus
1365 5615 1476 5680 neque
1500 5597 1601 5661 rebus
1625 5593 1702 5674 ipsa
1726 5589 1862 5657 rctdere
1878 5588 1994 5664 voluit,
2013 5604 2123 5669 neque

262 5763 548 5846 compositionem
563 5758 640 5826 inde
653 5761 795 5843 saecret5
808 5760 860 5823 set
872 5753 1055 5840 postulabit
1069 5757 1181 5837 ipsum
1199 5754 1369 5826 abbatem,
1381 5751 1418 5814 ut
1430 5749 1533 5813 rebus
1548 5747 1626 5830 ipsa
1641 5741 1825 5808 dimidtore
1842 5741 1872 5807 ei
1886 5759 1946 5824 per
1959 5739 2019 5804 illo
2032 5737 2124 5802 ordi-

263 5943 320 6000 ne,
331 5919 421 5986 sicut
435 5913 579 5982 interius
590 5909 754 5976 declarat.
767 5910 841 5994 ipse
853 5909 959 5974 abbas
972 5907 1054 5974 talia
1067 5904 1242 5972 audientes
1255 5921 1315 5986 ρον
1328 5899 1534 5968 locutionem
1548 5899 1714 5963 bonorum
1728 5894 1919 5970 hominum,
1930 5909 1993 5974 pro
2006 5905 2124 5955 amore

478 6043 544 6086 Tou.
559 6036 591 6080 ll.
1972 6015 2003 6060 3⁸²
