5252 7102
1043 647 1416 724 DIPLOMATICUS

1066 1103 1382 1254 qCCCVIII.

1084 1349 1140 1424 A.
1175 1349 1227 1425 D.
1264 1347 1369 1427 989.

352 1609 388 1747 ἰ’
411 1665 451 1728 lu
466 1623 608 1727 nomine
623 1657 756 1726 domini
772 1674 863 1724 anuo
880 1657 970 1726 sesto
986 1655 1202 1741 principatus
1216 1655 1334 1724 domni
1351 1657 1462 1724 nostri
1478 1657 1622 1727 iohanni
1644 1661 1678 1729 et
1694 1662 1807 1746 primo
1823 1680 1914 1730 anno
1937 1664 2153 1749 principatus

294 1811 417 1880 domni
432 1811 594 1881 waimari
609 1811 683 1879 eius
700 1811 772 1878 filio
797 1789 942 1894 gloriosi
966 1811 1195 1895 principibus,
1214 1829 1330 1879 mense
1352 1812 1466 1880 iunius
1488 1813 1627 1901 tertia⁴)
1650 1813 1850 1883 indictione.
1870 1818 2152 1884 memoratorium

293 1967 390 2033 iactu
407 1984 427 2032 a
444 1982 500 2032 mo
516 1963 665 2048 sergius,
690 1964 747 2048 qui
763 1965 905 2030 vocatur
927 1961 1104 2030 calendola
1126 1963 1220 2032 filius
1242 1965 1438 2045 atalanten
1462 1967 1552 2052 quod
1576 1969 1658 2034 ante
1680 1968 1868 2053 supscripti
1891 1969 2065 2038 nobilibus
2089 1989 2151 2055 per

293 2136 387 2186 vona
402 2115 654 2186 combenientia
670 2114 814 2182 tradidit
831 2114 918 2182 mihi
934 2119 972 2182 at
988 2114 1200 2182 causandum
1216 2116 1375 2200 lupenus
1393 2116 1452 2201 qui
1476 2119 1529 2184 est
1551 2118 1719 2186 abitantes
1734 2118 1777 2186 de
1793 2121 1886 2187 cibes
1910 2122 2035 2188 atranu
2059 2122 2152 2190 filius

293 2270 388 2337 leoni
413 2267 594 2354 presbiteri
619 2268 825 2336 consobrino
851 2268 960 2337 fratre
982 2285 1090 2346 meua,
1117 2269 1155 2336 ut
1177 2285 1244 2352 ego
1268 2269 1444 2336 licentiam
1468 2271 1502 2336 et
1525 2271 1735 2354 potestatem
1763 2247 1949 2341 habeamus
1976 2290 2054 2339 cum
2081 2274 2151 2341 illis

296 2420 496 2489 hominibus
512 2439 657 2488 causare
672 2439 802 2506 apsque
819 2421 914 2487 omni
930 2420 1080 2488 colludio
1096 2421 1139 2488 de
1155 2420 1278 2487 inclita
1300 2421 1488 2488 sortionem
1512 2439 1609 2489 suam
1634 2421 1678 2491 de
1700 2420 1802 2488 rebus
1825 2423 1911 2500 eius,
1930 2442 1996 2508 que
2018 2427 2051 2492 ei
2075 2443 2159 2510 per-

297 2575 388 2641 tinet
404 2573 448 2641 da
463 2573 621 2658 predicto
637 2575 834 2659 genitorem
850 2592 964 2652 suum,
983 2572 1072 2658 quod
1091 2574 1211 2641 habuit
1234 2574 1270 2639 in
1286 2572 1501 2658 pertinentia
1522 2573 1565 2641 de
1587 2575 1656 2642 ista
1678 2573 1820 2641 cibitato
1843 2575 2066 2655 salernitana,
2080 2572 2154 2642 ubi-

294 2745 442 2812 cumque
457 2726 500 2793 de
516 2730 616 2794 rebus
633 2745 697 2793 sua
712 2727 873 2794 iubentus
889 2725 1035 2803 dederit,
1057 2727 1095 2792 ut
1110 2725 1276 2803 diximus,
1295 2726 1471 2794 licentiam
1487 2729 1521 2794 et
1536 2727 1743 2811 potestatem
1767 2727 1959 2794 habeamus
1983 2707 2058 2794 cum
2082 2728 2152 2796 illis

296 2880 495 2948 hominibus
511 2897 658 2947 causare
681 2879 740 2964 qui
764 2879 842 2964 ipsa
864 2880 969 2947 rebus
993 2879 1156 2958 tenuerit,
1176 2883 1210 2947 et
1232 2881 1394 2964 quantum
1420 2883 1613 2963 quantoque
1636 2878 1679 2945 de
1702 2881 1805 2946 rebus
1833 2879 1911 2968 ipsa
1936 2881 2155 2948 combincere

250 3023 254 3028 ’
295 3034 534 3118 potuerimus,
561 3050 624 3117 per
647 3032 797 3100 medium
825 3034 995 3118 equaliter
1019 3035 1111 3101 inter
1135 3051 1199 3100 nos
1221 3034 1300 3100 illut
1321 3032 1543 3100 dividamus:
1570 3049 1631 3100 nos
1653 3033 1815 3098 tollamus
1836 3050 1894 3099 eos
1916 3021 2094 3111 medium,
2120 3035 2154 3098 et

298 3187 385 3257 meis
400 3186 584 3254 heredibus
600 3189 634 3254 et
650 3187 709 3254 ille
724 3188 760 3252 et
775 3204 855 3254 suos
871 3185 1014 3254 heredes
1031 3186 1133 3253 tollat
1156 3187 1243 3254 aliut
1265 3185 1426 3264 medium,
1444 3203 1508 3270 per
1531 3186 1649 3270 partes
1672 3184 1789 3250 omnia
1811 3183 1939 3251 exinde
1962 3183 2156 3252 faciendum

296 3361 364 3426 que
381 3342 481 3409 nobis
497 3340 680 3426 placuerit3
697 3341 731 3408 et
747 3338 776 3406 si
792 3355 1004 3425 quacumque
1021 3337 1160 3406 datione
1177 3337 1257 3406 inde
1273 3337 1534 3422 pervenerimus
1550 3337 1634 3403 dare
1650 3339 1768 3405 ambas
1780 3338 1909 3420 partes,
1925 3336 2155 3403 communiter

213 3497 217 3502 ’
296 3496 377 3564 illut
391 3495 523 3563 demus:
542 3487 606 3562 nos
622 3494 857 3572 medietatem,
876 3495 911 3561 et
927 3493 985 3562 ille
1001 3491 1232 3579 medietatem;
1249 3493 1479 3576 sceptuamus,
1495 3511 1566 3559 non
1583 3509 1761 3560 causemus
1776 3490 1819 3556 de
1834 3491 1911 3574 ipsa
1926 3507 2004 3557 casa
2018 3489 2093 3558 eius
2115 3489 2159 3556 de

296 3647 392 3714 intus
407 3648 472 3714 hec
487 3647 677 3714 cibitatem.
697 3645 786 3713 unde
802 3665 863 3730 per
879 3663 969 3712 vona
985 3645 1236 3714 combenientia
1251 3643 1368 3712 wadia
1383 3644 1471 3710 mihi
1486 3642 1581 3710 dedit
1604 3645 1679 3727 ipse
1702 3645 1859 3728 lupenus,
1877 3645 1912 3710 et
1935 3641 2157 3710 mediatorem

295 3799 383 3866 milri
401 3799 498 3884 posui
517 3817 554 3866 se
570 3799 697 3883 ipsum,
717 3803 752 3865 et
768 3817 829 3882 per
846 3798 965 3866 eadem
981 3797 1099 3865 wadia
1117 3797 1286 3882 obligabit
1301 3815 1338 3866 se
1355 3797 1429 3881 ipse
1445 3797 1594 3881 lupenus
1608 3797 1642 3861 et
1657 3787 1737 3862 su'os
1753 3793 1909 3862 heredes.
1925 3793 2017 3878 quod
2041 3793 2071 3860 si
2089 3795 2155 3860 eto:

297 3950 440 4021 Statuta
454 3953 565 4029 arctio
579 3953 704 4036 otptutt
728 3969 915 4019 aureorum
938 3951 1123 4018 solidorum
1146 3931 1512 4019 coustantiaiouoram.
1529 3950 1563 4014 et
1579 3949 1671 4013 hunc
1688 3947 1825 4016 brebem
1850 3945 1991 4028 scripsit
2012 3962 2079 4027 ego
2096 3961 2158 4010 an·

291 4105 443 4190 tipertus
460 4107 619 4174 notarius
634 4106 694 4191 qui
711 4106 864 4173 intertui.

354 4229 473 4341 †ego
497 4257 612 4340 pando

354 4382 474 4496 †ego
496 4411 604 4496 guido

352 4539 470 4652 †ego
494 4569 621 4651 potrus.

1088 5020 1358 5102 CCCCIX.

1087 5240 1143 5316 A.
1181 5239 1233 5316 D.
1270 5234 1375 5314 989.

355 5430 392 5567 †
416 5486 454 5550 In
473 5485 615 5551 nomine
630 5483 760 5552 domini
777 5487 876 5554 sexto
892 5503 985 5553 anno
1001 5486 1214 5572 principatus
1229 5483 1346 5552 domni
1362 5483 1474 5551 nostri
1492 5478 1635 5548 iohanni
1652 5479 1686 5544 et
1710 5473 1822 5560 primo
1839 5487 1931 5537 anno
1943 5469 2162 5556 principatus

300 5629 424 5699 domni
440 5634 626 5718 guaimarii
644 5635 718 5704 eius
734 5635 807 5704 filio
823 5637 970 5722 gloriosi
987 5621 1223 5722 principibus
1235 5653 1352 5704 mense
1367 5633 1473 5701 iulius
1489 5627 1642 5699 secunda
1656 5622 1857 5692 indictione.
1877 5618 2162 5690 memoratorium

356 5944 380 6017 ⁴)
402 5947 474 6017 chc:
492 5947 630 6006 secunda.
