5252 7102
607 571 669 632 ι250
1273 553 1436 627 00be
1476 553 1709 626 cavensis

559 801 790 888 omnipotenti
812 800 875 869 deo
897 799 987 866 dixit
1003 799 1089 866 talia
1118 799 1232 864 facere
1255 798 1302 876 et,
1321 797 1409 864 sicut
1431 795 1586 881 utrisque
1606 796 1826 880 complacuit,
1845 797 1921 882 ipse
1944 801 2080 868 amatus
2102 801 2236 868 remisit
2258 801 2300 870 ad
2322 809 2408 888 pote-

562 958 684 1025 statem
709 953 853 1039 predicti
878 954 995 1022 abbati
1019 953 1220 1040 supradicta
1242 952 1466 1036 scriptionem
1492 969 1595 1037 quam
1620 949 1756 1029 ostedit,
1780 954 1815 1020 et
1837 951 1914 1037 ipse
1937 953 2043 1021 abbas
2066 955 2264 1022 sublaxabit
2285 956 2315 1054 ei
2337 957 2406 1042 ipsa

559 1109 844 1195 compositionem
871 1112 906 1176 et
929 1107 1082 1193 quicquit
1096 1125 1173 1175 cum
1191 1074 1231 1174 eo
1248 1105 1330 1172 inde
1346 1121 1488 1170 causare
1504 1104 1615 1190 potui;
1632 1105 1667 1172 et
1690 1105 1763 1172 tota
1786 1103 1986 1190 supradicta
2008 1107 2111 1175 rebus
2134 1125 2197 1191 per
2220 1107 2406 1192 supradicte

559 1264 640 1331 finis
656 1265 691 1330 et
708 1262 884 1330 mensuris
901 1259 1045 1328 tradidit
1060 1259 1102 1326 ad
1130 1258 1317 1327 tenendum
1345 1235 1491 1343 predicti
1519 1257 1624 1323 amati
1651 1257 1714 1324 tali
1743 1255 1876 1338 ordine,
1895 1259 1934 1325 ut
1958 1257 2080 1325 amede
2106 1261 2141 1327 et
2166 1278 2274 1344 usque
2299 1259 2405 1330 decom

558 1416 643 1485 anni
662 1414 824 1498 completi
841 1412 886 1481 ad
902 1431 966 1482 sua
981 1413 1016 1514 et
1030 1412 1074 1479 de
1088 1411 1159 1478 suis
1177 1409 1363 1478 heredibus
1379 1413 1497 1478 tenere
1512 1409 1715 1492 potestatem
1732 1409 1767 1475 et
1783 1407 1895 1475 omnis
1907 1427 1967 1476 sue
1979 1409 2137 1476 utilitatis
2149 1409 2276 1477 ibidem
2288 1411 2405 1492 facere,

558 1574 593 1640 et
608 1573 776 1657 quantum
794 1567 950 1634 vecibum
976 1566 1101 1632 ibidem
1127 1568 1189 1644 est,
1208 1565 1393 1650 pastenare
1416 1565 1452 1630 et
1475 1563 1590 1630 facere
1614 1563 1805 1641 arbustum,
1825 1515 1914 1630 sicut
1936 1563 2111 1642 meruerit,
2130 1565 2169 1629 ut
2192 1563 2235 1630 ad
2258 1568 2405 1650 completi

560 1725 628 1811 ipsi
645 1724 761 1794 decem
779 1721 861 1788 anni
879 1724 952 1787 tota
968 1719 1169 1804 supradicta
1191 1721 1288 1785 terra
1310 1735 1374 1802 per
1397 1715 1598 1800 supradicta
1620 1715 1800 1782 mensoria
1823 1715 1947 1782 abeant
1971 1718 2151 1800 pastenata
2173 1721 2209 1784 et
2231 1717 2354 1786 lactum
2375 1723 2405 1788 et

560 1877 756 1944 laboratum
774 1876 809 1941 et
823 1875 1002 1958 operatum
1019 1873 1208 1949 arbustum,
1226 1869 1315 1936 sient
1331 1869 1499 1936 meruerit
1514 1869 1553 1934 ut
1569 1865 1656 1935 bene
1670 1869 1795 1952 pareat
1810 1868 1960 1954 sactum3
1983 1870 2019 1934 ot
2041 1871 2210 1954 quantum
2234 1869 2330 1938 modo
2349 1857 2406 1940 ibi·

556 2029 635 2098 dem
654 2029 834 2096 arbustum
851 2029 904 2092 est
918 2024 960 2092 de
975 2042 1077 2108 super
1094 2025 1129 2091 et
1144 2021 1186 2089 de
1202 2024 1332 2107 supter,
1352 2023 1550 2088 annualiter
1566 2022 1727 2087 laborare
1749 2021 1783 2088 et
1805 2022 1946 2098 euitare,
1968 2020 2058 2088 sicut
2080 2022 2248 2088 meruerit
2269 2025 2308 2088 ut
2329 2039 2405 2092 rene

560 2178 690 2266 paread
708 2178 924 2262 laboratum3
942 2176 976 2242 et
992 2192 1055 2259 per
1071 2173 1246 2240 bindemie
1262 2172 1373 2240 saciad
1391 2173 1482 2240 seire
1497 2189 1579 2256 pars
1602 2169 1757 2256 predicte
1780 2170 1959 2248 aecclesie,
1979 2172 2018 2238 ut
2032 2170 2165 2256 dirigat
2188 2171 2313 2239 ibidem
2334 2172 2405 2240 mis-

557 2352 636 2400 sum
653 2351 766 2409 suum,
785 2331 911 2414 etipse
928 2329 1120 2402 arbustum,
1141 2343 1244 2414 quam
1261 2325 1387 2395 ibidem
1403 2327 1455 2392 est
1471 2329 1506 2392 et
1521 2324 1611 2410 quod
1627 2323 1876 2409 pastenaberit,
1896 2323 2120 2404 bindemiarc,
2135 2323 2228 2392 sicut
2238 2328 2401 2404 meruerit,

557 2487 592 2556 et
608 2485 726 2551 vinum
743 2483 856 2568 ipsum
880 2481 1037 2548 dividere
1060 2497 1122 2565 per
1146 2479 1384 2548 medietatem:
1403 2478 1463 2544 ille
1486 2479 1586 2544 tollat
1608 2493 1666 2543 eos
1689 2475 1919 2554 medietatem,
1937 2479 1973 2542 et
1995 2495 2076 2561 pars
2098 2476 2257 2561 predicte
2277 2477 2405 2546 ecclesie

558 2635 795 2721 medietatem3
813 2635 848 2700 et
875 2634 1072 2702 annualiter
1098 2631 1275 2698 conciaret
1302 2649 1507 2715 organeum,
1527 2628 1616 2715 quod
1645 2647 1727 2713 pars
1754 2627 1864 2714 ipsius
1889 2628 2032 2698 ecclesie
2057 2630 2089 2695 ei
2117 2629 2352 2720 adsignaberit
2375 2633 2404 2697 et

561 2792 748 2874 reponeret
764 2788 843 2853 illut
859 2749 996 2852 inesse
1011 2785 1122 2870 ipsius
1136 2785 1279 2853 ecclesie
1294 2784 1336 2850 ad
1355 2784 1422 2868 ipsi
1439 2783 1578 2868 parieti,
1597 2785 1633 2849 et
1655 2783 1733 2868 ipsa
1755 2782 1908 2850 sortione
1932 2782 2086 2867 predicte
2108 2783 2256 2852 ecclesie
2277 2781 2317 2849 de
2337 2782 2403 2867 ipso

557 2942 678 3009 vinum
696 2941 778 3008 illuc
793 2941 936 3024 portare
952 2940 1039 3005 etin
1054 2919 1130 3023 ips'o
1147 2955 1336 3022 organeum
1354 2936 1422 3002 mid
1430 2939 1511 3004 tere.
1529 2939 1564 3004 et
1580 2935 1626 3003 da
1641 2936 1708 3020 ipsi
1725 2935 1842 3005 decem
1859 2935 1944 3002 anni
1960 2935 2115 3042 inantea
2131 2937 2228 3002 omni
2251 2940 2402 3020 tempore,

558 3096 641 3163 dum
660 3094 735 3180 ipse
752 3096 889 3161 amatus
905 3095 940 3160 et
956 3092 1036 3170 eius
1046 3092 1190 3160 heredes
1206 3092 1357 3192 voluerit
1371 3093 1474 3158 rebus
1491 3091 1566 3176 ipsa
1589 3093 1720 3170 tenere,
1740 3090 1944 3176 potestatem
1969 3091 2087 3158 aberet
2109 3091 2224 3158 omnis
2247 3109 2306 3158 sue
2325 3089 2404 3156 utili-

558 3247 642 3316 tatis
658 3247 707 3314 ibi
725 3249 850 3327 facere,
868 3249 902 3315 et
918 3247 993 3331 ipso
1008 3247 1187 3314 arbustum
1202 3247 1313 3311 totum
1330 3244 1373 3312 de
1389 3263 1493 3328 super
1509 3243 1600 3312 etde
1616 3245 1737 3329 suptus
1753 3245 1912 3312 laborare
1928 3247 1964 3312 et
1978 3245 2119 3323 cultare,
2134 3247 2227 3312 siout
2242 3245 2403 3320 meruerit,

557 3405 596 3467 ut
611 3419 698 3468 uene
716 3400 845 3486 paread
863 3401 1069 3477 laboratum,
1088 3401 1124 3496 et
1138 3400 1273 3465 salbum
1291 3399 1415 3484 saeere3
1433 3400 1467 3464 et
1482 3416 1544 3482 per
1560 3396 1734 3464 vindemie
1749 3397 1855 3463 iaciat
1870 3397 1959 3466 scire
1975 3415 2059 3482 pars
2082 3397 2239 3482 predicte
2261 3394 2403 3472 ecclesie,

559 3553 598 3616 ut
618 3549 745 3617 ibidem
762 3550 896 3634 dirigat
912 3551 1051 3617 missum
1066 3569 1177 3629 suum,
1191 3549 1312 3634 etipse
1329 3551 1507 3617 arbustum
1524 3548 1751 3628 bindemiare,
1769 3549 1858 3617 sicut
1875 3549 2051 3628 meruerit,
2066 3553 2101 3616 et
2116 3549 2331 3618 medietatem
2342 3548 2406 3632 ipso

558 3703 679 3769 vinum
696 3702 762 3770 sibi
779 3703 896 3776 abere,
908 3704 943 3770 et
957 3701 1175 3769 medietatem
1194 3704 1352 3786 portaret
1367 3702 1409 3768 ad
1425 3701 1492 3787 ipsi
1510 3702 1639 3786 parieti
1657 3705 1691 3768 et
1706 3701 1851 3770 midtere
1866 3702 1946 3769 illut
1960 3701 1998 3769 in
2014 3703 2090 3786 ipso
2106 3721 2299 3788 organeum
2315 3717 2405 3785 quam

450 3911 453 3915 .
557 3853 609 3920 eis
625 3851 876 3936 adsignaberit‚
895 3852 946 3918 ita
961 3853 999 3918 ut
1015 3851 1207 3944 peripsum
1224 3857 1362 3918 amatus
1378 3851 1500 3919 eteius
1516 3851 1661 3918 heredes
1684 3870 1820 3937 semper
1843 3853 1919 3936 ipso
1943 3831 2131 3936 erpaneum
2149 3853 2196 3919 sit
2211 3853 2402 3928 comiatum,

556 4005 647 4071 sicut
662 4003 838 4081 meruerit,
857 4009 892 4071 et
908 4023 1007 4088 quern
1025 4005 1249 4072 seminaberit
1266 4005 1303 4071 in
1320 4005 1396 4088 ipsa
1412 4007 1523 4084 rebus,
1542 4005 1665 4072 amodo
1682 4015 1717 4072 et
1732 4023 1868 4089 semper
1890 4004 1974 4071 dare
1996 4005 2124 4073 exinde
2146 4006 2345 4072 terraticum
2367 4001 2404 4070 ad

563 4177 644 4242 pars
660 4157 771 4243 ipsius
786 4157 957 4224 hecclesie
973 4157 1162 4226 secundum
1180 4157 1462 4224 consuetudinem
1479 4156 1522 4224 de
1538 4158 1614 4241 ipso
1629 4159 1717 4235 loce,
1737 4162 1771 4223 et
1787 4157 1868 4224 dum
1892 4156 1996 4224 luerit
2018 4157 2145 4224 ibidem
2172 4159 2313 4226 missum
2336 4173 2404 4242 pre

554 4310 650 4377 dicte
665 4309 807 4378 ecclesie
823 4329 887 4392 pro
904 4310 1142 4396 recipiendum
1159 4311 1235 4396 ipso
1253 4311 1385 4390 vinum,
1404 4311 1505 4378 daret
1519 4313 1551 4378 ei
1569 4311 1779 4378 manducare
1795 4313 1830 4376 et
1844 4289 1963 4377 vivere
1979 4311 2165 4379 secundum
2191 4331 2287 4379 suam
2309 4309 2405 4396 possi-

557 4461 724 4530 bilitatem
742 4463 777 4528 et
792 4458 954 4528 onorifice
970 4461 1068 4528 illum
1087 4461 1132 4527 ibi
1153 4464 1268 4540 abere,
1288 4461 1377 4528 sicut
1393 4461 1571 4528 meruerit.
1591 4463 1626 4527 et
1641 4479 1662 4528 a
1677 4478 1744 4546 quo
1759 4459 1803 4526 da
1818 4460 1886 4545 ipsi
1903 4461 1985 4528 anni
2004 4459 2040 4526 in
2058 4465 2163 4530 antea
2180 4482 2251 4530 non
2274 4460 2406 4530 voluerit

556 4609 632 4695 ipse
649 4614 784 4678 amatus
801 4614 856 4678 vel
873 4611 946 4680 eius
962 4611 1108 4680 heredes
1125 4611 1160 4676 in
1176 4613 1375 4697 supradicto
1392 4611 1512 4679 ordine
1528 4614 1632 4679 robus
1648 4613 1725 4696 ipsa
1741 4615 1860 4680 tenere
1875 4614 1910 4680 et
1924 4613 2094 4692 laborare,
2114 4615 2308 4681 remitteret
2321 4614 2403 4679 illam

562 4765 667 4830 totam
684 4764 728 4830 ad
745 4783 827 4848 pars
842 4765 1005 4832 iamdicta
1021 4766 1164 4835 ecclesie
1180 4769 1214 4834 et
1229 4769 1361 4834 nullam
1379 4767 1564 4835 sortionem
1581 4769 1703 4852 querat
1718 4767 1788 4834 illis
1811 4766 1891 4835 inde
1914 4769 2030 4835 abere.
2048 4768 2137 4852 quod
2164 4772 2193 4836 si
2217 4772 2288 4837 etc:
2307 4766 2406 4832 niolo

553 4919 681 5002 viciati
696 4935 883 4986 aureorum
898 4919 1087 4986 solidorum
1103 4922 1471 4989 corastonttnionornm.
1491 4923 1525 4990 et
1541 4921 1658 4988 taliter
1674 4939 1738 5006 pro
1753 4939 1836 5006 pars
1852 4922 1960 5006 ipsius
1983 4922 2151 4992 hecclesie
2173 4924 2240 4990 hoc
2263 4922 2402 4991 seribere

556 5072 702 5139 fecimus
719 5074 752 5138 te
769 5073 993 5158 agbenardus
1010 5075 1176 5143 notarius.
1197 5078 1435 5142 verumtamen
1452 5094 1514 5160 per
1529 5073 1729 5160 supradicta
1744 5074 1924 5160 hobligata
1947 5092 2035 5160 pena
2058 5040 2256 5160 bobligabit
2278 5091 2314 5142 se
2336 5072 2401 5157 ipse

557 5228 691 5289 amatus
707 5225 741 5290 et
758 5223 829 5291 suis
844 5224 1029 5292 heredibus
1052 5244 1113 5310 per
1132 5228 1231 5294 nulla
1257 5227 1392 5295 ratione
1417 5227 1601 5312 aliquando
1629 5227 1698 5294 illis
1725 5230 1786 5292 aut
1813 5207 2030 5312 quicumque
2045 5227 2082 5293 in
2108 5227 2185 5311 ipsa
2211 5223 2400 5311 supradicta

554 5377 657 5441 rebus
672 5375 813 5443 dulcare
830 5378 855 5465 ⁴)
873 5379 981 5445 linum
998 5381 1049 5447 vel
1067 5381 1273 5462 cannabum,
1290 5385 1350 5446 aut
1366 5399 1457 5464 aqua
1474 5380 1602 5447 exinde
1618 5383 1759 5464 portare
1775 5378 1817 5446 ad
1835 5381 1912 5462 ipsa
1928 5382 2029 5446 rebus
2046 5395 2106 5446 sua
2121 5379 2240 5446 amati.
2260 5376 2345 5445 unde
2359 5373 2397 5440 de

554 5525 674 5593 omnia
690 5529 928 5613 suprascripta
943 5529 1213 5614 adimplendum,
1225 5530 1353 5616 guadia
1366 5531 1462 5600 dedit
1478 5532 1552 5617 ipse
1567 5534 1700 5598 amatus
1716 5512 1825 5615 ipsius
1838 5513 1954 5596 abbati
1967 5533 2002 5596 et
2015 5528 2240 5598 mediatorem
2253 5529 2284 5597 ei
2296 5525 2400 5612 posuit

584 5742 863 5751 ¹———.-.-—..—-—-
873 5740 1000 5754 ——q'

610 5899 634 5973 ⁴)
650 5902 775 5972 Draetoare,
804 5901 880 5958 idest
893 5919 970 5977 aqua
983 5905 1169 5976 pertundere.
