5378 7098
568 887 801 1058 tdbll
856 887 1209 1058 lllldlb
1263 887 1808 1060 blrlollllldls
1959 989 1962 996 ¹

1048 1941 1101 2015 A.
1139 1940 1190 2016 D.
1228 1936 1331 2016 960.

324 2205 359 2340 †
379 2261 416 2323 ln
435 2245 574 2325 nomine
590 2259 726 2326 Domini
743 2262 904 2328 bicesimo
920 2263 1043 2326 oclabo
1059 2278 1151 2326 anno
1168 2261 1386 2344 principatus
1401 2261 1519 2327 domni
1533 2261 1641 2326 nostri
1655 2260 1769 2344 gisolfi
1783 2261 1926 2344 gloriosi
1939 2259 2119 2343 principis,

266 2426 386 2476 mense
399 2413 544 2494 agustus
560 2413 681 2494 quarta
700 2401 725 2496 ¹)
742 2409 940 2479 indictione.
960 2413 1039 2478 ante
1056 2429 1117 2499 pos
1133 2412 1205 2478 sica
1221 2415 1255 2478 et
1271 2415 1388 2496 petrus
1404 2417 1438 2480 et
1454 2413 1545 2479 maio
1561 2411 1703 2480 castaldi
1727 2411 1880 2479 coniunti
1898 2415 1978 2479 sunt
1993 2428 2121 2496 grego·
2159 2497 2163 2508 .

266 2562 340 2629 rius
357 2563 527 2646 presbiter
542 2566 577 2630 et
594 2564 701 2630 abbas
717 2565 875 2647 cappella
893 2564 1003 2631 sancti
1023 2564 1178 2640 maximi,
1198 2563 1234 2628 in
1250 2581 1315 2647 quo
1330 2582 1393 2632 nos
1414 2566 1534 2648 petrus
1548 2566 1581 2632 et
1597 2563 1688 2630 maio
1704 2563 1949 2647 pertinentiam
1966 2564 2119 2642 abemus,

266 2715 301 2776 et
324 2713 490 2781 iohannes
513 2713 605 2780 filius
627 2713 741 2788 taxili,
761 2717 795 2778 et
819 2717 936 2796 petrus
960 2716 1119 2798 nepotem
1134 2714 1220 2791 eius,
1240 2715 1274 2778 et
1290 2714 1371 2797 lupo
1387 2713 1533 2780 clericus
1556 2714 1647 2780 filius
1671 2714 1761 2798 petri
1785 2715 1905 2780 lbanco
1928 2713 1972 2780 ad
1996 2714 2123 2780 sacien-

268 2862 350 2928 dum
367 2863 458 2930 inter
474 2881 511 2930 se
526 2865 628 2932 finem
646 2865 688 2931 de
703 2869 804 2932 rebus
821 2863 973 2949 predicte
989 2865 1132 2933 ecclesie
1149 2864 1191 2932 de
1206 2867 1318 2932 locum
1336 2866 1489 2944 nuceria
1506 2866 1589 2932 hubi
1607 2869 1739 2932 nobara
1756 2869 1791 2934 et
1814 2869 1955 2949 puteum
1980 2867 2124 2949 regente

273 3015 428 3092 bocatur,
447 3034 513 3099 que
530 3018 611 3082 ante
625 3034 688 3083 nos
713 3017 794 3084 inde
818 3017 849 3084 ei
873 3022 1099 3085 monstratum
1123 3018 1214 3100 abui,
1230 3018 1319 3086 inter
1342 3035 1425 3102 quos
1448 3017 1527 3087 inde
1550 3019 1583 3084 ei
1606 3018 1794 3084 monstrabi
1819 3035 1888 3084 una
1911 3017 2062 3084 clusuria
2085 3017 2128 3084 de

270 3171 366 3230 terra
389 3185 467 3232 cum
490 3168 666 3232 arbustum
691 3185 753 3250 per
777 3170 839 3233 beo
863 3169 961 3234 linis:
981 3167 1023 3234 de
1047 3167 1179 3234 duobus
1202 3167 1359 3251 partibus
1381 3167 1448 3234 fine
1471 3167 1543 3232 bia:
1571 3167 1613 3232 de
1637 3169 1706 3233 alia
1729 3169 1827 3250 parte
1851 3167 1920 3232 fine
1942 3167 1985 3233 de
2008 3167 2127 3253 eredes

269 3315 481 3394 adelmundi,
500 3319 534 3381 et
549 3317 592 3383 de
608 3319 679 3383 alia
693 3307 793 3400 parte
810 3318 1009 3384 coniuntum
1024 3318 1077 3383 est
1092 3315 1134 3382 ad
1153 3318 1222 3383 fine
1238 3317 1281 3384 de
1304 3316 1421 3386 eredes
1436 3317 1607 3400 edelgari.
1636 3317 1725 3383 unde
1750 3317 2040 3400 interrogabimus
2063 3335 2126 3402 per

269 3469 387 3546 partes
404 3465 483 3544 illis,
500 3469 536 3532 ut
553 3468 653 3550 (puale
669 3467 844 3533 monimen
860 3467 939 3534 inde
954 3472 1065 3545 abere,
1084 3485 1143 3536 eas
1158 3466 1351 3552 ostendere;
1365 3467 1480 3534 statim
1497 3485 1559 3549 per
1572 3466 1687 3550 ipsum'
1700 3468 1856 3533 abbatem
1880 3471 1915 3534 et
1937 3487 1998 3551 per
2015 3486 2127 3536 romo-

270 3618 368 3684 aldus
385 3618 460 3682 eius
477 3616 717 3685 adbocatorem
741 3621 857 3702 plures
881 3623 1055 3687 monimen
1077 3621 1213 3692 ostensa
1236 3619 1270 3685 et
1292 3619 1418 3684 relecta
1441 3620 1493 3683 est
1515 3635 1577 3701 per
1601 3617 1680 3685 finis
1702 3620 1735 3685 et
1758 3620 1860 3684 extra
1882 3617 1963 3685 finis
1985 3619 2029 3685 de
2052 3619 2129 3703 ipsa

272 3775 377 3838 rebus
395 3778 429 3839 et
446 3773 489 3839 de
505 3773 631 3839 alinde
648 3773 733 3857 ipsis
750 3772 834 3840 locis
848 3774 921 3840 erut
937 3773 1180 3840 continentem.
1200 3771 1269 3854 ipsi
1284 3771 1465 3846 iohannes,
1480 3781 1514 3836 et
1530 3771 1660 3853 petrus,
1675 3773 1710 3835 et
1725 3772 1805 3853 lupo
1821 3770 1967 3836 clericus
1983 3769 2128 3836 manife-

272 3928 452 3992 staberunt
467 3925 662 4003 dicendum,
677 3929 719 3992 ut
736 3926 909 3992 monimen
925 3925 1054 3992 exinde
1077 3943 1148 3991 non
1172 3925 1293 3992 abere:
1313 3925 1429 4006 preter
1452 3921 1599 3999 dicebat,
1619 3925 1655 3986 ut
1679 3922 1830 4006 genitori
1854 3925 1888 3988 et
1910 3922 1988 3987 abio
2010 3939 2129 3988 eorum
2222 3955 2225 3964 ·

274 4076 395 4142 suisset
411 4081 446 4142 et
461 4093 579 4142 eurum
595 4079 683 4144 esset
696 4077 909 4160 pertinentes
925 4094 988 4160 per
1004 4076 1233 4143 subcessione.
1251 4093 1314 4141 nos
1339 4072 1497 4156 superius
1523 4071 1605 4138 dicti
1628 4071 1773 4138 castaldi
1802 4061 2023 4153 agnoscente,
2038 4069 2127 4154 quod

273 4245 358 4311 pars
373 4228 526 4312 predicte
542 4229 683 4296 ecclesie
699 4229 801 4295 rebus
818 4228 970 4312 ipseper
986 4227 1061 4311 ipse
1084 4227 1163 4293 finis
1187 4229 1276 4292 esset
1298 4223 1511 4308 possidentes
1534 4227 1569 4289 et
1592 4223 1821 4296 dominantes,
1841 4219 1917 4328 ¹ideo
1940 4218 2127 4286 secundum

275 4381 414 4445 illorum
432 4372 746 4460 manifestationem
764 4381 967 4458 audibimus,
987 4381 1076 4448 inter
1099 4379 1149 4447 eis
1172 4377 1411 4454 iudicabimus,
1431 4379 1468 4441 ut
1491 4394 1574 4460 pars
1597 4375 1706 4459 ipsius
1729 4372 1872 4439 ecclesie
1895 4371 1995 4436 iuxta
2018 4372 2130 4454 legem

275 4529 457 4601 iurarent
473 4532 516 4599 de
530 4533 720 4598 monimina
737 4534 824 4617 ipsa,
842 4550 907 4616 que
921 4534 1001 4600 ante
1016 4547 1080 4597 nos
1096 4528 1259 4606 ostendit,
1280 4527 1360 4596 inde
1383 4530 1473 4594 esset
1496 4525 1709 4609 pertinentes
1730 4525 1765 4590 et
1781 4541 1844 4607 per
1860 4523 2000 4606 expleta
2016 4537 2132 4604 posse·

278 4684 375 4750 sione
391 4701 474 4766 pars
490 4683 651 4752 iamdicte
666 4685 809 4752 ecclesie
826 4683 902 4750 illut
917 4683 1066 4752 tenuisse
1082 4685 1117 4748 et
1131 4681 1327 4749 dominasse
1346 4682 1380 4746 et
1395 4678 1532 4762 legibus
1548 4645 1637 4744 esset
1652 4659 1866 4760 pertinentes
1882 4673 1925 4740 ad
1943 4690 2023 4757 pars
2046 4672 2131 4738 iam·

277 4834 368 4900 dicte
383 4836 537 4914 ecclesie,
555 4839 589 4902 et
604 4837 777 4902 abierunt.
795 4837 831 4902 in
848 4835 905 4902 die
921 4838 1002 4904 bero
1018 4834 1238 4902 constitutum
1254 4833 1386 4916 pariter
1402 4835 1485 4897 ante
1500 4846 1561 4893 nos
1577 4829 1658 4894 sunt
1672 4823 1826 4893 coniunti
1850 4823 1954 4890 finem
1979 4823 2071 4888 inter
2094 4839 2131 4888 se

278 4986 357 5054 inde
375 4987 580 5064 faciendum,
599 4987 714 5056 statim
731 4987 806 5070 ipse
822 4989 923 5056 abbas
939 4985 1126 5054 secundum
1144 4989 1257 5069 legem
1273 4984 1416 5067 paratus
1431 4981 1497 5047 suit
1519 4981 1772 5047 sacramentum
1797 4976 1910 5060 ipsum
1934 4972 2133 5057 persolben-

197 5229 198 5232 ,
278 5139 356 5205 dum
372 5159 381 5222 3
399 5157 475 5206 cum
500 5142 614 5205 autem
632 5139 697 5223 ipsi
713 5139 882 5206 nominati
898 5139 1077 5216 iohannes,
1095 5141 1130 5206 et
1145 5137 1274 5221 petrus,
1291 5138 1325 5203 et
1341 5137 1421 5217 lupo
1438 5132 1583 5200 clericus
1598 5131 1711 5214 ipsum
1726 5129 1880 5194 abbatem
1897 5125 2038 5208 paratus
2061 5121 2131 5189 bidi

278 5296 533 5362 sacramentum
554 5293 667 5376 ipsum
684 5292 850 5370 dandum,
869 5292 1032 5360 continuo
1047 5290 1184 5377 protexi
1200 5291 1328 5358 suntet
1343 5285 1653 5354 manil’estaberunt
1669 5299 1706 5348 se
1729 5255 1923 5353 dicendum,
1941 5293 2133 5344 sacramen·

276 5447 347 5556 tum
366 5443 444 5512 inde
459 5447 617 5529 recipere
632 5463 701 5512 non
718 5448 844 5524 bolere,
864 5464 903 5511 eo
920 5445 1008 5530 quod
1033 5444 1210 5520 dixerunt,
1229 5443 1266 5508 ut
1290 5442 1393 5508 rebus
1416 5440 1492 5522 ipsa
1515 5454 1578 5521 per
1601 5436 1673 5518 ipse
1696 5432 1776 5498 finis
1799 5429 1840 5496 ad
1866 5447 1949 5515 pars
1972 5427 2135 5495 iamdicta

279 5597 426 5664 ecclesie
442 5601 530 5666 esset
545 5598 771 5682 pertinentes,
789 5601 819 5664 et
840 5615 950 5680 neque
966 5615 1026 5680 per
1042 5599 1156 5674 testes,
1175 5611 1288 5678 neque
1305 5611 1366 5676 per
1382 5593 1568 5665 monimen,
1587 5605 1651 5653 nec
1667 5603 1730 5669 per
1745 5584 1977 5682 nullaquoque
1999 5581 2137 5649 iubenta

336 5871 358 5940 ⁴)
383 5872 497 5938 Quarta,
515 5873 611 5944 potius
626 5875 720 5928 tertia.

427 6047 486 6090 'l'rlfl-
506 6045 536 6088 ΙΙ-
