5286 7098
545 623 606 695 333
1219 608 1382 682 donax
1413 579 1659 681 ’33333313

495 866 602 941 lerno,
629 857 803 945 quomodo
826 860 901 943 ipse
923 854 1057 924 medius
1074 857 1188 922 torum
1204 853 1369 931 decurrit,
1388 853 1496 920 nichil
1513 851 1692 939 remansit3
1709 853 1827 937 336163
1842 854 2028 920 1333633333
2043 869 2106 920 333
2130 853 2242 938 ipsam
2256 854 2350 923 viam

498 1016 581 1082 dare
603 1015 647 1080 ab
670 1013 784 1098 ipsum
807 1013 1007 1096 platamone
1020 1007 1059 1096 ¹),
1086 1009 1176 1076 31331
1198 1006 1241 1075 36
1264 1007 1380 1075 361336
1403 1007 1437 1073 61
1451 1005 1543 1073 3336
1556 1005 1600 1073 36
1615 1006 1731 1074 361636
1746 1005 1942 1074 habuimus.
1960 1005 2057 1074 Unde
2072 1008 2108 1074 at
2126 1006 2235 1074 vicem
2257 1007 2353 1075 illius

500 1163 692 1250 recepimus
715 1180 736 1228 a
757 1179 818 1230 vos
840 1159 1034 1246 plenariam
1057 1159 1171 1245 ipsam
1196 1158 1415 1226 medietatem
1440 1160 1588 1224 vestram
1610 1156 1654 1225 de
1676 1157 1754 1242 ipsa
1775 1157 1877 1225 vinea
1900 1156 2032 1225 diserta
2055 1157 2180 1226 ividem
2203 1159 2242 1224 in
2264 1158 2350 1224 fonti

497 1317 659 1404 positam,
685 1315 775 1401 quod
799 1315 834 1382 in
858 1331 1074 1381 communem
1096 1310 1231 1379 havetis
1255 1328 1332 1378 cum
1357 1310 1595 1394 suprascripta
1618 1310 1733 1378 leontu
1756 1310 1824 1376 1313
1847 1313 1944 1394 33316
1973 1309 2116 1378 ecclesie
2145 1310 2256 1380 sancti
2280 1311 2357 1378 feli·

497 1469 547 1536 cis
569 1487 590 1535 a
613 1469 712 1552 parte
746 1469 790 1534 ab
814 1469 960 1544 atrano,
985 1464 1028 1534 de
1051 1465 1222 1548 quantum
1247 1461 1365 1545 tetigit
1394 1478 1457 1545 per
1484 1459 1644 1527 merisem
1676 1460 1950 1545 suprascriptam
1980 1461 2132 1529 leontum
2163 1462 2232 1529 ista
2254 1466 2352 1547 parte

498 1619 643 1688 ecclesie
667 1615 777 1686 sancti
800 1615 912 1682 felicis
935 1631 956 1680 a
979 1616 1079 1699 parte
1104 1615 1146 1680 ab
1169 1613 1294 1678 atrano
1316 1609 1428 1696 ipsam
1451 1609 1668 1677 medietatem
1691 1611 1843 1678 vestram
1866 1611 1965 1678 nobis
1988 1611 2115 1680 exinde
2144 1612 2293 1692 dedisti,
2318 1616 2354 1680 61

497 1772 543 1841 33
564 1773 641 1857 1333
664 1771 753 1838 61133
776 1771 810 1836 61
832 1771 930 1834 16333
953 1782 1065 1832 33333
1089 1781 1192 1848 quam
1215 1763 1249 1829 et
1271 1762 1314 1829 de
1337 1763 1450 1847 ipsum
1465 1762 1642 1846 pastinum
1659 1763 1718 1846 qui
1734 1761 1776 1828 ad
1792 1763 1867 1848 ipse
1882 1763 1983 1830 vinee
2000 1765 2058 1849 qui
2074 1765 2156 1831 sunt
2172 1765 2241 1831 ista
2255 1766 2354 1849 parte

499 1925 577 2009 ipsa
600 1923 746 1991 63316613
773 1941 795 1989 3
820 1923 920 2008 33316
943 1921 987 1986 ab
1011 1921 1135 1985 atrano
1157 1919 1239 1984 sunt
1261 1916 1304 1983 da
1327 1919 1416 1984 latus
1440 1915 1611 2001 usquead
1635 1917 1746 2000 ipsam
1770 1919 1941 2000 sepalem,
1964 1918 2023 2002 qui
2046 1919 2099 1985 est
2120 1919 2212 1984 inter
2234 1935 2297 1985 nos
2319 1919 2354 1984 et

500 2077 644 2146 heredes
667 2075 798 2143 marini
821 2073 1024 2150 3616363313,
1059 2074 1095 2138 61
1116 2070 1159 2137 33
1182 2072 1287 2155 33331
1309 2069 1352 2136 36
1376 2070 1451 2153 1333
1475 2069 1573 2136 31366
1597 2087 1702 2153 usque
1725 2089 1807 2137 susu
1830 2069 1874 2135 ad
1898 2069 2010 2153 ipsam
2035 2069 2127 2136 viam
2149 2071 2349 2154 publicam,

500 2248 564 2314 que
586 2229 704 2314 pergit
727 2231 765 2295 at
787 2230 923 2296 salerno
945 2225 986 2294 36
1009 2226 1085 2311 1333
1109 2223 1265 2310 33631313
1288 2227 1383 2292 16333
1405 2224 1440 2290 61
1462 2223 1578 2302 31133,
1604 2241 1706 2308 quam
1730 2223 1830 2290 etde
1853 2223 1967 2308 ipsum
1995 2224 2169 2308 pastinum
2198 2223 2353 2307 plenarie

500 2385 573 2467 ipse
597 2381 767 2469 portionis
790 2383 905 2449 vestre
928 2380 1029 2448 nobis
1053 2378 1179 2449 exinde
1201 2377 1325 2446 dedisti
1351 2376 1425 2446 sine
1448 2378 1629 2444 minuitate
1651 2379 1686 2444 et
1707 2377 1831 2446 dedisti
1847 2379 1946 2445 nobis
1961 2379 2127 2462 quantum
2145 2378 2283 2461 sergius
2297 2395 2355 2444 ca·

499 2536 637 2606 lendola
660 2534 786 2602 ividem
810 2534 942 2612 habuit,
971 2536 1009 2601 ut
1031 2534 1110 2600 iam
1126 2535 1197 2600 tota
1220 2533 1298 2617 ipsa
1321 2532 1409 2599 silva
1431 2533 1466 2600 et
1488 2531 1585 2598 terra
1605 2547 1717 2598 vacua
1739 2532 1774 2597 et
1796 2530 1871 2615 ipse
1886 2531 2055 2616 paslmus,
2074 2531 2133 2616 qui
2149 2533 2229 2599 sunt
2243 2529 2289 2598 da
2304 2532 2352 2598 la·

499 2669 554 2758 tus
577 2693 611 2756 et
634 2689 680 2756 da
703 2691 807 2773 caput
829 2687 873 2756 ad
908 2689 984 2774 ipse
1007 2688 1162 2774 predicte
1187 2689 1286 2755 vinee
1309 2705 1415 2772 usque
1437 2705 1520 2754 susu
1542 2685 1585 2751 ad
1610 2687 1722 2770 ipsam
1747 2684 1936 2769 predictam
1961 2685 2053 2752 viam
2085 2687 2257 2770 publicam
2287 2703 2353 2769 que

501 2843 618 2928 pergit
641 2845 677 2910 at
700 2844 851 2922 salerno,
877 2843 996 2910 nostre
1018 2843 1064 2909 sit
1085 2842 1274 2927 potestati3
1299 2859 1410 2925 neque
1432 2856 1504 2918 vos,
1530 2857 1640 2924 neque
1664 2838 1801 2923 sergius
1819 2837 1999 2906 calendola
2013 2837 2080 2906 ista
2096 2839 2197 2923 parte
2211 2839 2352 2906 63313316

499 2996 609 3062 333311
633 2994 742 3064 1611313
764 3012 784 3060 3
806 2997 907 3079 33316
932 2997 974 3060 313
997 2993 1119 3060 313333
1143 2993 1187 3060 ab
1210 2993 1288 3078 ipsa
1310 2991 1469 3077 predicta
1490 2990 1549 3056 via
1572 2989 1798 3075 publicaque
1821 2989 1940 3074 pergit
1960 2992 1997 3057 at
2013 2991 2149 3058 salerno
2173 3008 2278 3074 usque
2301 2991 2353 3058 iu-

497 3167 537 3214 su
561 3150 598 3215 31
619 3165 763 3226 marem,
789 3163 913 3232 quomo
935 3144 1114 3214 descendit
1137 3144 1181 3212 33
1204 3145 1292 3211 13133
1315 3144 1397 3210 11316
1411 3143 1454 3211 36
1469 3142 1545 3228 ipsa
1567 3143 1723 3222 ecclesia,
1741 3146 1776 3210 et
1798 3142 1924 3209 333113
1946 3143 2067 3220 131636,
2086 3141 2257 3226 quomodo
2280 3143 2354 3226 ipsa

498 3297 652 3384 predicta
675 3299 802 3385 6633116
825 3249 991 3377 decurrit,
1018 3315 1126 3382 usque
1149 3297 1226 3363 iusu
1250 3298 1287 3363 at
1309 3313 1438 3363 marem
1461 3295 1600 3380 aliquod
1623 3294 1751 3363 ividem
1773 3311 1843 3362 non
1867 3295 2036 3374 haveatis,
2061 3293 2142 3378 quia
2163 3293 2264 3362 nobis
2288 3295 2354 3360 ista

498 3453 595 3534 parte
617 3451 773 3538 predicte
795 3453 936 3520 ecclesie
961 3452 1097 3536 aparte
1113 3449 1157 3518 ab
1172 3451 1296 3518 atrano
1318 3449 1408 3515 nihil
1432 3448 1618 3517 remansit:
1645 3450 1756 3516 solum
1773 3449 1931 3517 haveatis
1945 3450 2149 3533 potestatem
2165 3448 2218 3515 ire
2241 3464 2301 3516 vos
2318 3449 2354 3514 at

406 3659 408 3662 .
499 3604 633 3688 inplere
656 3601 751 3669 omni
774 3603 931 3686 tempore
953 3601 996 3669 de
1019 3601 1097 3687 ipsa
1121 3617 1213 3686 aqua
1235 3603 1278 3668 ab
1301 3601 1511 3686 13333333,
1537 3603 1572 3669 et
1595 3599 1734 3686 quando
1757 3601 1871 3685 ipsum
1901 3603 2062 3668 valneum
2091 3602 2134 3666 ab
2164 3600 2244 3684 ipsa
2265 3615 2354 3665 nuce

497 3755 613 3822 lacere
636 3753 815 3824 volueritis
839 3755 876 3821 at
898 3753 1085 3823 lavandum
1111 3771 1170 3822 vos
1193 3758 1227 3822 et
1248 3755 1407 3822 homines
1429 3757 1574 3834 vestros,
1601 3753 1728 3820 iterum
1750 3752 1929 3821 licentiam
1951 3754 2122 3841 haveatis;
2147 3756 2200 3822 set
2222 3771 2292 3821 non
2307 3753 2357 3819 sa-

498 3907 597 3974 313113
619 3905 868 3976 damnietatem
891 3906 929 3974 in
952 3909 1073 3975 nostra
1094 3924 1212 3986 causa,
1237 3908 1338 3974 61313
1361 3905 1475 3990 ipsum
1500 3905 1693 3992 predictum
1716 3925 1853 3974 cereum
1877 3905 1924 3973 da
1946 3908 2051 3992 caput
2073 3907 2111 3976 in
2133 3927 2228 3986 6333,
2252 3913 2287 3975 61
2309 3906 2355 3974 (13

499 4058 647 4128 medium
670 4060 784 4146 ipsum
807 4062 919 4128 torum
942 4049 1042 4127 indat
1064 4063 1166 4145 parte
1187 4060 1231 4128 de
1253 4062 1400 4142 salerno,
1425 4062 1460 4127 et
1483 4061 1527 4128 ab
1551 4061 1626 4145 ipsa
1649 4058 1805 4146 predicta
1827 4060 1887 4129 via
1908 4059 2069 4146 publica,
2095 4060 2154 4145 qui
2177 4060 2296 4145 pergit
2317 4061 2355 4124 at

495 4213 633 4282 salerno
656 4211 694 4278 in
716 4230 824 4292 susu,
851 4214 921 4282 1316
944 4212 1020 4299 1336
1042 4215 1135 4282 16336
1156 4213 1191 4283 61
1212 4215 1300 4282 61136
1322 4215 1360 4281 in
1383 4213 1580 4282 domnicum
1603 4215 1802 4282 haveamus.
1829 4213 1865 4281 et
1892 4214 2008 4282 taliter
2032 4215 2123 4283 inter
2145 4231 2210 4282 nos
2232 4215 2268 4281 et
2292 4231 2352 4280 vos

495 4365 678 4446 convenit,
704 4369 741 4433 ut
764 4383 875 4451 nequo
897 4381 959 4434 vos
981 4365 1135 4435 haveatis
1164 4365 1339 4434 licentiam
1362 4381 1557 4450 conparare
1580 4366 1641 4432 aut
1664 4365 1842 4432 camniare
1867 4364 1977 4450 ipsam
2007 4366 2203 4451 portionem
2232 4365 2276 4433 de
2297 4385 2353 4434 su-

495 4518 688 4603 prescripta
717 4519 846 4600 leontu,
871 4519 962 4604 quod
985 4519 1090 4587 havet
1112 4519 1181 4587 ista
1203 4521 1304 4604 parte
1326 4518 1489 4586 iamdicto
1510 4520 1655 4587 ecclesie
1676 4537 1697 4586 a
1720 4521 1820 4605 parte
1843 4521 1887 4587 ab
1919 4521 2055 4600 atrano,
2081 4537 2193 4605 neque
2215 4520 2292 4588 illos
2315 4519 2352 4586 in

495 4668 682 4738 donatione
704 4689 774 4740 non
797 4669 974 4757 recipiatis
996 4672 1040 4738 ab
1062 4670 1139 4756 ipsa
1161 4672 1404 4758 suprascripta
1426 4673 1553 4752 leontu,
1572 4691 1683 4757 neque
1698 4673 1742 4740 ab
1758 4671 1942 4741 heredibus
1957 4672 2032 4740 eius
2046 4690 2110 4758 per
2126 4674 2260 4741 nullum
2275 4689 2347 4738 mo·

494 4821 577 4889 (lum
600 4821 637 4890 in
660 4824 890 4911 perpetuum;
914 4842 1027 4911 neque
1049 4842 1114 4893 nos
1136 4843 1206 4894 non
1229 4827 1414 4895 haveamus
1436 4825 1613 4897 licentiam
1636 4845 1828 4912 conparare
1850 4831 1910 4896 aut
1931 4826 2110 4896 camniare
2133 4823 2246 4913 ipsam
2271 4843 2352 4910 por-

495 4975 634 5055 tionem,
660 4977 750 5063 quod
775 4979 876 5048 havet
898 4979 1138 5064 suprascripta
1159 4979 1278 5047 leontu
1300 4979 1363 5048 illa
1385 4981 1484 5064 parte
1507 4978 1661 5065 33631316
1683 4980 1826 5048 ecclesie
1850 4997 1872 5046 a
1895 4981 1994 5064 parte
2017 4997 2039 5047 a
2061 4981 2211 5056 salerno,
2236 4995 2347 5062 neque

492 5128 531 5194 in
552 5127 774 5201 donationem
796 5149 855 5199 eos
877 5148 948 5199 non
971 5131 1185 5218 recipiamus
1208 5133 1253 5200 ab
1275 5131 1354 5219 ipsa
1376 5132 1613 5218 suprascripta
1634 5133 1764 5211 leontu,
1785 5149 1897 5218 neque
1913 5134 1957 5201 ab
1980 5131 2054 5202 eius
2077 5131 2262 5200 heredibus
2285 5147 2351 5214 363

493 5282 623 5350 nullam
648 5281 868 5352 adinventam
892 5283 1061 5353 rationem
1085 5283 1123 5354 in
1147 5302 1284 5353 omnem
1306 5283 1589 5353 deliverationem
1612 5287 1648 5352 et
1668 5285 1706 5352 in
1729 5301 1866 5354 omnem
1879 5283 2148 5372 decesitionem3
2167 5288 2207 5352 ut
2221 5303 2243 5353 3
2257 5301 2351 5352 nunc

491 5429 547 5497 die
569 5433 721 5517 presenti
737 5433 773 5500 et
794 5433 833 5501 in
855 5434 1032 5520 perpetuis
1056 5435 1165 5502 totum
1189 5436 1355 5521 quantum
1372 5452 1436 5503 nos
1452 5434 1551 5502 vobis
1572 5453 1677 5521 super
1700 5434 1736 5501 in
1751 5436 2050 5502 commutationem
2067 5434 2285 5512 tradidimus,
2303 5433 2343 5499 in

494 5555 611 5649 vestra
633 5583 669 5650 et
690 5580 734 5650 de
755 5582 879 5652 vestris
900 5583 1086 5654 heredibus
1110 5583 1156 5654 sit
1178 5585 1346 5671 potestate
1369 5585 1531 5666 havendi,
1557 5585 1706 5666 fruendi,
1732 5585 1941 5672 possidendi,
1967 5585 2149 5666 vindendi,
2175 5583 2341 5663 donandi,

546 5905 569 5977 ¹)
589 5905 758 5976 Platanona,
775 5905 859 5964 locus
871 5907 999 5980 platanis
1013 5907 1154 5966 consitus.
1171 5907 1257 5966 116631
1272 5909 1301 5964 in
1317 5907 1359 5965 Du
1374 5907 1482 5983 Gange.
