5252 7102
540 601 603 662 970
1210 585 1372 660 00qu
1410 587 1642 661 ulqusls

498 829 587 916 ipsis
611 832 712 898 rebus
736 847 813 896 cum
837 829 996 916 partibus
1018 832 1136 899 nostre
1158 829 1302 898 ecclesie
1323 829 1519 898 dibiderent
1541 849 1604 916 per
1627 831 1689 900 illa
1710 831 1892 914 rationem,
1905 835 1997 904 siout
2012 837 2127 922 ipsum
2150 840 2306 906 nostrum
2323 843 2361 906 61

498 979 592 1050 illius
618 981 802 1050 continunt
823 982 951 1050 brebri.
966 985 1002 1050 et
1016 981 1097 1050 darm
1121 1001 1224 1067 super
1247 984 1350 1050 rebus
1373 981 1456 1068 ipsis
1480 985 1557 1069 post
1578 984 1699 1070 espleti
1723 984 1791 1071 ipsi
1806 985 1924 1055 decem
1948 990 2033 1057 anni
2048 1009 2125 1058 cum
2148 991 2258 1062 doctis
2273 995 2365 1061 omi·

494 1139 596 1206 nibus
622 1138 841 1222 perreximus
863 1157 933 1206 una
955 1157 1032 1205 cum
1055 1139 1131 1224 ipso
1154 1141 1281 1214 amato,
1298 1140 1350 1206 set
1372 1156 1442 1204 non
1466 1139 1663 1208 inbenimus
1686 1141 1797 1227 ipsum
1822 1142 2001 1211 arbustum
2026 1148 2194 1215 cultatum
2217 1151 2251 1217 et
2274 1166 2359 1235 ope-

499 1295 630 1372 ratum,
645 1293 735 1361 siout
755 1292 822 1378 ipsi
844 1293 958 1361 brebri
982 1294 1184 1380 continunt3
1207 1293 1395 1377 propterea
1417 1293 1603 1362 secundum
1627 1296 1750 1362 testum
1771 1295 1815 1363 de
1836 1297 1904 1383 ipsi
1921 1298 2037 1366 brehri
2061 1317 2267 1386 componere
2281 1320 2362 1387 par-

360 1427 365 1436 ’
500 1445 594 1514 tibus
615 1447 734 1513 nostre
757 1445 901 1514 ecclesie
923 1445 1041 1514 debuit
1063 1432 1359 1531 compositionem]
1385 1463 1488 1531 quam
1513 1445 1581 1531 ipsi
1605 1449 1721 1516 brebri
1745 1451 1909 1517 continet.
1929 1451 1964 1518 et
1986 1449 2067 1518 dum
2092 1452 2133 1521 de
2156 1469 2196 1518 oc
2210 1455 2363 1538 plurime

499 1599 591 1668 inter
613 1617 677 1668 nos
698 1601 914 1681 altercantes,
941 1601 1098 1670 benimus
1121 1600 1295 1671 internos
1318 1601 1362 1668 ed
1386 1619 1512 1680 vonam
1539 1603 1853 1671 combenientiam:
1879 1607 2040 1690 proceret
2069 1623 2132 1674 nos
2161 1606 2253 1692 cepit
2283 1609 2359 1694 ipse

502 1754 652 1831 amatae,
678 1755 716 1820 ut
739 1753 874 1836 partem
899 1749 941 1818 de
963 1751 1049 1836 ipsis
1072 1753 1174 1818 rebus
1196 1749 1294 1818 nobis
1317 1751 1398 1819 inde
1421 1753 1590 1831 emittere,
1616 1771 1656 1821 eo
1683 1753 1772 1839 quod
1800 1772 1864 1839 pre
1886 1755 2107 1823 multitudine
2133 1758 2282 1842 ipsarum
2309 1779 2363 1828 re-

505 1923 585 1972 rum
609 1905 770 1972 lavorere
793 1907 827 1973 et
849 1903 981 1972 cultare
1002 1923 1078 1973 eam
1103 1921 1174 1972 non
1195 1905 1364 1974 balerent.
1390 1904 1450 1990 qui
1473 1905 1591 1972 stetim
1613 1924 1676 1990 per
1702 1922 1825 1972 vonam
1847 1906 2133 1975 combenientiam
2160 1911 2295 1979 remisit
2316 1912 2363 1980 ad

502 2060 673 2144 potestate
695 2062 814 2128 nostra
846 2061 920 2145 ipse
944 2062 1079 2127 amatus
1101 2060 1144 2128 de
1166 2060 1252 2145 ipsis
1275 2062 1400 2140 rebus,
1427 2079 1530 2144 quam
1552 2079 1614 2145 per
1640 2061 1752 2146 ipsum
1783 2061 1922 2128 brebem
1952 2064 2070 2131 tenere
2099 2062 2237 2143 debuit,
2262 2067 2363 2132 terra

502 2217 612 2282 bacua
634 2215 672 2281 in
695 2232 761 2298 quo
785 2213 843 2282 ille
865 2214 1081 2299 aliquantum
1104 2211 1315 2298 pastenabit,
1342 2215 1376 2280 61
1399 2230 1482 2298 pars
1505 2214 1624 2280 nostre
1649 2214 1791 2281 ecclesie
1813 2213 1892 2282 illut
1914 2213 1958 2281 ad
1982 2214 2232 2298 pastenandum
2266 2215 2365 2284 dedit

502 2367 691 2436 domnandi
713 2366 786 2435 filio
809 2367 921 2434 rocci:
946 2366 1106 2436 similiter
1129 2369 1162 2433 61
1188 2366 1327 2435 admisit
1349 2367 1392 2434 ad
1416 2368 1536 2434 nostra
1559 2369 1764 2452 potestatem
1789 2367 1912 2436 inolita
1934 2368 2115 2438 medietate
2138 2369 2180 2437 de
2199 2371 2275 2455 ipso
2304 2389 2364 2439 ca-

504 2517 692 2588 stanietum
716 2520 853 2603 partem
876 2518 971 2584 illam
993 2519 1038 2584 ab
1061 2517 1241 2596 orientem,
1263 2525 1298 2584 et
1320 2517 1440 2584 inclita
1462 2517 1642 2586 medietate
1664 2516 1708 2586 de
1730 2519 1806 2602 ipso
1834 2519 2077 2587 abellanietum
2108 2526 2242 2605 partem
2265 2522 2364 2590 illam

506 2669 702 2748 ameridie,
719 2672 753 2736 et
775 2670 852 2754 ipsa
875 2668 1058 2738 medietate
1080 2669 1123 2738 de
1148 2669 1222 2755 ipso
1238 2667 1480 2748 castanietum,
1500 2673 1535 2736 et
1553 2670 1631 2754 ipsa
1645 2668 1717 2737 elia
1736 2669 1921 2737 medietate
1939 2670 1982 2738 de
2000 2671 2077 2755 ipso
2101 2673 2364 2752 abellanietum,

505 2820 664 2889 similiter
679 2825 713 2889 et
728 2822 805 2912 ipso
820 2821 1064 2888 abellanietum
1080 2837 1180 2906 quem
1199 2820 1274 2905 ipse
1290 2823 1424 2886 amatus
1440 2820 1639 2904 pastenabit
1653 2838 1715 2905 per
1742 2820 1802 2888 illa
1818 2821 2006 2900 mensuria,
2027 2841 2132 2906 quam
2155 2824 2224 2908 ipsi
2247 2823 2365 2893 brebri

505 2973 698 3060 continunt3
716 2975 796 3040 tunc
813 2973 897 3040 istut
913 2991 979 3058 que
994 2973 1159 3052 diximus,
1177 2974 1251 3059 ipse
1266 2978 1402 3042 amatus
1417 2976 1451 3042 et
1467 2975 1541 3042 eius
1556 2974 1675 3044 eredes
1690 2975 1849 3042 tenerent
1865 2975 1900 3040 et
1917 2975 2117 3042 lavorarent
2133 2975 2192 3044 ille
2215 2979 2250 3043 et
2273 2977 2365 3044 omi-

503 3145 565 3196 nes
580 3145 682 3212 quem
697 3125 755 3194 ille
771 3126 819 3194 ibi
834 3126 993 3196 miserint
1007 3129 1101 3195 omni
1117 3132 1185 3195 tem
1189 3145 1284 3213 pore,
1303 3129 1337 3195 et
1352 3129 1465 3196 omnis
1481 3128 1631 3196 frudium
1649 3128 1847 3195 annualiter
1863 3147 1941 3195 cum
1965 3147 2046 3213 pars
2076 3131 2193 3199 nostre
2215 3129 2366 3198 ecclesie

503 3279 709 3358 dibiderent,
727 3285 762 3347 et
777 3297 835 3348 eos
863 3280 956 3347 omni
979 3277 1081 3344 modo
1104 3280 1307 3346 lavorarent
1331 3297 1393 3364 per
1416 3281 1476 3348 illo
1499 3280 1656 3362 hordine,
1676 3280 1766 3348 sicut
1789 3281 1856 3365 ipsi
1879 3282 1993 3349 brebri
2009 3282 2205 3361 continunt,
2223 3283 2259 3348 et
2285 3281 2365 3367 ipso

504 3437 683 3502 arbustum
697 3437 769 3501 tam
786 3405 884 3502 belus
899 3452 1003 3519 quam
1019 3437 1053 3501 et
1067 3435 1206 3511 nobum,
1225 3433 1312 3517 quod
1330 3377 1390 3500 ille
1408 3435 1605 3518 pastenebit
1621 3437 1678 3520 qui
1701 3438 1754 3505 est
1775 3453 1845 3502 uno
1868 3437 2032 3513 teuieule,
2052 3435 2175 3504 amodo
2198 3437 2233 3503 et
2254 3454 2365 3521 usque

504 3584 777 3671 quadtuoranni
792 3585 990 3652 annualiter
1007 3587 1087 3670 apto
1105 3589 1260 3668 tempore
1275 3587 1437 3653 lavorare
1453 3589 1487 3655 61
1503 3588 1636 3654 cultare
1652 3585 1695 3654 de
1710 3605 1813 3672 super
1828 3591 1863 3654 et
1878 3586 1920 3657 de
1932 3591 2061 3667 subter,
2079 3590 2167 3658 sicut
2179 3591 2273 3655 locus
2288 3587 2367 3673 ipse

507 3740 676 3806 meruerit
690 3740 728 3804 ut
744 3739 829 3806 bene
845 3735 971 3824 paread
986 3739 1181 3806 lavoretum
1199 3741 1235 3805 et
1250 3740 1430 3818 collatum,
1448 3741 1483 3808 et
1498 3740 1695 3806 annualiter
1711 3739 1787 3808 illut
1813 3739 2035 3818 bindemiare,
2055 3742 2090 3805 et
2105 3740 2223 3808 binum
2247 3740 2364 3824 ipsum

506 3897 540 3962 ot
555 3894 668 3961 omnis
683 3910 784 3977 poma
799 3891 924 3960 exinde
940 3911 1018 3959 cum
1044 3911 1127 3978 pars
1150 3896 1269 3960 nostre
1292 3893 1436 3961 ecclesie
1459 3895 1537 3962 illut
1559 3894 1733 3962 dibidere:
1760 3912 1843 3978 pars
1865 3899 1985 3963 nostre
2007 3896 2149 3963 ecclesie
2171 3892 2279 3962 tolled
2301 3911 2365 3962 eos

503 4045 732 4126 medietatem,
751 4050 786 4114 et
801 4047 872 4117 illis
887 4047 1119 4135 medietatem3
1137 4048 1171 4116 et
1186 4065 1271 4132 pars
1285 4049 1405 4114 nostre
1423 4047 1565 4116 ecclesie
1580 4046 1741 4132 adsignet
1765 4047 1815 4116 eis
1844 4047 1970 4115 ibidem
1993 4064 2152 4130 organea
2173 4045 2218 4112 de
2241 4043 2365 4110 binum

501 4207 535 4270 et
552 4199 622 4267 illis
638 4216 794 4284 organea
809 4200 888 4284 ipsa
909 4196 1069 4265 conciare
1085 4214 1187 4276 vona,
1207 4201 1242 4266 et
1264 4199 1435 4284 reponant
1459 4198 1522 4266 illa
1544 4199 1581 4264 111
1604 4216 1684 4267 casa
1708 4198 1767 4265 ubi
1790 4199 1849 4266 ille
1871 4195 2062 4268 residentes
2085 4196 2201 4274 fuerit,
2227 4199 2261 4262 et
2284 4195 2365 4278 ipsa

501 4354 622 4419 nostra
637 4353 790 4420 sortione
806 4355 928 4419 nostre
942 4351 985 4422 de
1000 4349 1075 4436 ipso
1091 4351 1207 4418 binum
1226 4352 1352 4418 ibidem
1370 4354 1542 4436 reponant
1557 4353 1593 4419 et
1608 4352 1740 4419 faciant
1754 4351 1833 4418 illut
1848 4353 1992 4422 salbum.
2011 4349 2120 4416 donec
2144 4365 2226 4431 pers
2242 4347 2365 4414 nostre

501 4502 644 4572 ecclesie
666 4503 748 4571 illut
769 4503 850 4571 inde
873 4504 998 4572 tollant
1019 4506 1147 4590 absque
1170 4504 1440 4588 degeneratione
1463 4507 1498 4570 et
1521 4504 1615 4588 igne,
1641 4505 1677 4571 et
1699 4503 1842 4570 missum
1864 4505 2020 4568 nostrum
2044 4517 2109 4584 que
2136 4515 2217 4584 pars
2243 4499 2365 4565 nostre

504 4652 647 4719 ecclesie
662 4652 789 4720 ibidem
812 4653 1018 4730 direxerint,
1044 4656 1142 4722 illum
1166 4671 1224 4722 eos
1247 4655 1318 4721 illis
1340 4653 1477 4721 nutrire
1500 4652 1686 4720 secundum
1710 4670 1807 4720 suam
1822 4648 2101 4736 possibilitatem.
2126 4646 2169 4714 ad
2197 4646 2366 4729 completi

503 4805 618 4870 autem
635 4803 702 4888 ipsi
719 4804 890 4888 quadtuor
905 4806 989 4872 anni
1015 4806 1085 4873 illis
1107 4808 1222 4872 autem
1244 4805 1367 4889 suique
1390 4802 1549 4873 eredibus
1572 4805 1698 4870 abeant
1719 4803 1890 4887 prefatum
1914 4799 2094 4867 arbustum
2117 4798 2227 4876 betus,
2244 4799 2365 4882 etque

502 4957 564 5028 ille
579 4959 778 5044 pastenabit
793 4961 983 5026 lavoretum
1000 4961 1036 5024 et
1050 4960 1217 5027 cultatum
1232 4958 1276 5027 de
1303 4976 1410 5044 super
1425 4960 1460 5026 et
1482 4957 1669 5037 desubter,
1696 4955 1785 5026 sicut
1806 4958 1901 5024 locus
1924 4953 1999 5040 ipse
2024 4952 2190 5020 meruerit
2212 4957 2251 5017 ut
2273 4949 2364 5018 bene

502 5110 634 5196 paread
650 5112 843 5180 lavoretum
859 5113 894 5178 et
908 5113 1087 5190 cultatum,
1104 5115 1139 5180 et
1160 5113 1229 5179 iam
1254 5111 1290 5179 in
1314 5117 1419 5182 antea
1442 5112 1536 5180 omni
1550 5115 1716 5196 tempore,
1730 5111 1813 5178 dum
1836 5105 2021 5184 boluerint;
2046 5107 2158 5189 ipsum
2182 5104 2362 5170 arbustum

502 5265 643 5333 teneant
657 5267 691 5333 et
707 5266 918 5344 lavorarent,
936 5267 972 5332 et
985 5267 1167 5344 cultarent,
1186 5269 1221 5333 et
1236 5263 1387 5333 frudium
1403 5264 1476 5334 eius
1491 5283 1568 5332 oum
1596 5281 1679 5349 pars
1700 5265 1818 5331 nostre
1841 5259 1984 5330 ecclesie
2007 5257 2042 5324 in
2066 5254 2205 5324 tertiam
2228 5257 2362 5341 partem

501 5411 697 5482 dibiderent,
711 5431 775 5499 per
791 5417 910 5482 homni
926 5413 1085 5494 hordine,
1104 5415 1192 5483 sicut
1207 5415 1273 5501 ipsi
1291 5417 1408 5485 brebri
1423 5416 1614 5496 continunt,
1632 5417 1667 5483 et
1680 5413 1803 5482 amodo
1817 5415 1851 5483 et
1874 5412 1969 5479 omni
1985 5414 2139 5495 tempore
2154 5408 2238 5474 dare
2259 5405 2362 5471 nobis

504 5564 547 5634 de
564 5566 750 5636 medietate
764 5570 967 5638 terraticum
983 5568 1172 5640 secundum
1189 5570 1473 5639 consuetudinem
1489 5571 1532 5639 de
1547 5571 1622 5656 ipso
1637 5571 1750 5638 locum
1767 5586 1833 5654 que
1844 5567 1893 5634 ibi
1915 5564 2175 5636 seminaberint.
2194 5559 2284 5627 unde
2300 5577 2365 5646 per

503 5737 595 5789 rona
610 5721 862 5788 combenientia
877 5722 1007 5807 guedia
1022 5726 1122 5794 nobis
1138 5725 1213 5810 ipse
1227 5728 1364 5796 amatus
1379 5725 1473 5794 dedit
1487 5728 1522 5794 et
1537 5724 1762 5794 mediatorem
1778 5721 1878 5790 nobis
1893 5721 2008 5806 posuit
2022 5737 2059 5787 se
2082 5717 2217 5802 ipsum3
2241 5717 2276 5780 et
2297 5727 2363 5796 per

502 5873 623 5943 eedem
641 5873 773 5960 guallia
790 5875 982 5960 hobligabit
998 5895 1034 5946 se
1050 5893 1180 5965 suoque
1194 5879 1306 5958 erede,
1327 5881 1364 5948 ut
1386 5878 1415 5948 si
1439 5877 1575 5964 eliquit,
1593 5877 1636 5946 de
1651 5874 1820 5963 quomodo
1846 5873 2005 5958 superius
2029 5870 2169 5956 legitur,
2188 5863 2359 5952 quesierit
