5286 7098
976 533 979 540 r

980 574 1354 647 allelollullcbs
1982 596 2042 656 lzltl

233 828 326 895 litati
349 827 398 893 ibi
422 827 562 902 laceret,
589 828 624 891 61
646 823 752 891 vinea
771 820 954 906 plantaret,
980 822 1013 888 et
1037 818 1150 886 omnis
1173 819 1292 904 fruges
1314 821 1348 887 et
1370 819 1488 886 uinum
1512 825 1545 887 et
1568 821 1722 906 quicquit
1746 824 1942 890 annualiter
1965 826 2091 893 ibidem

231 981 377 1049 redierit
392 983 428 1047 et
444 978 576 1056 fecerit,
597 954 719 1043 amodo
734 976 769 1044 et
784 992 889 1059 usque
905 973 1067 1058 completi
1084 971 1160 1038 octo
1176 972 1272 1050 anni,
1288 972 1359 1037 toto
1375 972 1514 1040 illorum
1530 975 1574 1038 sit
1590 975 1763 1058 potestati.
1780 976 1823 1042 ad
1841 977 2001 1064 completi
2021 982 2088 1065 ipsi

230 1139 356 1204 nobem
373 1134 457 1200 anni
473 1131 544 1199 illis
559 1132 594 1199 et
609 1130 681 1199 suis
697 1127 883 1196 heredibus
899 1127 1048 1195 habeant
1063 1126 1100 1192 in
1117 1127 1196 1211 ipsa
1211 1129 1305 1193 terra
1321 1125 1415 1193 inira
1430 1127 1505 1210 1666
1521 1127 1602 1194 finis
1626 1130 1661 1194 et
1683 1131 1856 1198 mensurie
1880 1133 1981 1198 vinea
1998 1134 2089 1201 sacta

229 1292 266 1355 et
282 1288 408 1363 lebate,
428 1286 462 1350 et
484 1285 684 1370 cooperata,
710 1283 748 1350 et
767 1281 811 1348 de
837 1297 940 1365 super
964 1279 998 1345 et
1020 1277 1064 1346 de
1086 1278 1188 1362 66616
1212 1279 1419 1356 laboratam,
1446 1277 1535 1344 sicut
1558 1281 1653 1344 locus
1677 1279 1750 1363 ipse
1774 1282 1952 1362 meruerit,
1971 1285 2008 1350 ut
2031 1287 2088 1353 be-

229 1461 276 1510 ne
291 1439 419 1527 paread
435 1427 628 1507 laboratum
646 1441 680 1506 et
696 1439 877 1516 cultatem,
896 1439 930 1503 61
945 1434 1077 1520 pomis;
1096 1435 1131 1500 et
1146 1432 1319 1516 plicarent
1335 1451 1372 1500 se
1388 1432 1458 1499 illis
1474 1435 1507 1500 61
1523 1436 1594 1502 6616
1617 1433 1814 1514 heredibus,
1834 1439 1868 1503 ot
1892 1439 1999 1505 totum
2025 1459 2088 1525 per

230 1598 305 1680 ipse
328 1593 410 1662 finis
426 1595 460 1660 61
474 1593 662 1670 mensuris,
682 1591 788 1659 66661
813 1593 916 1658 extra
938 1589 1017 1673 ipsa
1040 1587 1219 1654 mensuria
1242 1579 1416 1692 1111161616
1439 1587 1516 1672 ipsa
1541 1589 1643 1655 rebus
1662 1583 2089 1677 6661661666611611666

228 1749 320 1814 sacta
335 1746 534 1825 habuerint,
552 1748 661 1812 totum
684 1763 747 1830 per
761 1743 911 1812 medium
927 1741 1097 1827 equaliter
1114 1741 1206 1808 inter
1222 1757 1286 1807 nos
1302 1740 1380 1807 illut
1395 1739 1606 1808 dividamus:
1625 1758 1689 1808 nos
1705 1743 1759 1844 uel
1783 1743 1920 1809 nostros
1943 1744 2087 1814 heredes

227 1901 388 1967 tollamus
404 1899 483 1964 illut
500 1897 733 1973 medietatem,
753 1896 788 1962 61
803 1895 943 1961 illorum
960 1891 1051 1960 etad
1069 1909 1189 1959 eorum
1213 1890 1356 1960 heredes
1379 1891 1557 1959 tradamus
1580 1892 1658 1959 illut
1681 1895 1717 1960 in
1734 1896 1846 1962 sortes
1868 1894 2086 1963 medietatem

226 2070 303 2119 cum
327 2051 404 2118 vice
427 2049 470 2118 de
493 2049 549 2116 bia
572 2067 635 2116 sua
649 2051 683 2117 et
697 2049 772 2115 vice
787 2047 830 2114 de
846 2049 924 2132 1666
939 2047 1084 2112 1661666
1100 2063 1177 2111 cum
1195 2045 1269 2112 vioe
1292 2044 1335 2110 de
1360 2046 1418 2111 bia
1440 2063 1514 2124 sua,
1541 2045 1627 2112 sicut
1652 2047 1788 2112 brebem
1813 2047 1952 2114 illorum
1978 2049 2088 2115 conti·

225 2209 295 2273 net.
322 2205 472 2273 reditum
496 2207 531 2271 et
553 2207 779 2290 palmentum,
798 2202 888 2287 quod
911 2202 957 2268 ibi
974 2203 1171 2278 habuerint,
1190 2201 1219 2266 si
1236 2201 1389 2268 ebenerit
1412 2201 1447 2265 in
1472 2201 1548 2282 ipsa
1562 2203 1655 2267 sorte
1672 2201 1822 2278 illorum,
1842 2201 1990 2269 habeant
2012 2203 2087 2269 illut

224 2357 301 2434 sibi,
328 2356 415 2424 etsi
438 2355 589 2424 ebenerit
610 2356 648 2422 16
671 2355 749 2439 1666
772 2355 864 2422 sorte
887 2355 1016 2432 nostra,
1036 2353 1212 2420 licentiam
1236 2353 1389 2418 habeant
1412 2351 1490 2416 illut
1512 2350 1639 2418 exinde
1654 2349 1857 2421 disturbare
1873 2357 1908 2419 et
1924 2357 2087 2422 excutere

224 2529 301 2576 cum
324 2510 437 2576 omnis
453 2527 515 2576 sua
531 2525 634 2578 causa
657 2526 722 2593 quo
745 2507 794 2573 ibi
817 2507 1002 2576 habuerint
1024 2507 1060 2574 et
1081 2505 1261 2572 reduceret
1284 2505 1361 2570 illut
1385 2505 1421 2569 in
1444 2505 1523 2588 1666
1545 2518 1609 2570 666
1632 2503 1784 2570 sortione
1807 2504 1883 2571 sine
1906 2505 2088 2572 cuiuslibet

225 2647 487 2732 contrarietate
507 2661 669 2746 Sequitur
678 2663 833 2744 farmala
847 2663 1016 2730 66666616.
1035 2662 1070 2728 61
1092 2662 1120 2726 61
1146 2662 1261 2726 taliter
1284 2661 1349 2730 616.
1370 2660 1432 2731 (161
1449 2662 1561 2741 pecte
1581 2676 1647 2725 non
1670 2663 1780 2724 seruet
1802 2659 1972 2726 6111116166
1994 2662 2090 2742 quin-
2116 2619 2121 2628 '

226 2817 394 2900 qnaptntu
409 2815 525 2883 aureis
540 2813 657 2882 solidis
673 2813 966 2886 666616611616616.
988 2815 1023 2878 61
1046 2816 1139 2879 hunc
1163 2776 1303 2879 brebem*
1317 2810 1438 2878 scribsi
1456 2827 1522 2894 ego
1538 2811 1655 2896 petrus
1678 2811 1836 2878 notarius
1852 2811 1908 2895 qui
1933 2808 2084 2879 intertui.

287 2940 396 3053 †eg0
412 2967 587 3036 maraldus

287 3092 315 3204 †
331 3139 397 3204 ego
415 3121 566 3189 arechisi
582 3118 740 3186 notarius
756 3137 811 3186 me
827 3119 1014 3202 subscripsi

287 3245 316 3358 †
330 3293 396 3358 ego
413 3273 580 3342 iohannes

288 3399 398 3510 †ego
414 3425 612 3493 radoaldus.

1031 3867 1282 4011 CCCXH.

1008 4177 1064 4252 A.
1102 4178 1153 4254 D.
1192 4176 1296 4256 979.

287 4437 322 4572 †
339 4491 378 4554 16
394 4487 535 4554 nomine
551 4485 682 4554 domini
694 4486 869 4555 tricesimo
884 4490 982 4556 sexto
995 4504 1087 4554 anno
1099 4487 1319 4572 principatus
1334 4486 1451 4555 domni
1469 4489 1578 4556 nostri
1593 4487 2091 4579 6611611161661661611661616,

226 4643 264 4706 61
280 4640 395 4724 primo
411 4639 591 4706 66666166
607 4640 748 4718 salerni,
768 4640 937 4724 etquinto
963 4656 1054 4706 anno
1077 4639 1295 4724 principatus
1317 4639 1434 4706 domni
1458 4639 1600 4726 paldolti
1623 4642 1698 4708 eius
1720 4641 1929 4722 1111166666
1951 4647 2096 4714 martius

229 4794 385 4878 septima
402 4791 602 4860 indictione.
622 4793 904 4860 memoratorium
921 4795 1049 4860 1661616
1062 4811 1082 4859 6
1094 4795 1192 4863 nobis
1207 4795 1444 4862 constantinus
1455 4797 1490 4861 et
1501 4797 1619 4878 petrus
1632 4797 1793 4880 germani
1804 4797 1868 4864 tilii
1881 4798 2021 4866 iohanni
2033 4803 2092 4885 qui

227 4964 404 5031 sparanus
419 4939 568 5026 vocabit,
587 4945 733 5032 eoquod
751 4947 788 5014 in
804 4948 1037 5016 sacratissimo
1053 4926 1266 5017 salernitano
1282 4949 1412 5034 palatio
1427 4952 1508 5016 6616
1522 4951 1709 5034 subscripti
1731 4950 1875 5033 ydoneis
1899 4955 2093 5021 hominibus

226 5118 294 5184 per
317 5101 409 5166 bona
432 5100 684 5167 combenientia
699 5099 918 5168 tradiderunt
939 5103 1038 5171 nobis
1061 5103 1150 5168 mari
1166 5101 1238 5170 tilio
1263 5103 1365 5172 ciceri
1389 5105 1425 5170 et
1448 5105 1585 5170 amatus
1607 5099 1766 5189 nepotem
1790 5107 1864 5171 eius
1886 5105 1979 5172 filius
2002 5109 2092 5190 petri
2167 5198 2170 5204 μ

227 5267 303 5316 666
315 5249 415 5335 66616
425 5249 468 5317 de
485 5251 633 5318 terrain
649 5269 717 5337 quo
731 5268 813 5337 pars
829 5253 1046 5337 pastenatum
1063 5255 1127 5332 est,
1142 5255 1177 5320 et
1192 5233 1338 5320 bacuum
1355 5271 1424 5320 uno
1438 5255 1590 5323 tentante
1605 5253 1695 5338 quod
1710 5255 1844 5320 habunt
1855 5253 1891 5319 16
1903 5255 2017 5320 locum
2030 5256 2092 5326 fel·

227 5401 301 5469 line
318 5401 446 5469 tinibus
461 5369 695 5484 salernitanis,
716 5403 753 5471 in
770 5405 886 5472 monte
902 5403 960 5489 qui
976 5403 1103 5470 dicitur
1121 5405 1279 5484 betranu,
1297 5405 1356 5490 qui
1374 5403 1476 5471 modo
1491 5405 1708 5471 collexerunt
1722 5402 1766 5469 da
1782 5405 1925 5483 sessum,
1943 5405 1998 5471 cui
2015 5423 2094 5490 pre-

139 5627 140 5631 ,
226 5557 345 5624 teritis
361 5558 441 5624 illut
457 5556 501 5625 ad
517 5557 771 5643 pastenandum
787 5559 952 5626 traditum
968 5560 1177 5646 habuerunt3
1194 5562 1229 5627 et
1244 5563 1296 5628 661
1311 5562 1406 5629 terra
1423 5560 1498 5644 ipsa
1514 5576 1577 5644 per
1600 5559 1664 5626 hec
1686 5557 1768 5625 11616
1784 5559 1818 5625 61
1834 5559 2031 5626 mensurio:
2049 5558 2093 5627 de

226 5711 319 5797 pede
334 5712 406 5779 fine
421 5712 577 5798 ipsorum
593 5714 669 5781 thio
683 5715 717 5784 et
731 5717 893 5800 nepotem
909 5715 944 5782 et
969 5712 1011 5782 de
1039 5715 1215 5781 consortes
1233 5730 1364 5794 eorum,
1393 5715 1475 5780 sunt
1502 5710 1630 5780 exinde
1652 5711 1747 5795 passi
1774 5711 1935 5796 triginta:
1953 5709 1996 5778 de
2022 5730 2093 5780 una

227 5868 330 5950 parte
354 5865 425 5934 fine
448 5865 491 5934 de
513 5864 658 5935 heredes
680 5839 754 5935 ursi
777 5865 852 5934 thio
874 5865 1040 5934 illorum:
1066 5864 1109 5932 de
1133 5883 1236 5950 super
1259 5867 1359 5949 parte
1385 5885 1406 5933 a
1430 5867 1531 5948 parte
1559 5862 1601 5930 de
1624 5880 1724 5932 serra
1750 5863 1820 5931 1166
1843 5862 1997 5948 ipsorum
2021 5867 2097 5931 thio

446 5993 508 6038 ron.
522 5992 554 6038 11.
971 5986 996 6038 .“
1937 5990 1964 6034 rr
