5252 7102
1080 548 1450 624 orphontTlctls
2087 579 2148 640 293

323 785 482 869 predicti
497 786 745 872 arhiepiscopii
762 786 902 854 illorum
919 787 1150 872 imponerent,
1165 792 1332 876 nequead
1349 811 1469 861 cruces
1483 797 1537 862 νε]
1553 795 1687 866 codices
1704 798 1899 878 lebaudum,
1919 808 1979 870 aut
1996 805 2194 872 battismum
2237 805 2239 809 ’

324 937 542 1016 faciendum,
559 939 620 1004 aut
635 937 705 1004 illis
720 939 1027 1019 escommunicare,
1044 945 1105 1008 aut
1120 944 1272 1026 qualibet
1288 946 1563 1014 molestationem
1579 965 1697 1016 eorum
1713 951 1840 1032 facere,
1858 955 1909 1020 sct
1925 955 2019 1022 omni
2037 958 2194 1041 tempore

325 1087 369 1156 in
385 1107 447 1160 suo
463 1091 584 1174 vigore
600 1093 635 1158 et
657 1089 800 1157 arbitrio
816 1090 1040 1175 persisterent
1055 1093 1183 1178 absque
1199 1096 1292 1162 omni
1310 1095 1520 1180 pertinentia
1543 1101 1577 1166 et
1600 1099 1837 1171 dominatione
1859 1107 2018 1188 partibus
2040 1108 2188 1192 predicti

324 1241 593 1328 arhiepiscopii.
612 1244 647 1308 et
669 1242 743 1328 ipse
766 1241 912 1310 domnus
928 1244 1190 1328 arhiepiscopus
1214 1249 1249 1312 et
1271 1248 1344 1314 suis
1368 1251 1619 1316 successoribus
1641 1255 1838 1322 annualiter
1855 1257 1892 1322 in
1915 1257 2006 1324 diem
2030 1262 2189 1326 sanctum

323 1394 422 1461 iobis
437 1395 534 1462 daret
549 1393 593 1460 ad
609 1392 744 1463 clericis
759 1396 812 1460 vel
831 1393 874 1460 ad
889 1393 975 1478 ipsis
998 1397 1178 1464 abbatibus
1202 1398 1363 1468 iamdicta
1385 1401 1526 1470 ecclesie
1550 1406 1669 1471 sancte
1692 1406 1800 1474 marie
1822 1409 1968 1473 formata
1991 1411 2026 1476 et
2048 1427 2109 1494 per
2133 1409 2188 1480 die

321 1549 444 1616 sabati
460 1548 571 1616 sancti
590 1548 722 1632 grisma
736 1549 771 1614 et
787 1549 899 1614 oleum
916 1549 1072 1614 sanctum
1089 1551 1215 1634 absque
1231 1552 1325 1617 omni
1341 1555 1484 1620 serbitio
1508 1557 1543 1621 et
1552 1507 1716 1636 datione,
1742 1547 1777 1625 et
1799 1562 2003 1642 potestatem
2029 1563 2182 1645 aberent,

319 1699 466 1783 quando
483 1699 685 1778 meruerint,
704 1717 841 1766 cereum
859 1695 1064 1766 benedicere
1087 1701 1121 1766 et
1144 1701 1341 1770 battismum
1366 1703 1481 1773 facere
1503 1708 1535 1770 et
1560 1708 1678 1774 omnia
1700 1709 1929 1776 ecclesiastico
1952 1711 2085 1790 ordine,
2104 1731 2186 1797 quo-

321 1851 430 1917 modo
445 1855 480 1918 et
496 1853 646 1934 qualiter
662 1849 820 1929 voluerit,
840 1853 875 1917 et
890 1867 979 1934 aqua
993 1851 1217 1920 sanctaflcata
1233 1872 1295 1938 per
1311 1856 1405 1922 bicos
1422 1856 1614 1924 bicinantes
1636 1877 1815 1943 spargere,
1842 1863 1877 1928 et
1890 1865 2017 1932 'cruces
2040 1881 2181 1948 ponere,

321 2003 365 2068 et
379 2003 535 2066 mortuos
550 2001 709 2084 sepelire,
727 2003 762 2066 et
776 2001 933 2067 infirmos
948 1999 1106 2067 bisitaret
1122 2002 1155 2066 et
1172 2001 1453 2082 communicaret,
1471 2007 1505 2070 et
1521 2003 1563 2071 de
1579 2023 1685 2072 causa
1700 2007 1809 2091 ipsius
1825 2010 1968 2076 ecclesie
1985 2013 2020 2077 et
2034 2010 2076 2076 de
2099 2012 2185 2096 ipsis

317 2154 507 2221 abhatibus
522 2155 556 2220 et
568 2153 716 2232 clericis,
731 2155 767 2220 et
778 2171 844 2238 que
855 2171 918 2238 per
935 2153 1002 2236 ipsi
1019 2154 1180 2236 germani
1199 2157 1233 2220 et
1248 2173 1310 2238 per
1327 2155 1465 2222 illorum
1481 2157 1600 2224 eredes
1617 2161 1651 2224 et
1667 2177 1730 2242 per
1747 2161 1826 2226 aliis
1843 2161 1877 2226 in
1892 2161 2012 2228 eadem
2036 2164 2183 2232 ecclesia

316 2303 444 2372 datum
460 2308 494 2371 et
510 2306 667 2372 offertum
686 2306 802 2383 suerit,
821 2304 864 2371 de
880 2323 943 2372 sua
959 2323 1061 2372 causa
1081 2307 1205 2374 stabile
1223 2309 1276 2375 vel
1293 2309 1416 2376 mobile
1439 2311 1570 2376 nullam
1593 2313 1751 2395 quereret
1774 2313 1893 2380 tollere
1917 2315 1978 2379 aut
2000 2316 2181 2402 contrare;

314 2458 375 2525 set
390 2458 483 2524 omni
502 2461 656 2541 tempore
672 2459 751 2524 exet
773 2458 811 2523 in
833 2460 1004 2542 potestate
1031 2458 1074 2525 de
1100 2460 1186 2543 ipsis
1213 2461 1392 2528 abbatibus
1418 2464 1451 2526 et
1477 2462 1624 2540 clericis,
1643 2462 1703 2546 qui
1730 2463 1767 2528 in
1793 2463 1871 2547 ipsa
1897 2467 2042 2532 ecclesia
2066 2469 2182 2534 sancte

317 2611 435 2678 marie
450 2609 590 2685 luerint,
609 2608 802 2676 faciendum
819 2609 907 2693 quod
923 2609 1083 2694 actuaria
1101 2613 1140 2675 ut
1154 2629 1262 2695 neque
1278 2613 1352 2694 ipse
1368 2611 1560 2678 domnellus
1576 2614 1710 2692 abbate,
1724 2631 1836 2698 neque
1853 2615 1937 2700 ipsis
1953 2617 2180 2685 aliisabbati-

314 2764 384 2828 bus
399 2764 453 2828 νε]
469 2761 724 2827 successoribus
739 2761 798 2827 aut
813 2758 950 2825 clericis
973 2757 1016 2825 de
1046 2759 1123 2842 ipsa
1149 2762 1295 2828 ecclesia
1323 2763 1441 2846 aliqua
1469 2763 1740 2829 molestationem
1767 2765 1946 2848 paciantur
1973 2785 1995 2832 a
2022 2769 2180 2850 partibus

317 2913 470 2998 predicti
485 2911 749 2996 arhiepiscopii:
768 2911 929 2979 similiter
946 2911 979 2978 et
995 2909 1062 2994 ipsi
1081 2911 1141 2977 alii
1165 2913 1360 2994 presbiteri,
1379 2914 1437 2997 qui
1460 2912 1611 2982 ordinati
1641 2913 1771 2981 fuerint
1786 2915 1824 2980 in
1847 2917 1921 3000 ipse
1945 2917 2013 2982 alie
2036 2917 2178 2985 ecclesie

318 3063 476 3132 subiecta
492 3065 526 3129 et
540 3063 755 3148 pertinentes
772 3061 926 3146 predicte
942 3062 1085 3129 ecclesie
1101 3065 1219 3128 sancte
1236 3062 1357 3140 marie,
1376 3065 1505 3130 nullam
1523 3063 1796 3130 molestationem
1814 3067 1985 3148 patiantur
2001 3067 2045 3132 ab
2061 3066 2176 3150 ipsum

313 3177 600 3302 arhiepiscopum
628 3219 681 3284 vel
709 3215 752 3282 da
778 3216 853 3282 eius
879 3231 1103 3282 successores.
1129 3218 1382 3294 verumtamen,
1411 3217 1439 3282 si
1468 3216 1614 3284 heredes
1640 3217 1683 3284 de
1709 3218 1898 3302 supradicti
1926 3220 2092 3302 germani
2114 3237 2175 3302 per

310 3364 515 3449 supradicto
532 3365 654 3432 ordine
670 3367 706 3431 in
722 3365 800 3448 ipsa
816 3365 961 3430 ecclesia
976 3365 1093 3432 sancte
1107 3363 1218 3430 marie
1234 3366 1361 3448 absque
1377 3365 1553 3431 dationem
1570 3365 1716 3434 voluerit
1731 3365 1892 3433 ordinare
1909 3369 2061 3445 abbates
2081 3368 2177 3452 pote-

312 3521 441 3586 statem
461 3517 581 3587 aberet
597 3536 732 3602 semper
750 3517 929 3583 abbatibus
946 3519 980 3582 et
997 3517 1134 3583 clericis
1150 3517 1278 3584 ibidem
1294 3518 1455 3586 ordinare
1470 3523 1505 3585 et
1524 3521 1627 3586 abere
1643 3539 1705 3604 por
1729 3519 1790 3588 illo
1812 3519 1943 3598 ordine,
1962 3521 2051 3588 siout
2074 3539 2174 3605 supe-

315 3669 393 3735 rius
409 3667 550 3752 legitur,
570 3668 620 3734 ita
636 3669 672 3733 ut
696 3668 829 3734 nullum
856 3666 1034 3734 sorbitium
1060 3669 1244 3750 quererent
1270 3667 1351 3734 inde
1381 3671 1503 3736 tollere
1530 3673 1582 3737 rel
1610 3673 1725 3756 abere;
1745 3673 1779 3737 et
1804 3669 1835 3737 si
1862 3670 2004 3739 heredes
2030 3673 2170 3738 illorum

316 3819 441 3906 aliquit
458 3821 638 3890 serbitium
654 3822 709 3888 νε]
725 3819 899 3886 dationem
916 3819 1042 3886 exinde
1058 3821 1189 3897 tulerit,
1209 3823 1269 3886 aut
1284 3821 1314 3887 si
1338 3821 1416 3905 ipsa
1440 3824 1587 3890 ecclesia
1609 3824 1646 3888 in
1670 3824 1730 3889 illo
1754 3821 1886 3902 ordine,
1906 3824 1995 3890 sicut
2017 3825 2176 3908 superius

314 3972 458 4056 legitur,
477 3987 545 4037 non
562 3969 813 4046 ordinaberint,
832 3971 913 4034 tunc
929 3968 979 4035 sic
1003 3969 1124 4036 aberet
1150 3971 1354 4052 potestatem
1381 3970 1468 4054 ipsis
1495 3972 1673 4038 abbatibus
1700 3973 1734 4039 et
1760 3974 2009 4041 successoribus
2037 3975 2072 4038 et
2100 3975 2175 4057 ipsa

313 4125 605 4208 congregationes
621 4123 768 4190 ecclesia
783 4122 861 4206 ipsa
876 4120 1051 4198 ordinare,
1067 4124 1101 4190 et
1118 4124 1247 4200 tenere,
1263 4123 1298 4188 et
1314 4142 1448 4208 regere,
1466 4126 1501 4190 et
1514 4125 1708 4206 gubernare
1721 4125 1755 4190 et
1771 4125 1894 4202 facere,
1910 4124 2058 4209 qualiter
2074 4142 2175 4207 supe-

310 4278 385 4344 rius
402 4277 546 4363 legitur3
564 4280 598 4345 et
621 4277 791 4360 obligabit
821 4274 952 4358 seipse
975 4273 1121 4342 domnus
1147 4275 1409 4360 arhiepiscopus
1432 4283 1466 4343 et
1488 4276 1559 4343 suis
1582 4277 1847 4354 successoribus
1866 4276 1895 4342 si
1919 4277 2034 4344 taliter
2058 4276 2174 4343 omnia

310 4428 555 4514 suprascripta
569 4447 639 4496 non
658 4427 926 4512 adimpleberint
949 4428 983 4493 et
1009 4426 1134 4510 aliquit
1159 4426 1202 4495 de
1226 4445 1269 4493 ea
1294 4445 1361 4512 que
1376 4427 1535 4512 superius
1551 4428 1692 4511 legitur,
1718 4429 1884 4512 quesierit
1908 4430 2085 4498 remobere
2113 4432 2174 4495 aut

312 4583 488 4660 contrare,
507 4599 713 4665 componere
728 4580 896 4665 obligabit
911 4600 947 4648 se
961 4581 995 4648 et
1008 4579 1080 4647 suis
1096 4581 1347 4649 successoribus
1363 4580 1516 4665 ipsorum
1541 4580 1702 4665 germani
1726 4581 1780 4647 vel
1804 4580 1849 4646 ad
1873 4581 2012 4648 illorum
2036 4579 2172 4648 heredi·
2302 4654 2305 4660 .

315 4735 377 4802 bus
398 4735 454 4802 νε]
477 4733 520 4800 ad
548 4733 634 4818 ipsis
662 4735 844 4800 abbatibus
871 4732 1040 4817 quadtuor
1067 4732 1164 4800 milia
1190 4735 1269 4800 auri
1295 4733 1424 4801 solidos
1448 4733 1671 4800 costantinos.
1692 4733 1823 4817 scripta
1849 4733 1928 4817 ipsa
1955 4735 2089 4801 cartula
2115 4752 2177 4818 per

315 4884 542 4970 aghenardus
557 4883 727 4963 notarius,
745 4887 779 4952 et
795 4883 922 4952 ibidem
939 4883 1059 4969 scripti
1076 4901 1143 4969 ego
1158 4884 1215 4968 qui
1232 4903 1340 4969 supra
1356 4887 1492 4954 amatus
1508 4883 1639 4952 domini
1666 4885 1785 4970 gratia
1810 4885 2083 4970 arhiepiscopus,
2109 4904 2175 4970 ego

312 5035 490 5104 dauferius
507 5035 752 5104 arhidiaconus
768 5037 803 5102 et
828 5037 932 5104 abbas
960 5038 1115 5120 cappella
1142 5035 1280 5120 palatii,
1306 5054 1373 5120 ego
1401 5037 1461 5120 qui
1487 5053 1596 5120 supra
1622 5037 1740 5120 petrus
1767 5035 1887 5116 iudex,
1915 5053 1981 5120 ego
2007 5035 2174 5102 iohannes

314 5186 462 5254 clericus
478 5191 513 5254 et
540 5187 803 5272 arhipresbiter,
821 5205 887 5270 ego
915 5186 972 5270 qui
999 5203 1107 5270 supra
1135 5185 1292 5270 disigius,
1312 5203 1380 5270 ego
1406 5187 1553 5272 altanus,
1571 5204 1637 5270 ego
1663 5187 1768 5264 maio,
1786 5203 1854 5269 ego
1881 5185 1940 5270 qui
1967 5203 2075 5271 supra
2099 5187 2172 5252 toto

312 5340 430 5406 scriba
444 5340 589 5424 palatii.¹
599 5343 681 5407 Gum
699 5341 815 5406 autem
830 5341 901 5406 tota
915 5338 1118 5424 supradicta
1133 5339 1326 5408 monimina
1342 5339 1407 5408 suit
1423 5341 1562 5418 relecta,
1578 5338 1874 5422 interrogabimus
1887 5335 2000 5421 ipsum
2013 5337 2172 5404 abbatem

312 5487 462 5573 predicti
479 5489 680 5558 monasterii
697 5492 732 5556 et
747 5488 939 5575 predictum
956 5488 1030 5557 eius
1047 5488 1302 5570 adbocatorem,
1318 5492 1348 5557 si
1365 5493 1523 5559 beracem
1541 5493 1630 5558 esset
1645 5489 1722 5573 ipsa
1737 5487 1961 5572 scriptionem
1978 5506 2080 5572 quam
2097 5488 2174 5573 ipse

310 5638 508 5707 domnellus
525 5639 648 5706 abbate
664 5639 801 5717 ostedit‚
816 5639 943 5707 emissa
958 5640 1068 5726 ipsius
1083 5638 1236 5708 friderisi
1253 5639 1299 5708 da
1316 5641 1431 5725 ipsum
1447 5639 1592 5708 domnus
1608 5638 1794 5706 radoaldus
1811 5640 1918 5706 abbas
1934 5637 1975 5707 de
1988 5637 2063 5725 ipsa
2079 5641 2174 5706 terra

317 5792 413 5857 inter
430 5791 506 5876 ipso
522 5811 622 5858 muro
638 5795 672 5860 et
687 5791 859 5859 muricino
876 5810 938 5876 per
953 5790 1150 5877 supradicte
1164 5790 1245 5860 flnis
1260 5795 1294 5860 et
1309 5790 1504 5859 mensurie:
1522 5791 1594 5876 ipse
1609 5790 1758 5859 domnus
1775 5792 1959 5860 radoaldus
1975 5791 2079 5860 abbas
2102 5809 2174 5858 una
