5252 7102
974 615 1349 690 DlPLOMhTICUS
1982 635 2044 698 273
2144 681 2147 688 .

223 883 311 933 cum
327 865 440 950 ipsum
458 861 699 932 advocatorem
716 863 874 928 nostrum
890 860 1085 945 recepimus
1100 877 1123 928 a
1138 861 1198 927 bos
1210 858 1364 927 iamdicti
1379 859 1509 928 domno
1522 861 1718 947 guaimario
1733 859 1895 950 principe
1917 867 1952 935 et
1968 867 2090 937 iohan-

223 1037 311 1088 nem
327 1017 456 1085 comite
473 1017 549 1102 ipse
564 1014 684 1083 decem
702 1012 793 1081 libre
808 1012 961 1098 argenti.
980 1013 1014 1080 et
1030 1029 1093 1079 nos
1108 1028 1174 1098 pro
1189 1013 1306 1080 taliter
1321 1031 1384 1098 per
1401 1028 1491 1081 vona
1506 1015 1760 1084 combenientia
1782 1019 1864 1086 ante
1878 1018 1992 1104 ipsum
2009 1022 2090 1090 mis·

223 1189 307 1241 sum
324 1171 360 1240 et
374 1172 496 1256 petrus
511 1167 659 1237 iudicem
674 1169 709 1236 et
724 1166 792 1252 ipsi
809 1165 954 1250 ydoneis
976 1165 1172 1234 hominibus
1196 1184 1259 1252 per
1282 1169 1375 1234 hanc
1399 1168 1567 1235 cartulam
1590 1167 1794 1239 tradidimus
1815 1174 1851 1240 et
1873 1174 2091 1244 confirmabi·

224 1341 310 1391 mus
334 1319 433 1389 robis
460 1318 611 1405 predicti
638 1317 801 1402 germani
829 1315 1033 1402 supradicta
1058 1317 1233 1385 hecclesia
1260 1319 1376 1387 sancte
1403 1319 1525 1398 marie,
1551 1337 1619 1404 que
1645 1319 1803 1406 superios
1828 1321 1993 1402 diximus,
2010 1323 2090 1410 ipsa

225 1475 360 1544 domna
372 1474 582 1559 sichelgaita
598 1473 807 1560 principissa
822 1472 1000 1557 genetrice
1015 1475 1134 1540 vestra
1149 1472 1187 1540 in
1204 1473 1282 1558 ipsa
1298 1475 1394 1542 terra
1409 1491 1471 1542 sua
1486 1476 1597 1542 bacua
1612 1475 1705 1542 infra
1721 1475 1922 1562 supradicto
1939 1497 2039 1546 muro
2055 1481 2092 1548 et

229 1628 404 1698 muricino
418 1627 462 1697 ad
479 1629 618 1696 culmen
633 1627 669 1692 et
683 1624 935 1693 dedicationem
952 1623 1128 1710 perduxit,
1146 1627 1181 1694 et
1195 1643 1315 1693 omnes
1337 1626 1426 1694 alias
1449 1627 1639 1696 hecclesias
1662 1647 1729 1714 que
1751 1630 1902 1700 subiecto
1925 1633 1961 1698 et
1982 1633 2093 1718 perti-

226 1785 356 1850 nentes
370 1782 451 1848 sunt
464 1781 518 1848 vel
532 1779 674 1848 fuerunt
688 1777 725 1846 in
742 1775 862 1845 eadem
878 1774 1051 1844 hecclesia
1066 1777 1186 1844 sancte
1203 1776 1324 1856 marie,
1335 1779 1374 1844 ut
1386 1776 1480 1843 omni
1497 1780 1651 1864 tempore
1668 1779 1705 1846 in
1721 1781 1838 1860 vestra
1853 1779 1896 1849 ed
1907 1781 1953 1850 ‘de
1969 1783 2091 1853 vestris

226 1931 420 2004 heredibus
435 1933 506 2002 sint
520 1932 693 2018 potestate
708 1927 896 1997 tenendum
912 1929 948 1996 et
963 1927 1168 2014 regendum,
1187 1928 1455 2014 gubernandum
1471 1931 1682 2014 presbiteros
1695 1935 1729 2000 et
1746 1933 2041 2019 clericos,.quales
2056 1937 2092 2004 et

228 2089 381 2174 quantos
397 2087 578 2156 volueritis
593 2085 721 2153 ibidem
743 2082 974 2151 ordinandum
997 2084 1033 2150 et
1055 2083 1335 2168 permanendum,
1354 2083 1523 2170 quomodo
1540 2085 1574 2152 et
1590 2085 1737 2170 qualiter
1761 2087 1963 2175 volueritis;
1988 2091 2022 2159 et
2048 2091 2091 2169 si,

228 2238 324 2324 quod
340 2238 443 2318 absit,
461 2255 521 2306 vos
537 2241 592 2307 νε]
608 2235 736 2306 vestris
751 2233 939 2304 heredibus
955 2235 992 2302 in
1017 2235 1139 2303 eadem
1155 2236 1328 2304 hecclesia
1342 2237 1587 2306 sanctemarie
1602 2239 1761 2306 abbatem
1784 2243 1818 2306 et
1840 2241 1984 2309 clericos
1999 2260 2095 2310 sem·

229 2409 296 2476 per
318 2407 390 2459 non
412 2388 604 2458 habueritis
628 2387 819 2466 ordinatos,
844 2389 943 2454 utin
972 2406 1035 2455 suo
1057 2387 1181 2472 vigore
1208 2391 1244 2454 et
1267 2387 1422 2457 ordinem
1447 2391 1715 2473 permanerent,
1741 2390 1864 2459 amodo
1885 2395 2091 2476 potestatem

230 2545 387 2612 habeant
408 2545 485 2629 ipse
507 2543 703 2610 domnellus
726 2543 901 2628 presbiter
926 2543 962 2610 et
983 2544 1088 2610 abbas
1110 2541 1231 2610 diebus
1254 2543 1326 2611 bite
1349 2562 1409 2614 sue
1432 2544 1606 2612 hecclesia
1629 2543 1706 2630 ipsa
1721 2547 1840 2616 tenere
1857 2565 1933 2614 cum
1950 2548 2094 2618 clericos

229 2695 382 2782 quantos
405 2694 531 2763 ibidem
554 2696 658 2762 abere
681 2693 852 2772 voluerit,
879 2694 914 2761 et
935 2692 1093 2764 ordinem
1117 2695 1412 2764 hecclesiasticum
1435 2695 1564 2764 ibidem
1587 2696 1724 2774 facere,
1750 2697 1899 2782 qualiter
1926 2699 2090 2778 boluerit,

231 2849 366 2934 absque
388 2847 571 2917 cuiuslibet
593 2845 844 2915 contrarietate
867 2849 923 2916 νε]
946 2847 1195 2933 requisitione,
1224 2851 1260 2915 et
1282 2847 1319 2916 in
1341 2849 1418 2934 ipse
1441 2849 1510 2916 alie
1533 2851 1690 2930 ecclesie,
1716 2852 1755 2916 ut
1777 2853 1939 2937 superius
1962 2853 2094 2922 dictum

185 3022 188 3026 ·
232 2999 299 3078 est,
318 2999 472 3067 subiecta
488 3001 523 3066 et
537 2999 753 3085 pertinentes
770 3003 851 3066 sunt
866 3003 900 3066 et
916 2999 1056 3068 luerunt
1071 2999 1113 3066 de
1131 3000 1207 3085 ipsa
1227 3001 1399 3068 hecclesia
1421 3003 1541 3069 sancte
1564 3003 1676 3070 marie
1697 3004 1910 3087 presbiteros
1932 3005 2094 3074 ordinan-

230 3149 330 3230 dum,
349 3150 501 3236 qualiter
517 3151 680 3238 voluerit3
699 3153 733 3219 et
748 3152 779 3220 si
795 3151 962 3220 forsitans
978 3153 1053 3238 ipse
1067 3151 1263 3220 domnellus
1279 3153 1399 3232 abbas,
1417 3154 1567 3232 bibente,
1587 3173 1624 3222 se
1639 3155 1788 3224 voluerit
1804 3157 1919 3224 facere
1935 3159 1969 3225 et
1991 3160 2094 3229 abere

230 3305 392 3373 abbatem
410 3304 445 3372 in
461 3306 540 3392 ipsa
554 3308 726 3374 hecclesia
742 3309 859 3377 sancte
876 3307 1000 3386 maria,
1019 3307 1078 3392 qui
1095 3308 1174 3392 post
1190 3307 1285 3375 illius
1301 3309 1431 3375 obitum
1448 3307 1546 3376 illam
1561 3311 1594 3374 et
1608 3308 1808 3394 supradicte
1831 3310 1901 3378 alie
1924 3313 2094 3380 hecclesia

228 3458 353 3524 tenere
365 3459 401 3525 ot
413 3475 537 3542 regere
550 3459 584 3526 et
597 3425 797 3544 gubernare
812 3458 949 3539 debeas
969 3461 1170 3544 potestatem
1186 3461 1315 3528 habeat
1326 3460 1474 3545 qualiter
1489 3460 1649 3539 voluerit,
1668 3477 1726 3528 eos
1739 3461 1854 3528 facere
1866 3465 1901 3530 et
1913 3463 2088 3532 ordinare.

230 3612 267 3677 et
281 3608 313 3676 si
327 3609 403 3694 ipse
418 3609 587 3688 abbatem,
606 3611 665 3694 qui
693 3617 756 3694 per
784 3608 898 3694 ipsum
926 3609 1120 3678 domnellus
1147 3611 1184 3678 in
1211 3611 1290 3696 ipsa
1315 3611 1486 3680 hecclesia
1513 3609 1691 3678 ordinatus
1717 3611 1834 3691 luerit,
1853 3615 1931 3698 post
1957 3615 2088 3682 obitum

230 3761 344 3846 ipsius
359 3760 523 3830 domnelli
540 3762 646 3830 alium
663 3763 824 3829 abbatem
841 3763 1049 3830 constituere
1064 3763 1224 3842 boluerit,
1243 3763 1450 3849 potestatem
1468 3763 1569 3830 abeat
1591 3762 1718 3832 ibidem
1741 3765 1898 3834 abbatem
1923 3767 2038 3834 facere
2059 3771 2095 3836 et

230 3913 412 3994 ordinare,
430 3913 600 4001 quomodo
615 3918 649 3982 et
663 3915 813 4001 qualiter
829 3915 998 4003 voluerit3
1016 3915 1067 3983 sic
1082 3917 1213 3994 tamen,
1232 3919 1271 3982 ut
1294 3915 1387 3983 omni
1412 3917 1567 4000 tempore
1590 3913 1634 3982 de
1648 3917 1770 3983 abbate
1786 3903 1824 3982 i'n
1839 3917 2030 3996 abbatibus
2050 3917 2094 3986 de

231 4086 449 4137 successores
464 4069 502 4136 in
518 4071 774 4138 successoribus
790 4069 827 4136 in
845 4069 964 4138 eadem
981 4069 1150 4136 hecclesia
1165 4069 1423 4154 adimpleantur
1439 4071 1474 4136 et
1488 4069 1741 4137 constituentur
1757 4069 1794 4134 in
1808 4087 1870 4136 suo
1888 4071 2040 4137 arbitrio.
2059 4073 2094 4137 et

230 4225 417 4312 potestato;
434 4227 468 4293 et
484 4224 514 4293 si
529 4223 572 4293 de
587 4225 711 4292 abbate
725 4223 763 4290 in
778 4223 967 4301 abbatibus,
985 4221 1027 4290 de
1042 4239 1258 4290 successores
1274 4221 1313 4289 in
1328 4220 1580 4290 successoribus
1602 4221 1720 4288 taliter
1744 4221 1873 4288 lactum
1895 4226 1930 4289 et
1947 4224 2095 4307 comple-

230 4375 306 4442 tum
322 4392 394 4442 non
410 4377 550 4456 suerint,
572 4375 883 4462 congregationem
900 4376 1105 4445 clericorum
1130 4376 1190 4460 qui
1213 4376 1250 4442 in
1272 4376 1393 4443 eadem
1416 4373 1585 4442 hecclesia
1604 4374 1743 4453 luerint,
1761 4375 1964 4459 potestatem
1987 4377 2093 4446 habe-

229 4531 313 4597 rent
327 4547 465 4615 semper
480 4531 623 4598 abbates
638 4531 732 4598 inter
747 4549 784 4600 se
799 4530 937 4616 erigere
952 4533 988 4598 et
1005 4531 1121 4598 facere
1136 4532 1170 4598 et
1185 4528 1360 4607 ordinare,
1377 4527 1527 4613 qualiter
1543 4529 1691 4596 voluerit
1706 4527 1749 4596 de
1765 4531 2039 4615 congregatione
2055 4531 2093 4598 in

230 4681 536 4767 congregationes,
552 4684 587 4750 et
597 4684 692 4751 omni
709 4683 802 4750 modi
818 4685 892 4770 ipse
907 4685 1074 4754 hecclesia
1088 4684 1241 4752 subiecte
1257 4687 1292 4750 et
1307 4682 1520 4769 pertinentes
1535 4679 1653 4750 eadem
1668 4682 1834 4751 hecclesia
1848 4686 1967 4750 sancte
1983 4684 2094 4752 marie

231 4831 450 4914 ordinentur,
468 4836 507 4901 ut
522 4833 720 4903 inordinate
736 4852 805 4902 non
817 4835 1013 4914 remanead,
1028 4837 1063 4903 et
1079 4837 1178 4920 quale
1193 4834 1403 4920 presbiteros
1415 4835 1450 4900 et
1461 4833 1605 4902 clericos
1620 4849 1683 4918 per
1693 4850 1753 4903 vos
1764 4836 1798 4903 et
1810 4837 1942 4904 vestros
1954 4834 2095 4905 heredes

232 4986 273 5053 in
290 4985 405 5054 eadem
420 4987 593 5056 hecclesia
607 4991 724 5058 sancte
739 4989 849 5058 marie
875 4992 930 5059 νε]
956 5007 1019 5076 per
1047 4990 1114 5074 ipsi
1143 4988 1335 5086 abbatibus·
1353 4989 1414 5056 aut
1436 4987 1701 5066 successorihus,
1722 4989 1776 5054 vel
1802 4987 1888 5072 ipsis
1915 4987 2094 5056 abbatibus

231 5138 387 5208 ordinati
404 5141 545 5221 suerint,
564 5143 619 5210 vel
635 5141 679 5210 ad
696 5143 765 5229 ipsi
788 5143 972 5230 presbiteri
989 5141 1049 5228 qui
1064 5143 1103 5209 in
1118 5142 1316 5229 supradicte
1333 5142 1401 5212 alie
1417 5141 1593 5219 hecclesia,
1611 5143 1651 5208 ut
1665 5140 1794 5206 dictum
1808 5143 1871 5218 est,
1889 5139 2020 5206 fuerint
2034 5158 2094 5206 or·

230 5290 357 5372 dinati,
375 5293 508 5361 nullam
524 5294 708 5379 angariam
724 5295 785 5362 aut
799 5293 978 5363 servitium
994 5311 1078 5379 pars
1094 5291 1207 5360 nostri
1221 5290 1490 5379 archiepiscopii
1506 5291 1645 5360 illorum
1669 5290 1838 5374 inponere
1859 5290 2015 5375 querant,
2033 5299 2094 5359 nei

232 5463 304 5532 que
317 5445 358 5513 ad
375 5463 495 5515 cruces
509 5449 691 5515 lebandum
708 5450 763 5516 vel
779 5447 925 5528 codices,
944 5449 1005 5516 aut
1021 5448 1227 5516 babtismum
1244 5445 1453 5524 faciendum,
1472 5445 1532 5512 aut
1547 5444 1617 5512 illis
1640 5443 1915 5521 excomunicare,
1935 5443 1997 5510 aut
2011 5460 2094 5528 qua·

233 5598 323 5667 libet
337 5599 611 5670 molestationem
628 5619 749 5668 eorum
764 5601 894 5688 iacere3
907 5602 958 5669 set
973 5598 1067 5666 omni
1082 5602 1240 5684 tempore
1252 5598 1290 5665 in
1301 5617 1363 5667 suo
1380 5597 1503 5681 bigore
1518 5597 1552 5662 et
1566 5593 1711 5661 arbitrio
1723 5592 1951 5679 persisterent
1966 5596 2095 5680 absque

233 5749 330 5818 omni
346 5751 559 5836 pertinentia
572 5753 607 5820 et
622 5750 857 5820 dominatione
873 5753 994 5819 nostra
1009 5750 1204 5836 nostrisque
1220 5746 1474 5816 successoribus
1489 5746 1525 5812 et
1546 5742 1705 5830 partibus
1728 5745 1838 5812 nostri
1860 5743 2094 5829 archiepisco·
2163 5829 2170 5844 .

232 5906 297 5993 pii.
317 5909 353 5976 et
367 5901 549 5989 hobligabi
565 5921 620 5971 me
636 5907 671 5972 et
685 5904 772 5973 meis
788 5905 1040 5974 successoribus
1056 5903 1254 5972 annualiter
1270 5903 1307 5970 in
1323 5898 1412 5968 diem
1429 5902 1586 5968 sanctum
1604 5899 1693 5966 iobis
1707 5897 1860 5967 dandum
1883 5897 1925 5964 ad
1952 5897 2095 5966 clericos

448 6034 510 6081 lou·
524 6029 557 6076 ΙΙ.
646 6079 651 6086 ,
1113 6052 1114 6056 =
1937 6021 1969 6067 35
