5286 7098
971 655 1342 731 otrtonnrtcbs

989 1107 1318 1190 CCXLVIII.

1008 1353 1063 1430 A.
1100 1352 1151 1430 D.
1189 1350 1292 1430 966.

285 1621 320 1752 †
337 1671 374 1734 ln
390 1665 532 1734 nomine
547 1665 679 1732 domini
695 1663 870 1733 tricesimo
884 1665 1006 1748 quarto
1022 1680 1114 1729 anno
1130 1661 1347 1748 principatus
1361 1661 1479 1730 domni
1491 1663 1601 1730 nostri
1614 1663 1730 1749 gisolfi
1741 1665 1895 1749 glorioso
1906 1669 2082 1755 princeps,

224 1837 345 1889 mense
360 1819 525 1888 hoctuber
540 1817 675 1887 decima
691 1815 889 1886 indictione.
908 1815 1189 1883 memoratorium
1205 1815 1299 1882 factu
1314 1834 1337 1882 a
1350 1832 1406 1882 me
1422 1818 1542 1901 petrus
1557 1817 1727 1900 presbiter
1743 1822 1777 1887 st
1791 1821 1895 1890 abbas
1907 1824 2020 1890 rector
2032 1842 2088 1892 ec-

227 1972 333 2043 clesie
348 1971 458 2040 sancti
480 1968 638 2047 maximi,
656 1985 698 2036 eo
720 1965 810 2053 quod
834 1967 871 2033 in
895 1969 1007 2034 locum
1031 1966 1174 2034 nuceria
1197 1972 1280 2034 ante
1302 1967 1480 2051 presentia
1503 1967 1594 2052 petri
1617 1969 1777 2053 gastaldo
1799 1973 1833 2038 et
1855 1990 1944 2043 unus
1966 1972 2009 2041 de
2024 1973 2084 2041 do-

226 2124 360 2224 minius
382 2123 492 2209 ipsius
513 2121 673 2200 ecclesie,
699 2121 894 2189 astantibus
917 2119 1075 2188 hidoneis
1098 2119 1294 2188 hominibus
1315 2120 1372 2205 qui
1396 2121 1513 2189 subter
1535 2121 1656 2207 scripti
1679 2127 1777 2200 sunt,
1803 2126 1838 2192 et
1860 2143 1932 2194 una
1954 2143 2086 2194 mecum

231 2275 394 2346 adessent
409 2273 579 2342 iohannes
602 2273 843 2341 advocatorem
867 2292 980 2340 meum
1003 2291 1102 2358 quem
1126 2270 1345 2356 supradictus
1367 2272 1531 2357 gastaldo
1546 2272 1646 2340 modo
1667 2291 1806 2342 causam
1818 2327 2084 2355 ........

229 2428 376 2496 inferius
397 2425 614 2496 declaramus
636 2425 728 2494 iusta
751 2427 865 2509 legem
889 2423 1128 2509 peragendum
1151 2421 1246 2491 dedit
1267 2425 1302 2492 et
1325 2422 1586 2507 perficiendum,
1600 2423 1802 2493 coniunctus
1820 2399 1901 2493 ⁸sum
1924 2427 1968 2494 ad
1997 2445 2088 2498 vona

230 2579 480 2650 comvenientia
507 2597 586 2647 cum
610 2578 754 2646 muliere
777 2577 917 2646 nomine
940 2577 1111 2645 musanda
1132 2577 1208 2644 filia
1230 2581 1265 2644 et
1287 2576 1414 2644 herede
1437 2575 1574 2644 cuidam
1598 2577 1780 2662 lramperti
1804 2581 1947 2664 propter
1969 2597 2088 2648 causa-

186 2749 190 2756 ·
228 2733 406 2810 tionibus,
431 2750 498 2818 que
521 2750 598 2827 cum
621 2749 665 2800 ea
686 2731 808 2798 habuit
829 2730 872 2797 de
894 2733 991 2798 terra
1012 2747 1092 2796 cum
1115 2731 1257 2796 arbustu
1291 2729 1437 2796 vitatum
1471 2729 1507 2796 in
1542 2729 1661 2797 eodem
1695 2732 1770 2797 loco
1791 2731 1934 2800 nuceria
1969 2733 2088 2802 subtus

231 2887 390 2954 sanctum
414 2886 554 2970 petrum
577 2883 771 2968 propinquo
795 2882 872 2967 ipsa
894 2882 1050 2960 ecclesia,
1076 2880 1166 2950 unde
1189 2882 1257 2947 iam
1281 2883 1363 2948 ante
1386 2897 1424 2948 os
1446 2879 1521 2948 dies
1544 2899 1611 2965 ego
1640 2899 1718 2948 cum
1752 2901 1855 2951 ursus
1889 2885 2089 2954 atrianense

235 3037 313 3103 viro
335 3035 409 3104 eius
431 3035 587 3102 causabit
609 3035 645 3102 et
666 3031 836 3100 wadiatus
859 3031 925 3098 suit
947 3031 1133 3098 secundum
1158 3032 1271 3114 legem
1294 3028 1421 3097 exinde
1443 3030 1548 3096 finem
1571 3029 1779 3098 faciendum.
1806 3031 1906 3101 modo
1936 3035 2086 3119 quidem,

231 3188 325 3258 sicut
346 3186 511 3264 diximus
535 3185 693 3254 venimus
717 3185 844 3253 exinde
866 3203 944 3251 cum
968 3183 1079 3252 eidem
1103 3183 1216 3251 viret
1243 3199 1333 3252 uxor
1359 3183 1402 3250 ad
1426 3199 1514 3251 vona
1537 3183 1799 3264 comvenientia,
1826 3188 1864 3254 ut
1886 3188 2013 3274 absque
2036 3208 2091 3258 sa-

230 3343 415 3409 cramenta
430 3357 493 3424 per
508 3339 735 3424 pactuationis
751 3337 898 3405 hordine
913 3337 948 3404 et
959 3354 1021 3422 ρετ
1036 3354 1127 3403 vona
1140 3335 1391 3406 comvenientia
1407 3337 1498 3404 inter
1514 3353 1578 3404 nos
1593 3335 1719 3406 exinde
1740 3336 1980 3408 diffiniremus,
2006 3339 2089 3412 dum

231 3497 374 3568 autem,
399 3491 489 3559 sicut
511 3491 604 3559 inter
626 3491 726 3557 nobis
751 3489 923 3557 comvenit
945 3490 980 3554 et
1002 3487 1238 3572 complacuit,
1265 3487 1343 3555 ideo
1365 3505 1428 3573 ρετ
1451 3487 1604 3556 iussione
1626 3491 1661 3556 et
1687 3489 1876 3557 volumtate
1898 3491 2088 3576 supradicti

230 3645 325 3726 petri
347 3640 519 3728 gastaldo,
545 3645 605 3727 qui
629 3645 681 3709 est
703 3659 810 3707 unum
832 3637 876 3705 de
902 3637 1069 3705 dominiis
1095 3637 1202 3722 ipsius
1229 3636 1394 3714 ecclesie,
1422 3637 1500 3722 ipsa
1525 3638 1704 3706 nominata
1730 3640 1852 3709 mulier
1878 3643 1913 3710 et
1936 3643 2011 3728 ipse
2033 3663 2092 3713 ur-

231 3817 292 3866 sus
314 3798 390 3864 viro
413 3797 490 3864 eius
513 3794 822 3862 manifestaborunt
845 3811 881 3860 se
903 3791 946 3858 dc
969 3791 1047 3877 ipsa
1062 3791 1242 3858 nominata
1258 3791 1371 3870 rebus,
1389 3789 1480 3859 unde
1503 3791 1717 3862 causationes
1740 3794 1936 3874 habuimus,
1955 3799 1993 3863 ut
2016 3816 2093 3882 ρτε-

234 3924 327 4024 dicte
344 3951 460 4016 nostre
475 3995 630 4012 .....
651 3945 880 4030 pertinentem
896 3962 959 4028 ρετ
976 3945 1039 4010 hec
1055 3943 1152 4010 finis:
1171 3941 1214 4010 de
1230 3961 1299 4009 uno
1315 3945 1424 4011 latere
1447 3945 1492 4009 ab
1514 3943 1648 4012 oriente
1669 3947 1704 4012 et
1725 3963 1748 4010 a
1771 3945 1915 4014 meridie
1937 3947 2094 4031 partibus

233 4105 303 4173 dne
319 4101 408 4188 quod
433 4099 560 4168 retinet
581 4097 676 4182 sergi
700 4097 910 4176 atrianense,
928 4095 1021 4164 unde
1044 4113 1122 4162 cum
1146 4115 1186 4164 eo
1209 4097 1246 4162 in
1270 4097 1468 4164 causatione
1492 4113 1633 4164 sumus:
1658 4116 1679 4162 a
1701 4098 1857 4180 partibus
1880 4101 2094 4183 septemtrio-

233 4255 326 4323 nalis
339 4255 409 4324 fine
424 4253 483 4320 bia
498 4253 623 4320 antica:
642 4269 760 4336 apars
783 4249 971 4317 occidentis
986 4249 1056 4316 fine
1072 4252 1165 4318 terra
1185 4251 1303 4316 sancte
1327 4247 1448 4314 marie.
1475 4247 1569 4316 inira
1591 4235 1656 4316 hec
1678 4249 1758 4317 finis
1780 4250 2094 4320 manifestaberunt

235 4425 277 4474 se
294 4407 362 4492 ipsi
379 4403 551 4472 nominati
568 4405 624 4471 vir
640 4408 675 4472 et
692 4421 793 4481 uxor,
813 4401 902 4488 quod
919 4401 1026 4488 ipsius
1042 4404 1160 4471 nostre
1182 4401 1327 4469 ecclesie
1349 4405 1439 4469 esset
1462 4401 1686 4485 pertinentes
1700 4401 1734 4470 et
1757 4419 1869 4486 neque
1892 4420 1955 4486 ρετ
1978 4406 2092 4480 testes,

238 4577 352 4644 neque
368 4576 430 4643 ρετ
446 4557 634 4634 monimen,
654 4574 766 4640 neque
782 4574 844 4641 ρετ
860 4556 1106 4640 qualecumque
1121 4553 1258 4622 ratione
1272 4553 1344 4621 illis
1359 4555 1416 4620 aut
1431 4570 1550 4622 eorum
1565 4553 1684 4622 eredes
1699 4571 1916 4640 quacumque
1938 4558 2096 4642 tempore

235 4711 412 4778 nobiscum
429 4710 486 4776 aut
503 4725 580 4775 cum
597 4725 811 4776 successores
822 4711 971 4786 nostros,
987 4711 1048 4774 aut
1059 4724 1138 4772 cum
1151 4706 1308 4791 partibus
1320 4706 1499 4774 nominate
1509 4705 1653 4774 ecclesie
1664 4724 1807 4776 causare
1818 4710 1877 4774 aut
1887 4707 2097 4780 contendere

238 4879 310 4931 non
326 4865 458 4948 potere,
478 4863 513 4928 et
527 4879 590 4928 nos
607 4879 670 4944 ρετ
686 4859 940 4928 comvenientia
955 4862 990 4928 et
1005 4877 1069 4946 per
1085 4858 1319 4944 pactuationis
1334 4857 1480 4926 hordine
1494 4858 1793 4928 manifestabimus
1808 4879 1926 4931 eorum
1938 4862 1982 4932 de
1993 4868 2099 4935 cunta

241 5017 345 5084 rebus
359 5033 427 5100 que
441 5013 507 5081 luit
521 5012 735 5090 madalberti,
755 5010 844 5097 quod
862 5011 932 5081 illis
948 5011 1049 5078 modo
1065 5011 1220 5079 retinunt
1235 5013 1269 5079 et
1283 5009 1493 5078 dominaturi
1508 5013 1542 5078 et
1564 5013 1755 5096 possessuri
1777 5021 1870 5088 sunt,
1888 5018 1927 5082 ut
1950 5033 2014 5082 nec
2036 5036 2099 5084 nos

241 5183 356 5250 neque
371 5178 586 5232 successores
602 5164 740 5228 nostros
756 5178 821 5229 nec
835 5160 1042 5245 quicumque
1058 5176 1123 5244 pro
1145 5158 1302 5244 partibus
1325 5159 1435 5244 ipsius
1457 5159 1600 5228 ecclesie
1623 5155 1835 5247 quacumque
1859 5167 2012 5250 tempore
2035 5185 2099 5252 ρετ

244 5317 494 5402 qualecumque
508 5309 642 5378 ratione
668 5307 795 5377 exinde
822 5361 828 5373 .
859 5362 866 5376 .
897 5360 903 5373 .
929 5327 1122 5387 causemus‚
1142 5326 1252 5394 neque
1278 5309 1450 5377 calumnie
1475 5309 1653 5377 mittamus
1681 5310 1807 5380 exinde
1832 5330 1951 5382 eorum
1974 5319 2100 5386 autad

246 5471 384 5537 illorum
400 5461 556 5532 heredes.
575 5460 663 5540 ideo,
682 5463 771 5530 sicut
785 5462 877 5530 inter
893 5463 993 5530 nobis
1014 5461 1219 5547 complacuit
1233 5465 1268 5532 et
1283 5463 1454 5532 comvenit
1476 5481 1538 5548 per
1553 5463 1783 5548 pactuationis
1798 5466 1954 5546 hordine,
1971 5469 2100 5539 exinde

247 5621 338 5687 inter
354 5633 418 5684 nos
435 5611 675 5688 ditflnibimus,
690 5613 725 5678 et
739 5613 776 5677 ut
786 5610 934 5678 firmiter
951 5611 1224 5698 permanendum
1237 5611 1331 5678 omni
1343 5613 1510 5696 tempore,
1525 5611 1615 5678 sicut
1624 5629 1706 5696 pars
1716 5613 1869 5698 partium
1880 5618 2097 5702 complacuit,

246 5768 475 5838 uradiabimus
492 5765 583 5834 inter
603 5780 668 5831 nos
683 5767 718 5831 et
734 5764 889 5850 utrisque
915 5765 1072 5851 partibus
1088 5763 1311 5833 mediatorem
1338 5765 1429 5832 inter
1452 5781 1515 5832 nos
1538 5764 1717 5849 posuimus
1743 5765 1856 5852 ipsum
1882 5769 2100 5856 supradictus

250 5921 385 6005 sergius
408 5918 606 5985 atriancnse
625 5913 718 5981 illius
744 5913 917 5998 quondam
945 5915 1087 5984 iohanni
1113 5915 1173 6016 qui
1200 5915 1466 6000 cognominatur
1482 5913 1526 5982 de
1551 5917 1650 5984 leone
1678 5917 1813 5998 comite,
1832 5921 1867 5986 et
1894 5936 1956 6004 per
1982 5928 2101 6008 partes
