5378 7098
980 643 1347 716 lilPLOlldlldllS
1998 667 2033 725 n

238 894 348 958 lorum
366 886 496 972 questio
513 887 623 954 modis
647 887 803 955 omnibus
827 887 932 953 tacita
955 883 1044 952 inde'
1060 889 1262 970 permaneat
1284 888 1377 954 omni
1402 891 1565 973 tempore.
1593 891 1627 956 et
1650 893 1683 957 te
1705 889 1885 974 guisonem
1910 891 2091 962 subdiaco-

238 1058 321 1106 num
345 1043 378 1106 et
394 1040 566 1105 notarium
584 1039 736 1106 scribere
751 1038 962 1122 rogabimus.
990 1039 1105 1103 actum
1119 1037 1274 1105 nuceria.
1991 997 1992 1000 Ἴ

295 1162 324 1273 †
339 1205 407 1274 ego
421 1189 479 1274 qui
497 1208 605 1274 supra
620 1191 712 1257 maio

294 1315 325 1428 †
339 1359 404 1428 ego
421 1341 603 1410 madalfrid

294 1465 324 1578 †
339 1497 413 1576 Ego
428 1493 605 1560 iohannes.

1047 1995 1278 2077 CCXIX.

292 2251 337 2309 s
1016 2245 1072 2316 A.
1112 2240 1164 2318 D.
1202 2237 1305 2318 962.

291 2493 327 2630 †
341 2549 380 2612 ln
396 2548 536 2613 nomine
551 2545 680 2614 domini
697 2563 788 2612 anno
802 2546 977 2613 tricesimo
994 2545 1209 2632 principatus
1223 2546 1340 2615 domni
1352 2549 1463 2615 nostri
1479 2547 1594 2632 gisolfi
1609 2549 1749 2633 gloriosi
1766 2550 1947 2636 principis,
1971 2570 2089 2622 mense

228 2698 417 2764 nobember
435 2699 532 2765 sexta
558 2697 756 2766 indictione.
776 2699 1054 2766 memoratorium
1078 2700 1208 2768 sactum
1231 2717 1254 2766 a
1277 2718 1332 2767 me
1349 2701 1544 2785 gregorius
1567 2701 1738 2785 presbiter
1760 2699 1922 2770 et'abbas
1945 2704 2090 2773 ecclesie

230 2846 346 2913 sancti
363 2847 508 2915 maximi
523 2866 595 2916 una
610 2867 744 2917 mecum
761 2848 882 2917 adesse
898 2852 1015 2936 petrus
1032 2849 1205 2919 castaldus
1228 2851 1469 2920 advocatorem
1493 2870 1617 2930 meum,
1636 2870 1676 2920 eo
1691 2852 1779 2938 quod
1804 2809 1883 2924 ante
1905 2854 2090 2940 subscripti

229 3001 338 3068 testes
362 3017 425 3084 per
449 3002 537 3067 bona
560 3001 810 3071 combenientia
832 3000 962 3086 guadia
983 3002 1082 3073 nobis
1097 3002 1267 3070 dederunt
1289 3002 1347 3071 adi
1363 3003 1456 3071 filius
1479 3004 1641 3072 iohannis
1659 3007 1693 3072 et
1708 3005 1877 3075 iohannes
1892 3005 1984 3074 iilius
2001 3008 2087 3084 ursi,

231 3149 293 3234 qui
316 3153 396 3217 sunt
418 3168 554 3218 socrum
579 3154 614 3218 et
637 3153 831 3238 gener0,et
846 3170 883 3220 se
906 3151 992 3237 ipsis
1014 3152 1114 3220 nobis
1137 3152 1344 3223 mediatores
1359 3156 1560 3238 posuerunt,
1575 3155 1610 3221 et
1633 3173 1697 3240 per·
1717 3153 1835 3223 eadem
1852 3154 1984 3240 guadia
2007 3147 2092 3222 obl'i-

230 3305 408 3386 gaverunt
429 3320 466 3372 se
489 3305 629 3388 suisque
657 3304 815 3372 aradibus
850 3303 973 3370 amodo
1004 3310 1038 3373 et
1062 3322 1170 3388 usque
1201 3303 1396 3388 quindecim
1430 3305 1515 3371 anni
1545 3305 1706 3389 completi
1729 3307 1889 3374 tenerent
1915 3303 1959 3372 ad
1993 3323 2092 3372 suain

230 3453 439 3536 potestatem
456 3456 551 3520 terra
575 3471 651 3520 cum
676 3455 856 3520 arbustum
882 3456 915 3522 et
939 3455 1094 3532 baouum,
1108 3453 1198 3539 quod
1214 3471 1297 3538 pars
1314 3453 1477 3522 iamdicto
1493 3455 1636 3523 ecclesie
1653 3455 1732 3522 abet
1754 3455 1790 3522 in
1817 3456 1928 3522 locum
1952 3457 2093 3523 narbaz-

231 3620 316 3670 zano
340 3604 466 3672 tinibus
489 3607 646 3692 nucerie3
672 3606 730 3690 qui
753 3606 832 3672 abet
854 3605 934 3672 linis
957 3603 999 3672 de
1022 3621 1093 3671 una
1119 3606 1219 3688 parte
1243 3605 1312 3671 tine
1336 3605 1391 3671 bia
1414 3604 1552 3690 publica
1574 3607 1608 3671 et
1630 3608 1816 3690 perterget
1838 3607 1876 3672 in
1898 3609 2005 3684 terra,
2034 3610 2092 3691 qui

230 3757 296 3824 suit
318 3757 539 3843 mauriperti,
555 3761 589 3827 et
604 3757 684 3828 inde
702 3757 882 3843 coniungit
905 3757 943 3825 in
958 3759 1035 3843 ipsa
1052 3758 1109 3826 bia
1123 3759 1183 3844 qui
1200 3758 1329 3826 ibidem
1345 3759 1480 3825 intrant
1495 3760 1530 3826 et
1553 3759 1620 3837 bia,
1647 3759 1705 3844 qui
1730 3759 1823 3825 badit
1845 3759 1882 3825 in
1906 3761 2003 3825 curte
2026 3776 2093 3843 que

228 3911 293 3979 init
310 3911 470 3980 iohannis
493 3913 621 3992 cleriei,
641 3917 675 3980 et
690 3915 877 3998 pertanget
901 3913 938 3980 in
961 3915 1056 3980 terra
1070 3912 1180 3996 ipsius
1196 3912 1339 3980 iohanni
1363 3912 1492 3992 clerici,
1511 3913 1600 3981 sicut
1623 3912 1681 3981 bia
1707 3930 1887 3981 commune
1910 3911 2092 3998 discernit3

229 4065 263 4130 ot
285 4060 331 4128 de
353 4061 423 4129 alia
445 4064 546 4146 parte
569 4061 638 4130 tine
662 4065 755 4129 terra
777 4062 836 4146 qui
860 4061 925 4128 tuit
948 4060 990 4128 de
1013 4060 1134 4129 eredes
1156 4060 1327 4138 maurici,
1353 4061 1441 4128 sicut
1469 4060 1595 4128 semita
1616 4059 1805 4138 discernit,
1831 4064 1866 4128 et
1895 4061 2033 4129 exiente
2056 4060 2093 4126 in

229 4212 307 4296 ipsa
331 4211 389 4279 bia
403 4211 462 4296 qui
486 4211 530 4278 ad
554 4211 699 4280 ecclesia
721 4213 833 4280 sancti
857 4201 973 4297 polisti
997 4209 1158 4296 deducit3
1182 4215 1217 4278 et
1239 4209 1282 4280 de
1305 4211 1375 4280 alia
1397 4213 1498 4295 parte
1518 4211 1587 4278 tine
1609 4212 1705 4280 terra
1728 4209 1924 4294 supradicte
1946 4208 2091 4277 ecclesie

229 4365 341 4434 sancti
365 4365 504 4450 polisti:
533 4363 631 4436 etde
656 4364 727 4434 alia
750 4367 849 4451 parte
870 4365 940 4433 fine
964 4368 1059 4436 terra
1080 4363 1123 4434 de
1145 4363 1265 4434 eredes
1288 4364 1436 4450 grisioni
1460 4363 1575 4432 clerici
1599 4365 1634 4430 et
1656 4361 1928 4446 reconiungente
1950 4361 1987 4428 in
2010 4361 2088 4446 ipsa

229 4499 293 4582 bia‘
310 4516 450 4600 publica
472 4515 561 4600 quod
587 4519 639 4584 est
662 4517 780 4603 priore
802 4516 900 4584 fines.
927 4517 991 4584 beo
1013 4533 1096 4583 vero
1119 4533 1187 4608 res,
1212 4514 1361 4600 qualiter
1384 4514 1458 4598 ipse
1480 4513 1561 4582 finis
1584 4513 1696 4598 posite
1719 4515 1819 4591 sunt,
1845 4515 1954 4580 totum
1977 4513 2014 4579 in
2038 4514 2091 4580 in-

227 4670 367 4753 tegrum
391 4685 449 4735 eos
472 4669 590 4734 tenere
612 4667 657 4734 ad
681 4684 779 4734 suam
802 4666 1007 4752 potestatem
1030 4664 1217 4734 tenendum
1241 4669 1276 4733 et
1298 4662 1558 4742 dominandum,
1576 4666 1611 4730 et
1633 4664 1729 4732 iobee
1751 4666 1786 4731 et
1801 4665 1913 4731 omnis
1936 4681 2001 4731 sua
2023 4665 2090 4732 uti·

229 4820 329 4886 litate
351 4817 480 4885 ibidem
504 4817 711 4898 iaciendum,
728 4820 763 4888 et
785 4835 863 4885 casa
887 4818 935 4884 ibi
959 4817 1125 4895 iacerent,
1143 4821 1178 4884 et
1201 4816 1329 4884 ibidem
1353 4815 1505 4885 residere
1528 4818 1563 4882 et
1585 4815 1730 4894 abitare,
1744 4819 1780 4883 et
1794 4814 1991 4884 annualiter
2014 4815 2092 4900 ipso

228 4973 406 5039 arbustum
438 4973 636 5040 lavorarent
658 4972 702 5040 de
731 4990 835 5058 super
858 4975 894 5039 et
915 4971 958 5039 de
981 4972 1126 5050 subter,
1152 4971 1240 5040 sicut
1269 4973 1364 5040 locus
1394 4971 1469 5056 ipse
1500 4971 1688 5047 meruerit,
1713 4972 1751 5037 ut
1775 4970 1860 5038 bene
1889 4972 2013 5053 pareat
2042 4971 2092 5034 la-

229 5124 404 5200 voratum,
430 5125 464 5190 et
487 5123 545 5189 ubi
569 5123 735 5191 meruerit
758 5123 836 5190 illos
859 5121 1093 5207 propaginare
1115 5125 1149 5191 et
1171 5124 1313 5190 arbores
1336 5122 1537 5206 plantarent
1559 5122 1593 5190 et
1615 5122 1744 5188 salbum
1767 5137 1825 5187 eos
1848 5119 2028 5196 iacerent,
2055 5121 2091 5187 et

228 5276 292 5340 boc
319 5291 448 5340 annum
475 5273 544 5341 illis
568 5274 719 5343 lacerent
741 5273 846 5343 nobis.
860 5291 931 5342 una
955 5275 1055 5345 buote
1077 5273 1271 5360 capientem
1295 5276 1405 5342 horne
1428 5273 1546 5342 decem
1568 5271 1662 5340 etad
1685 5275 1839 5356 tempum
1863 5271 2014 5338 iacerent
2028 5287 2091 5337 no-

227 5423 279 5490 bis
303 5439 374 5488 una
396 5421 466 5489 alia
489 5424 559 5490 tale
583 5422 692 5502 boote,
718 5425 753 5489 et
776 5441 839 5506 per
862 5425 1016 5506 tempore
1038 5423 1081 5490 de
1112 5423 1284 5491 vindemie
1307 5423 1436 5491 iaciant
1459 5422 1529 5490 illis
1551 5422 1642 5488 scire
1666 5438 1746 5506 pars
1770 5420 1925 5506 predicte
1947 5421 2091 5489 ecclesie

228 5577 261 5640 et
283 5574 412 5641 ibidem
434 5572 629 5658 dirigamus
652 5573 825 5642 hominem
849 5573 892 5642 ad
916 5573 1154 5659 recipiendum
1179 5573 1256 5659 ipsa
1285 5577 1408 5642 nostra
1437 5545 1616 5649 sortione,
1650 5575 1684 5639 el
1710 5572 1779 5640 illis
1809 5588 1868 5639 eos
1898 5569 2090 5639 uindemia-

229 5727 329 5805 rent,
356 5728 391 5792 et
414 5726 583 5809 quantum
607 5724 724 5790 uinum
748 5727 783 5792 et
805 5741 910 5809 poma
933 5723 1012 5793 inde
1035 5727 1187 5804 exierit,
1213 5745 1277 5812 per
1299 5724 1452 5794 medium
1476 5725 1565 5794 inter
1595 5740 1658 5790 nos
1682 5720 1901 5789 dibidamus:
1926 5739 2008 5806 pars
2032 5737 2093 5786 no-

230 5879 298 5946 stre
314 5877 460 5946 ecclesie
484 5875 589 5942 tollad
614 5893 673 5942 eos
697 5875 926 5954 medietatem,
944 5879 978 5944 et
1001 5877 1069 5945 illis
1092 5875 1322 5954 medietatem,
1350 5879 1385 5942 et
1409 5875 1479 5942 illis
1503 5875 1581 5958 ipsa
1604 5877 1723 5940 nostra
1745 5873 1895 5942 sortione
1918 5872 2095 5956 portarent
