5216 7092
945 563 1315 638 DIPLOMATICUS
1387 619 1389 626 ν
1950 590 2020 649 2⁸29·

197 806 372 874 rationem
390 806 516 874 ibidem
534 808 660 886 facere,
676 809 710 874 et
722 807 855 874 salbum
872 808 951 874 illut
966 807 1099 891 abeatis
1115 811 1151 874 et
1165 826 1226 875 suo
1242 811 1399 895 tempore
1415 813 1557 882 arbusta
1569 813 1648 899 ipsa
1661 813 1705 882 de
1719 834 1824 900 super
1836 819 1870 883 et
1881 817 1925 884 de
1940 820 2059 887 subter

197 911 428 1036 laboreuisset
442 959 485 1026 de
501 959 614 1026 omnis
629 959 748 1026 binum
766 976 867 1044 quem
883 959 964 1027 inde
979 960 1117 1040 exierit,
1137 959 1225 1028 detis
1241 963 1341 1028 nobis
1357 963 1485 1031 exinde
1502 941 1731 1046 medietatem,
1751 968 1785 1033 et
1800 966 1843 1034 de
1860 968 1935 1054 ipse
1947 971 2060 1036 casta-

199 1130 265 1209 nee
288 1111 451 1181 similiter
467 1111 556 1180 detis
570 1111 670 1179 nobis
686 1112 813 1180 exinde
829 1114 969 1180 tertiam
987 1115 1134 1198 partem,
1161 1117 1195 1182 et
1217 1115 1260 1183 de
1282 1118 1353 1183 tote
1376 1117 1450 1201 ipse
1464 1117 1593 1186 inserte
1628 1170 2054 1188 ........

197 1263 289 1331 detis
315 1264 415 1332 nobis
430 1264 558 1331 exinde
583 1262 820 1352 medietatem
838 1267 874 1332 et
899 1265 942 1332 de
969 1264 1058 1350 quod
1087 1267 1284 1335 annualiter
1311 1269 1349 1335 in
1375 1270 1449 1334 tota
1475 1271 1578 1336 rebus
1604 1270 1682 1354 ipsa
1711 1270 1974 1351 seminaberitis,
2001 1273 2059 1340 de

200 1416 248 1484 tis
264 1415 345 1483 inde
361 1415 461 1482 nobis
477 1417 676 1484 terraticum
694 1414 1179 1488 secundumconsuetudinem
1195 1419 1238 1487 de
1260 1421 1336 1505 ipso
1352 1422 1476 1488 locum.
1494 1420 1537 1488 ad
1555 1423 1724 1507 completo
1747 1423 1822 1507 ipso
1838 1424 2058 1491 constitutum

199 1520 322 1634 inclita
338 1570 440 1636 rebus
457 1569 535 1652 ipsa
552 1570 737 1638 remittatis
753 1569 797 1637 ad
812 1571 934 1638 nostra
949 1572 1131 1656 potestate.
1146 1572 1237 1638 unde
1254 1592 1315 1658 per
1333 1575 1424 1639 bona
1435 1572 1686 1656 combenientia
1702 1571 1834 1657 guadia
1847 1575 1948 1641 nobis
1963 1573 2058 1640 dedit

199 1723 235 1788 et
249 1721 475 1788 mediatorem
491 1722 589 1790 nobis
604 1723 721 1806 posuit
735 1742 771 1792 se
787 1724 898 1807 ipsum
904 1745 914 1811 3
931 1729 967 1790 et
982 1742 1045 1808 per
1062 1725 1138 1810 ipsa
1152 1725 1280 1810 guadia
1295 1726 1465 1810 obligabit
1476 1743 1514 1793 se
1529 1743 1674 1812 suosque
1696 1726 1827 1806 eredes
1842 1729 1881 1792 ut
1895 1727 1924 1792 si
1940 1726 2059 1794 taliter

197 1874 445 1958 suprascripta
470 1875 570 1942 nobis
597 1876 791 1962 nostrisque
813 1875 973 1944 eredibus
996 1895 1066 1943 non
1089 1877 1330 1962 adimpleberit
1353 1879 1388 1945 et
1411 1879 1534 1964 aliquit
1555 1878 1681 1946 exinde
1704 1876 1965 1958 contradixerit,
1996 1898 2059 1964 per

199 2029 278 2112 ipsa
294 2019 424 2114 gua'dia
441 2030 608 2116 obligabit
623 2049 661 2098 se
677 2031 719 2100 ad
739 2031 1009 2116 componendum
1026 2031 1126 2099 nobis
1142 2031 1258 2100 decem
1277 2032 1354 2100 auri
1371 2032 1499 2100 solidos
1514 2033 1750 2101 constantinus
1766 2034 1811 2111 et,
1829 2033 1918 2100 sicut
1932 2033 2060 2124 dictum

199 2181 264 2258 est,
291 2182 391 2248 nobis
415 2183 646 2266 compliret.e
684 2186 776 2251 hunc
801 2185 937 2252 brebem
963 2183 1085 2278 scripsi
1111 2203 1178 2270 ego
1201 2184 1397 2252 ademarius
1419 2184 1576 2251 notarius
1598 2184 1655 2269 qui
1681 2185 1835 2251 interfui.
1879 2263 1882 2270 ι

261 2304 372 2418 †ego
389 2335 525 2401 amatus

259 2457 372 2570 †ego
387 2487 542 2554 ioannes,
651 2503 653 2508 ’

945 2997 1325 3108 occnxxrx.
1412 2981 1419 2998 '

985 3241 1040 3317 A.
1077 3237 1128 3318 D.
1166 3239 1270 3318 986.

268 3501 355 3638 †ln
372 3548 513 3616 nomine
540 3547 672 3615 domini
699 3547 805 3616 tertio
829 3565 922 3615 anno
945 3547 1161 3633 principatus
1183 3547 1301 3615 domni
1325 3547 1434 3614 nostri
1460 3547 1604 3614 iohanni
1628 3551 1663 3614 et
1685 3547 1802 3613 domni
1827 3545 1971 3631 guidoni
1994 3544 2066 3613 eius
2118 3601 2121 3610 .

199 3704 275 3770 filio
292 3670 437 3787 gloriosi
456 3702 684 3786 principibus,
704 3720 821 3769 mense
845 3701 1023 3769 ianuarius
1046 3703 1304 3787 quartadecima
1327 3702 1529 3769 indictione.
1548 3702 1826 3770 Memoratorium
1850 3701 1942 3766 iactu
1967 3717 1987 3765 a
2011 3716 2066 3765 me

202 3856 389 3921 mauronto
416 3854 488 3922 filio
515 3856 623 3934 corbi,
641 3874 680 3922 eo
704 3853 794 3939 quod
822 3858 904 3921 ante
928 3855 1113 3940 supscripti
1138 3855 1283 3937 ydoneis
1306 3856 1478 3924 ominibus
1505 3855 1709 3924 coniunctus
1740 3873 1815 3922 sum
1845 3872 1920 3919 cum
1948 3854 2067 3936 petrus

202 4008 380 4093 presbiter
397 4011 432 4075 et
447 4009 560 4074 rector
577 4009 721 4076 ecclesie
737 4007 847 4074 sancti
863 4008 1019 4086 martini,
1038 4027 1136 4092 quem
1154 4009 1371 4092 guaimarius
1387 4026 1500 4101 comes
1517 4011 1645 4076 anobo
1658 4007 1859 4075 fundamine
1874 4007 2069 4075 construxit
2092 3991 2093 3996 ἵ

203 4211 211 4224 .
235 4211 242 4224 .
266 4213 274 4226 .
294 4159 400 4226 tlubio
417 4139 532 4238 lirino}
548 4162 692 4245 propter
707 4157 750 4226 ad
768 4159 989 4228 dividendum
1006 4159 1096 4226 inter
1112 4177 1175 4226 nos
1191 4163 1285 4226 terra
1300 4179 1375 4226 cum
1400 4161 1504 4226 binea
1526 4162 1561 4225 et
1576 4161 1688 4244 pomis
1710 4162 1745 4226 et
1767 4157 1963 4226 cannietum
1988 4175 2067 4242 per-

200 4315 373 4380 tinentem
389 4312 432 4380 de
449 4312 568 4381 eadem
585 4313 730 4382 ecclesia
746 4311 857 4380 sancti
873 4313 1028 4391 martini,
1047 4312 1136 4398 quod
1154 4311 1337 4397 preteritos
1360 4313 1397 4379 in
1421 4313 1615 4397 partionem
1640 4309 1684 4378 ad
1707 4310 1956 4396 pastenandum
1980 4307 2065 4375 mihi

198 4459 299 4535 dedit
311 4447 417 4535 'ursus
433 4467 606 4550 presbiter
623 4471 739 4536 custos
755 4469 866 4552 ipsius
883 4469 1027 4534 ecclesie
1043 4468 1089 4562 de·
1102 4471 1211 4535 locum
1229 4461 1475 4556 campiliano⁴)
1491 4467 1649 4552 perimis
1666 4468 1700 4535 et
1715 4467 1907 4533 mensurie‘:
1926 4464 1967 4533 de
1989 4483 2068 4550 sup-

202 4619 258 4686 tus
275 4618 345 4685 fine
363 4617 433 4696 bia,
447 4619 482 4684 et
493 4616 536 4687 de
550 4637 655 4702 super
670 4619 739 4687 fine
754 4608 878 4698 limite,
892 4565 981 4684 etde
998 4617 1128 4685 duobus
1144 4619 1302 4703 partibus
1317 4618 1387 4685 ilne
1403 4617 1557 4702 predicte
1571 4619 1726 4686 ecclesie:
1745 4616 1926 4703 longitudo
1942 4621 1977 4684 et
1991 4617 2068 4684 lati-

200 4767 287 4834 tudo
299 4770 352 4835 est
365 4769 505 4836 inomni
521 4774 595 4838 loco
611 4770 702 4855 passi
720 4769 976 4855 quinquaginta
989 4770 1032 4836 ad
1046 4769 1145 4836 iuxto
1162 4787 1315 4854 passum.
1334 4771 1399 4836 hec
1414 4771 1489 4836 tota
1504 4788 1567 4854 per
1583 4771 1652 4836 ista
1666 4769 1843 4838 mensuria
1858 4774 1892 4836 et
1903 4737 2067 4853 quantum

198 4925 307 4992 extra
319 4926 396 5010 ipsa
409 4925 586 4992 mensuria
598 4925 811 5008 potuerimus
822 4926 1018 5009 pastenare,
1034 4943 1096 5009 per
1108 4923 1326 4992 medietatem
1339 4925 1432 4991 inter
1444 4942 1507 4992 nos
1523 4925 1601 4991 illut
1612 4921 1850 4992 dividiremus:
1865 4942 1945 5008 pars
1957 4925 2066 5009 ipsius

198 5077 351 5146 ecclesie
366 5079 504 5148 tolleret
518 5079 596 5146 illut
612 5077 843 5156 medietatem,
855 5079 891 5147 et
904 5077 991 5146 mihi
1008 5078 1161 5145 traderet
1177 5078 1254 5162 ipsa
1266 5076 1339 5144 alia
1353 5077 1584 5164 medietatem3
1597 5081 1632 5144 et
1647 5095 1714 5161 ego
1728 5078 1807 5144 illut
1821 5074 2018 5161 pastenabit
2032 5081 2066 5142 et

200 5231 375 5316 operabit,
394 5231 486 5298 sicut
498 5230 580 5298 inde
596 5231 769 5316 obligatus
784 5231 862 5299 suit.
888 5231 990 5298 modo
1005 5233 1120 5298 autem
1138 5231 1325 5299 transitum
1341 5233 1417 5316 ipso
1433 5231 1668 5309 constitutum,
1686 5229 1776 5296 sicut
1790 5229 1880 5295 inter
1894 5231 1958 5294 n‘os
1974 5245 2066 5295 oom-

200 5380 311 5460 benit,
330 5383 468 5450 astante
483 5381 596 5467 ipsum
613 5382 787 5467 presbiter
802 5383 836 5451 et
853 5385 968 5450 rector
983 5386 1019 5450 et
1033 5401 1104 5451 una
1120 5401 1197 5450 cum
1215 5383 1313 5451 illum
1329 5382 1456 5478 ibidem
1474 5401 1496 5448 a
1510 5399 1615 5466 super
1630 5382 1707 5464 ipsa
1721 5380 1824 5446 rebus
1839 5377 1972 5448 adesset
1987 5379 2066 5464 gui-

200 5532 259 5628 do·
271 5534 306 5602 et
322 5534 541 5618 guaimarius
555 5534 699 5602 dominii
716 5535 760 5604 de
775 5535 854 5621 ipsa
869 5537 1028 5616 ecclesia,
1046 5555 1113 5621 ego
1129 5537 1249 5604 divisit
1266 5538 1345 5622 ipsa
1368 5538 1471 5604 rebus
1493 5538 1529 5602 et
1550 5533 1632 5602 fecit
1654 5532 1735 5600 inde
1758 5531 1825 5600 duo
1846 5532 1969 5601 sortis:
1993 5550 2065 5600 una

230 5737 421 5746 --·--·--—..-..
441 5742 507 5748 --.-,
521 5743 616 5749 --,.....
631 5743 648 5750 -

261 5857 286 5928 ¹)
309 5859 481 5933 Oumpilicuo
501 5865 529 5921 al
552 5865 741 5940 Ocmpotiuoo,
764 5869 846 5926 vicus
867 5879 950 5928 extra
971 5871 1135 5928 Salernum.
