5216 7092
635 567 698 629 eae
1202 537 1210 547 ’
1301 543 1463 616 οοῦΕΧ
1500 542 1731 616 CAVENSIS

588 798 624 864 et
638 795 762 862 amodo
776 797 811 864 et
827 809 934 878 usque
949 790 1079 858 duobus
1096 789 1181 858 anni
1196 789 1275 876 ipsa
1289 805 1373 858 casa
1395 787 1553 856 conciare
1576 788 1611 856 et
1633 785 1770 856 cludere
1790 791 1825 858 et
1847 787 2045 874 cooperire,
2063 789 2153 856 sicut
2174 794 2332 862 meruerit
2351 811 2420 864 casa

537 991 542 1000 ·
589 951 764 1026 terranea,
781 951 817 1014 et
834 963 897 1031 per
914 943 1026 1013 omnis
1041 963 1171 1013 annum
1186 944 1293 1012 deant
1315 945 1423 1011 michi
1445 945 1481 1011 et
1503 943 1612 1028 ipsius
1636 942 1796 1028 germani
1819 942 1888 1011 mei
1903 944 1938 1012 et
1953 942 1998 1010 ad
2020 943 2149 1012 nostris
2170 944 2345 1014 heredibus
2368 968 2420 1034 pro

591 1097 747 1170 seditura
762 1099 791 1187 ⁴)
804 1099 848 1167 de
863 1101 941 1186 ipsa
956 1103 1051 1168 terra
1066 1099 1101 1167 et
1115 1116 1196 1168 casa
1210 1097 1278 1165 duo
1294 1098 1373 1166 auri
1389 1097 1459 1164 tari
1475 1097 1557 1164 boni
1573 1116 1635 1182 per
1649 1095 1762 1166 omnis
1776 1113 1905 1164 annum
1928 1115 2035 1183 usque
2057 1097 2134 1183 ipso
2156 1099 2369 1168 constitutum
2390 1106 2420 1171 in

590 1250 756 1320 kalendas
772 1250 815 1319 de
831 1252 1071 1338 suprascripto
1086 1270 1225 1338 mense3
1239 1251 1275 1318 et
1291 1249 1414 1317 amodo
1430 1250 1465 1316 et
1480 1267 1586 1335 usque
1602 1249 1676 1334 ipso
1693 1249 1925 1330 constitutum,
1943 1249 2082 1336 quando
2097 1267 2160 1318 nos
2183 1252 2279 1320 illum
2302 1254 2420 1338 inpera-

589 1404 753 1482 terimus,
769 1404 823 1469 vel
838 1403 981 1472 missum
997 1397 1154 1473 nostrum
1168 1420 1233 1489 pro
1247 1401 1474 1469 conciandum
1489 1401 1589 1469 nobis
1605 1402 1787 1486 paraturis
1800 1400 1845 1468 de
1860 1402 1944 1470 selle
1959 1405 1994 1471 et
2010 1401 2108 1470 finali
2117 1395 2143 1490 ²)
2166 1404 2201 1470 et
2217 1398 2362 1492 centrc³l
2380 1406 2421 1474 ta-

588 1555 747 1625 ciendum
764 1559 799 1624 et
811 1557 898 1626 aliut
913 1557 972 1642 qui
988 1556 1086 1624 nobis
1100 1556 1336 1625 necessarium
1353 1557 1405 1623 est
1419 1554 1463 1623 de
1479 1557 1555 1624 arte
1571 1555 1677 1635 illius,
1693 1557 1810 1640 scepto
1822 1555 2005 1624 manuario
2019 1557 2054 1624 et
2069 1551 2264 1644 bcmmiri⁴)
2276 1563 2418 1646 etzappe3

588 1725 669 1776 nam
686 1707 730 1776 de
747 1709 835 1776 aliut
849 1728 912 1777 nos
927 1708 1047 1778 demus
1061 1709 1093 1776 ei
1110 1710 1238 1777 serrum
1253 1711 1288 1776 et
1302 1708 1362 1792 qui
1377 1707 1611 1775 necessarium
1633 1708 1696 1786 est,
1714 1711 1749 1776 et
1763 1707 1822 1775 ille
1838 1725 1897 1775 eos
1911 1705 2011 1800 nobis
2026 1679 2195 1788 laborare,
2213 1709 2299 1776 sicut
2311 1729 2422 1781 meme

587 1862 649 1942 rit,
668 1865 703 1929 et
725 1862 768 1930 de
791 1845 871 1931 illut
892 1863 982 1949 quod
1005 1864 1105 1932 nobis
1127 1863 1350 1950 laboraverit3
1374 1879 1440 1948 pro
1462 1863 1579 1930 taliter
1602 1879 1671 1929 non
1694 1860 1822 1948 querad
1846 1861 1972 1947 aliquit
1993 1879 2016 1928 a
2037 1878 2101 1929 nos
2122 1863 2254 1930 tollere.
2273 1861 2352 1931 unde
2370 1883 2420 1949 per
2443 1911 2451 1928 .

588 2018 677 2084 bona
691 2016 947 2084 combenientia
963 2016 1080 2085 wadia
1102 2015 1209 2084 michi
1232 2018 1304 2102 ipse
1319 2016 1440 2101 petrus
1455 2014 1549 2084 dedit
1564 2018 1598 2084 et
1613 1987 1839 2084 mediatorem
1863 2017 1969 2082 michi
1985 2017 2100 2100 posuit
2122 2035 2158 2085 se
2180 2017 2305 2103 ipsum3
2321 2021 2351 2084 et
2369 2037 2419 2103 per

532 2195 539 2212 ·
586 2172 664 2257 ipsa
686 2170 814 2256 guadia
836 2171 1005 2256 obligabit
1027 2189 1065 2239 se
1088 2171 1209 2257 suique
1231 2171 1314 2238 filiis
1336 2173 1371 2239 et
1393 2168 1559 2248 heredes,
1586 2171 1623 2236 ut
1645 2169 1676 2237 si
1699 2167 1833 2256 aliquit,
1858 2169 1901 2236 de
1924 2168 2093 2254 quomodo
2116 2170 2275 2255 superius
2296 2170 2414 2254 legitur,

587 2323 752 2408 quesierit
775 2328 951 2392 remobere
974 2326 1035 2390 aut
1058 2325 1231 2404 contrare,
1250 2342 1311 2408 per
1334 2324 1411 2409 ipsa
1422 2323 1539 2392 wadia
1561 2323 1757 2408 hobligabit
1778 2340 1816 2391 se
1839 2324 1960 2408 suique
1981 2322 2065 2390 tiliis
2086 2323 2120 2392 et
2133 2321 2284 2424 ‘heredes
2305 2339 2420 2408 compo

588 2493 673 2543 nere
695 2475 802 2542 michi
825 2477 881 2542 vel
904 2475 1011 2560 ipsius
1033 2477 1195 2560 germani
1219 2477 1289 2543 mei
1311 2479 1346 2542 et
1375 2475 1418 2543 ad
1443 2477 1571 2544 nostris
1594 2475 1779 2544 heredibus
1809 2474 1926 2544 decem
1956 2475 2035 2543 auri
2065 2474 2195 2543 solidos
2223 2477 2417 2552 costantinus,

586 2627 622 2694 et
643 2629 761 2695 omnia
785 2645 848 2712 per
870 2627 1108 2713 suprascripto
1132 2628 1279 2697 hordine
1301 2647 1364 2714 per
1388 2629 1507 2714 invitis
1529 2627 1630 2697 nobis
1653 2625 1845 2712 compliret.
1873 2631 1908 2696 et
1929 2630 2023 2696 huuc
2047 2629 2184 2697 brebem
2221 2588 2338 2712 scrtpsi
2367 2646 2420 2712 ego

587 2779 746 2848 alderissi
762 2781 920 2850 notarius
935 2784 994 2867 qui
1010 2783 1162 2852 intertui.

645 2901 763 3016 †eg0
786 2931 917 2998 andrea

647 3056 765 3170 †ego
787 3084 938 3153 ademari
1066 3141 1069 3150 ,

646 3207 765 3322 †ego
788 3255 883 3304 ursu.
920 3214 922 3218 ⁵

1309 3745 1716 3828 CCCLXXXV.

1376 3996 1431 4071 A.
1471 3995 1521 4072 D.
1559 3994 1663 4074 986.

649 4247 737 4378 †ln
760 4295 900 4363 nomine
923 4296 1054 4364 domini
1078 4297 1179 4365 terlio
1202 4316 1295 4366 anno
1318 4301 1538 4386 principatus
1561 4301 1680 4371 domni
1703 4305 1813 4373 nostri
1837 4307 1978 4376 iohanni
2002 4312 2036 4378 et
2058 4309 2176 4379 domni
2202 4313 2341 4400 guidoni
2365 4312 2424 4378 eius

591 4444 656 4514 filii
679 4447 823 4530 gloriosi
848 4448 1078 4533 principibus,
1101 4468 1217 4518 mense
1239 4452 1376 4536 magius
1398 4453 1661 4538 quartadecima
1682 4456 1882 4526 indictione.
1909 4459 1985 4528 ideo
2008 4481 2074 4548 que
2094 4481 2160 4550 ogo
2175 4465 2338 4534 iohannes
2350 4463 2425 4530 filius

590 4598 764 4683 quondam
788 4599 931 4667 iohanni
950 4601 1107 4686 gaidoni,
1126 4623 1233 4688 quum
1250 4605 1342 4672 mihi
1366 4609 1417 4673 ost
1440 4607 1651 4691 pertinentes
1674 4612 1777 4680 rebus
1801 4631 1822 4680 a
1845 4631 1928 4698 pars
1951 4614 2099 4700 predicti
2121 4618 2273 4702 genitori
2306 4635 2371 4685 meo
2399 4618 2425 4679 et

588 4768 649 4835 per
674 4753 888 4820 successione
911 4753 948 4818 in
972 4755 1086 4821 locum
1109 4757 1317 4842 campiliano
1339 4758 1546 4828 salernitane
1568 4757 1922 4849 finibus,'congruum
1943 4769 1996 4836 est
2010 4769 2096 4836 mihi
2111 4771 2287 4838 nominato
2301 4769 2420 4838 iohanni

585 4923 629 4971 ex
652 4903 769 4972 eadem
793 4907 897 4972 rebus
919 4906 1129 4976 venumdare
1152 4910 1216 4976 seri
1239 4911 1380 4996 cognati
1404 4912 1471 4980 mei
1493 4913 1567 4980 filio
1590 4915 1765 5000 quondam
1787 4918 1931 4987 iohanni
1954 4921 2013 5005 qui
2036 4921 2165 4990 dicitur
2183 4923 2381 5006 vamvacari3
2394 4921 2421 4984 et

585 5055 673 5137 ydeo
694 5075 760 5142 ego
782 5057 942 5144 superius
965 5062 1165 5130 nominatus
1187 5062 1361 5146 iohannis,
1387 5066 1477 5134 siout
1500 5067 1586 5134 nubi
1610 5086 1807 5155 congruum
1829 5074 1902 5151 est,
1929 5091 2006 5141 mea
2037 5077 2223 5146 volumtate
2254 5079 2329 5145 ante
2357 5073 2424 5140 sub·

590 5209 712 5294 scripti
737 5209 862 5292 ydonei
887 5211 1061 5280 ominibus
1083 5231 1148 5298 pro
1170 5231 1237 5282 anc
1259 5217 1396 5283 cartula
1418 5218 1621 5287 venumdedi
1654 5218 1764 5307 adque
1797 5222 1839 5289 ad
1874 5241 2008 5310 semper
2043 5226 2212 5295 avendum
2245 5223 2420 5297 confirmabi

617 5551 624 5570 Ι
643 5477 666 5550 ‘)
682 5479 821 5550 Seditora,
836 5479 919 5538 deest
932 5480 962 5537 in
977 5481 1020 5537 llu
1036 5469 1147 5557 Gange,
1163 5483 1241 5540 idem
1255 5494 1341 5544 sonat
1355 5501 1388 5544 ac
1402 5491 1508 5546 locatio.
1538 5467 1541 5474 Α

642 5600 666 5670 ²)
688 5603 792 5673 Fincli,
814 5619 866 5676 pro
884 5605 1073 5662 ornamentis.

641 5722 665 5795 ³)
688 5723 795 5798 Caetra,
816 5727 892 5784 idest
912 5738 1040 5787 canturos
1056 5763 1084 5775 -
1098 5736 1216 5810 cingula
1237 5737 1284 5794 vel
1306 5753 1409 5796 zonae.

642 5847 665 5919 ⁸)
687 5849 830 5921 dommim,
853 5869 997 5911 vomeres.
