5216 7092
977 553 1350 628 DlPLOMfiTlCUS

957 1009 1343 1090 CCCXXXIX.

1013 1257 1067 1332 A.
1108 1257 1158 1333 D.
1195 1253 1298 1334 982.

289 1515 380 1651 †ln
401 1565 541 1632 nomine
562 1563 693 1632 domini
716 1565 831 1649 primo
854 1582 946 1632 anno
968 1564 1186 1650 principatus
1208 1565 1326 1633 domni
1348 1567 1458 1633 nostri
1481 1568 1641 1634 mansoni
1664 1570 1698 1635 61
1713 1566 1830 1636 domni
1848 1568 1990 1636 iohanni
2007 1569 2081 1638 eius

222 1718 295 1784 filio
318 1717 464 1802 gloriosi
489 1715 731 1802 principibus,
758 1734 874 1783 mense
896 1716 1036 1800 magius
1059 1715 1192 1782 decima
1214 1717 1412 1785 indictione.
1438 1717 1527 1784 Ante
1555 1736 1611 1786 me
1640 1719 1759 1802 petrus
1791 1717 1894 1786 iudex
1923 1720 2082 1788 causabit

221 1873 343 1955 petrus
378 1869 471 1936 filius
501 1867 651 1934 mirandi
677 1885 754 1933 cum
785 1867 881 1951 sergi
906 1866 1103 1933 atrianense
1125 1865 1196 1932 filio
1219 1867 1385 1946 iohanni,
1410 1866 1470 1952 qui
1499 1859 1644 1934 booabat
1672 1866 1920 1946 buccabitellu,
1946 1870 1981 1936 et
2007 1869 2081 1953 ipse

219 2024 317 2108 sergi
341 2024 377 2089 et
399 2020 598 2089 hominibus
620 2021 694 2088 eius
715 2021 806 2087 malo
828 2020 976 2087 hordine
998 2023 1033 2086 61
1054 2021 1129 2088 6166
1152 2021 1288 2088 1611666
1311 2022 1472 2091 introisse
1495 2023 1532 2088 in
1554 2023 1657 2089 rebus
1680 2021 1787 2107 ipsius
1802 2021 1892 2106 petri
1908 2021 1951 2088 de
1966 2024 2078 2090 locum

220 2177 384 2264 nuceria3
409 2174 501 2243 unde
524 2195 586 2260 per
609 2176 723 2261 ipsum
747 2177 864 2260 petrus
886 2177 1059 2243 ostensum
1083 2175 1149 2242 fuit
1172 2194 1278 2242 unum
1302 2176 1470 2260 scriptum
1500 2177 1754 2254 continentem,
1781 2177 1926 2261 qualiter
1956 2177 2082 2243 mulier

219 2327 362 2395 nomine
384 2345 522 2412 gemma
544 2328 619 2394 filia
641 2327 800 2394 mauroni
823 2327 1014 2395 atrianensi
1038 2327 1217 2411 genetrice
1240 2346 1403 2412 meaque
1426 2327 1541 2412 petri,
1567 2328 1625 2411 qui
1653 2327 1776 2412 primis
1800 2327 1867 2392 suit
1896 2345 2006 2395 uxore
2034 2327 2083 2394 ri-

218 2480 344 2548 chardi
368 2481 461 2547 filius
494 2481 731 2566 maghenolfi,
757 2485 792 2548 et
820 2483 941 2566 postea
965 2481 1030 2547 ibit
1052 2497 1162 2549 uxore
1192 2482 1302 2566 ipsius
1336 2481 1486 2548 mirandi
1520 2481 1584 2548 filii
1618 2481 1761 2548 ruscinii
1797 2482 1937 2566 genitor
1970 2483 2079 2567 ipsius

217 2637 339 2721 petri,
365 2636 529 2704 coniuuta
550 2637 616 2703 1611
637 2654 715 2702 cum
739 2635 853 2719 ipsum
877 2635 1120 2719 maghenolsus
1143 2652 1299 2702 socerum
1324 2654 1424 2703 suum
1447 2607 1516 2702 una
1539 2653 1617 2701 cum
1642 2635 1755 2718 ipsum
1780 2635 1856 2700 viro
1889 2651 1951 2701 suo
1972 2653 2075 2720 super

216 2804 291 2854 una
314 2787 416 2872 pecia
439 2787 482 2854 (16
503 2789 596 2855 16116
618 2805 696 2853 cum
720 2787 900 2855 arboribus
924 2787 1052 2864 1116116,
1078 2807 1179 2873 quam
1196 2790 1271 2872 ipse
1287 2787 1527 2872 magbenollus
1542 2788 1639 2855 abuit
1655 2788 1693 2853 in
1708 2787 1825 2857 eodem
1843 2789 1917 2854 loco
1933 2787 2076 2856 nuceria

96 3011 99 3014 .
217 2941 316 3009 16116
333 2943 398 3010 hec
415 2941 506 3008 finis.
526 2941 570 3008 (16
592 2959 662 3008 uno
685 2943 805 3020 latere,
825 2944 975 3027 qualiter
997 2943 1108 3009 limite
1131 2944 1165 3009 61
1187 2959 1270 3026 6666
1292 2940 1470 3020 discernit,
1489 2940 1559 3007 fine
1581 2939 1624 3008 de
1647 2939 1793 3008 heredes
1816 2941 2026 3024 ermengart,
2045 2943 2081 3009 61

217 3095 420 3162 rebolbente
436 3112 498 3179 per
515 3093 592 3179 ipsa
606 3093 687 3170 fine,
703 3094 738 3161 61
749 3067 983 3178 coniungente
1000 3093 1041 3159 ad
1060 3094 1130 3161 fine
1145 3097 1265 3162 sancte
1281 3093 1392 3161 marie
1407 3091 1449 3160 (16
1465 3092 1609 3160 nuceria
1625 3095 1659 3159 61
1675 3111 1738 3177 661
1753 3093 1832 3177 1666
1842 3092 1910 3158 fine
1922 3090 2079 3160 rediente

215 3251 255 3312 et
269 3246 412 3313 exiente
427 3246 463 3311 in
479 3246 536 3313 bia
552 3246 711 3332 publica3
729 3246 770 3314 de
786 3246 901 3330 capite
917 3247 987 3314 fine
1002 3246 1079 3330 ipsa
1096 3246 1172 3312 bia:
1192 3245 1235 3312 (16
1251 3247 1320 3312 6116
1336 3247 1444 3313 161616
1459 3246 1529 3312 fine
1545 3245 1587 3311 de
1603 3245 1800 3312 hominibus
1816 3244 2019 3322 atrianensi,
2044 3247 2079 3312 et

215 3398 420 3464 rebolbente
437 3396 608 3464 modicum
624 3415 687 3481 per
702 3398 780 3481 ipsa
796 3397 865 3463 fine
882 3401 917 3464 61
933 3396 1012 3463 inde
1026 3415 1089 3480 per
1106 3395 1183 3480 ipsa
1196 3414 1278 3480 sepe
1293 3399 1328 3462 et
1343 3396 1454 3462 limite
1469 3395 1701 3479 coniungentc
1716 3395 1754 3461 16
1770 3395 1842 3462 alia
1852 3394 1910 3462 bia
1922 3395 2072 3480 puplica:

213 3549 261 3617 de
276 3548 365 3635 pede
380 3552 455 3634 ipsa
469 3551 646 3618 nominata
662 3551 720 3618 bia
734 3554 768 3620 61
783 3569 846 3636 661
862 3552 940 3635 1666
956 3551 1012 3618 bia
1027 3552 1262 3635 coniungente
1279 3549 1321 3618 ad
1346 3551 1426 3636 ipsa
1448 3549 1565 3635 priore
1587 3549 1656 3617 fine
1679 3547 1721 3618 de
1743 3547 1886 3618 heredes
1909 3548 2079 3616 nominati

212 3703 436 3789 ermengari3
454 3707 488 3770 61
504 3702 627 3770 1661116
643 3705 720 3788 1666
742 3704 839 3789 66616
862 3724 925 3790 661
949 3705 1021 3791 1666
1044 3706 1125 3770 finis
1149 3705 1223 3790 ipsc
1247 3705 1490 3789 maghenolsus
1513 3702 1707 3770 tradiderat
1723 3703 1832 3786 ipsius
1855 3693 1992 3786 gemme
2012 3718 2077 3786 pro

213 3859 334 3924 omnis
348 3859 485 3941 quarta,
504 3875 607 3941 quam
625 3859 703 3942 ipsa
719 3877 857 3942 gemma
872 3859 993 3925 tollere
1009 3862 1043 3925 et
1058 3860 1162 3927 abere
1178 3857 1297 3924 debuit
1312 3855 1355 3924 de
1373 3857 1485 3924 omnis
1500 3857 1602 3924 rebus
1618 3856 1727 3940 ipsius
1749 3853 1914 3932 richardi,
1933 3857 1968 3921 61
1991 3855 2079 3921 aliut

212 4010 420 4077 continebat
436 4011 473 4076 in
491 4010 567 4094 ipso
588 4011 770 4094 scripturn.
792 4010 925 4095 etipse
947 4011 1041 4094 sergi
1054 4015 1092 4116 61
1108 4010 1307 4078 hominibus
1322 4009 1396 4092 eius
1419 4009 1535 4076 fobeas
1558 4007 1684 4076 ibidem
1708 4007 1842 4084 iecisse,
1868 4008 1903 4072 61
1925 4005 2077 4073 srudium

212 4161 299 4229 inde
324 4163 442 4232 tulisse
466 4165 502 4229 et
524 4163 599 4246 ipsa
621 4165 725 4230 rebus
748 4165 780 4230 ei
805 4166 1001 4242 contrasse3
1020 4163 1114 4232 unde
1137 4163 1212 4248 ipse
1234 4163 1330 4246 sergi
1355 4162 1492 4229 dicebat
1513 4179 1577 4246 per
1601 4179 1678 4227 mea
1700 4159 2018 4244 interrogationem,
2038 4159 2076 4224 ut

211 4315 330 4400 ipsum
347 4316 516 4401 scriptum
532 4318 675 4385 beraccs
692 4319 792 4396 essct,
811 4314 930 4384 61666
948 4317 1046 4384 illum
1070 4315 1309 4383 contradicere
1332 4317 1477 4401 poteret,
1495 4313 1538 4382 de
1562 4313 1652 4399 quod
1675 4269 1750 4400 ipse
1773 4313 1892 4398 potrus
1914 4310 2074 4394 superius

209 4485 292 4533 cum
310 4469 409 4534 illum
426 4469 595 4536 causabit:
614 4465 757 4554 negabit
770 4467 954 4537 dicendum
972 4471 1047 4555 ipse
1063 4469 1171 4554 sergi,
1187 4471 1225 4536 ut
1242 4471 1335 4536 malo
1358 4466 1505 4535 hordine
1529 4466 1565 4532 in
1587 4467 1665 4551 ipsa
1688 4467 1789 4532 rebus
1811 4481 1875 4550 per
1899 4462 1974 4548 ipse
1995 4461 2076 4530 finis

209 4637 284 4686 666
308 4620 497 4700 introisset,
523 4639 585 4690 nec
608 4622 726 4690 fobeas
750 4622 877 4692 ibidem
901 4640 971 4690 non
994 4623 1148 4702 fecisset,
1176 4624 1211 4690 et
1232 4621 1384 4689 trudium
1407 4619 1489 4688 inde
1511 4635 1580 4688 666
1603 4619 1759 4697 16116661,
1785 4635 1850 4686 666
1872 4617 1949 4702 ipsa
1970 4617 2075 4685 rebus

207 4770 325 4838 eidem
350 4773 444 4857 petri
459 4791 648 4859 numquam
665 4776 868 4844 contrasset.
888 4775 980 4844 unde
996 4776 1088 4844 inter
1105 4776 1155 4846 eis
1171 4775 1318 4844 iudicavi
1334 4777 1370 4842 et
1385 4774 1540 4860 utrisque
1554 4774 1625 4841 illis
1642 4772 1814 4860 guadiare
1828 4771 1921 4848 16611,
1939 4774 1979 4838 61
2000 4770 2075 4854 ipse

207 4926 333 5006 petrus
357 4925 501 5010 pararet
514 4925 547 4992 ei
563 4929 684 4994 sancta
701 4925 756 4995 dei
772 4929 960 5013 evangelia
976 4931 1011 4996 et
1026 4928 1152 4996 ibidem
1170 4927 1317 5012 plicaret
1335 4927 1411 5013 1666
1427 4944 1566 5013 gemma
1580 4925 1793 5012 genetricem
1809 4941 1920 5000 suam,
1939 4924 1973 4992 et
1996 4923 2072 5006 1666

206 5075 306 5157 sergi
333 5073 465 5141 iuraret
479 5075 510 5144 ei
525 5075 618 5144 iusta
632 5079 760 5163 legem,
775 5081 814 5145 ut
827 5079 944 5147 taliter
960 5079 997 5145 in
1014 5079 1092 5163 ipsa
1108 5079 1209 5146 rebus
1225 5095 1410 5164 numquam
1428 5079 1575 5157 iecisset,
1593 5096 1659 5146 nec
1674 5077 1771 5144 illum
1789 5090 1976 5159 numquam
1993 5093 2073 5142 con·

206 5227 345 5312 trasse;
370 5226 461 5295 unde
476 5228 551 5314 ipse
567 5231 659 5315 sergi
677 5233 792 5316 posuit
807 5232 839 5299 ei
856 5233 1080 5302 mediatorem
1097 5233 1265 5302 iohannes
1281 5251 1448 5318 germano
1464 5250 1538 5312 666,
1552 5233 1587 5302 61
1602 5231 1613 5297 i
1617 5249 1678 5315 pse
1692 5234 1811 5315 661166
1827 5228 1987 5314 66661161
2001 5245 2071 5296 me-

204 5374 383 5444 diatorem
406 5380 526 5462 petrus
549 5381 608 5465 qui
631 5380 765 5450 danseri
788 5384 967 5464 clamatur,
992 5384 1086 5453 filius
1109 5384 1291 5454 romoaldi.
1311 5388 1346 5453 et
1369 5385 1484 5453 taliter
1506 5399 1571 5469 pro
1593 5384 1695 5468 parte
1717 5379 1827 5466 ipsius
1850 5380 1940 5466 petri
1964 5385 1997 5448 16
2020 5381 2071 5450 ia·

203 5528 355 5612 quintus
378 5531 532 5599 notarius
547 5535 700 5603 scribere
714 5535 857 5604 fecimus
874 5537 934 5622 qui
951 5536 1153 5604 interfuisti.

268 5654 299 5764 †
317 5697 387 5766 ego
402 5683 461 5768 qui
479 5701 587 5768 supra
601 5689 719 5770 petrus
735 5686 852 5754 iudex.

829 5875 1463 5890 ww-
