5378 7098
1005 674 1373 750 ululotllulobs
2025 687 2065 748 lo

257 939 405 1008 dibersis
430 935 512 1002 linis
535 937 570 1000 et
594 933 713 998 hiebus
736 929 808 995 suis
831 929 867 994 et
890 943 969 992 cum
992 922 1109 990 omnia
1131 919 1224 986 infra
1252 937 1288 986 se
1313 915 1518 985 habentibus
1540 914 1764 1000 omnibusque
1790 917 1863 983 suis
1892 917 2114 1001 pertinentiis

202 1167 206 1178 ,
257 1093 300 1160 ad
325 1089 494 1160 securiter
513 1085 663 1155 bamodo
685 1088 721 1152 et
743 1098 879 1167 semper
900 1082 939 1146 tu
962 1075 1134 1144 iamdictis
1158 1073 1319 1159 germani
1343 1088 1445 1156 quam
1468 1072 1504 1136 et
1526 1069 1650 1138 vestris
1680 1067 1864 1137 heredibus
1889 1069 1966 1154 ipsa
1995 1075 2114 1141 nostra

256 1245 444 1312 donatione
467 1241 561 1310 omni
587 1241 744 1324 tempore
767 1237 846 1304 illut
868 1251 927 1302 eos
946 1230 1151 1308 habendum,
1191 1225 1462 1302 dominandum,
1485 1222 1742 1309 possidendum,
1767 1223 1883 1291 omnia
1907 1223 2034 1293 exinde
2061 1225 2114 1293 sa-

256 1397 416 1465 ciendum
441 1413 507 1480 que
530 1391 708 1462 volueritis
732 1407 862 1476 apsque
883 1388 1001 1455 nostra
1019 1386 1073 1453 vel
1095 1386 1361 1465 nostrorumque
1387 1377 1572 1446 heredibus
1604 1377 1850 1446 contrarietate
1879 1380 1933 1445 vel
1967 1378 2113 1464 requisi-

256 1549 363 1625 tione,
390 1550 452 1612 aut
476 1543 518 1612 de
540 1543 692 1628 qualibet
718 1539 928 1608 hominihus.
958 1535 1055 1606 Unde
1077 1552 1142 1602 nec
1165 1535 1263 1600 nobis
1286 1530 1329 1599 de
1352 1529 1492 1597 exdicta
1514 1533 1633 1597 nostra
1654 1527 1841 1594 donatione
1862 1546 1926 1598 nec
1949 1529 2114 1612 cuiylibet

145 1755 149 1762 .
258 1695 430 1764 ominibus
453 1693 601 1761 dicimus
635 1707 816 1760 remanere
850 1688 969 1772 aliqua
1004 1684 1156 1754 sortione
1178 1700 1242 1750 nec
1267 1681 1406 1748 cuilibet
1429 1679 1647 1764 hominibus3
1672 1678 1762 1746 unde
1789 1696 1853 1762 pro
1876 1681 1968 1747 hanc
1994 1685 2112 1749 nostra

254 1847 442 1915 donatione
463 1844 686 1918 firmandum,
702 1861 795 1911 nunc
818 1861 839 1909 a
862 1841 1032 1927 presentis
1055 1797 1147 1908 iusta
1170 1839 1283 1922 legem
1305 1834 1498 1918 recepimus
1520 1851 1540 1898 a
1560 1833 1657 1899 vobis
1683 1833 1855 1916 launegilt
1876 1832 2007 1901 camiso
2028 1851 2108 1900 uno:

254 1999 419 2083 finitoque
434 2009 523 2066 'vero
549 1998 667 2065 nostra
689 1994 877 2063 donatione
900 2011 963 2078 per
985 1991 1206 2076 supsceptum
1222 1987 1406 2072 launegilt,
1432 1977 1474 2054 ea
1497 1984 1634 2070 quidem
1662 1985 1794 2052 ratione
1821 1985 2015 2070 obligamus
2047 2005 2111 2056 nos

255 2149 312 2234 qui
336 2166 444 2232 supra
466 2146 643 2214 maraldus
676 2149 710 2213 et
743 2099 920 2232 iaquintus
942 2143 1103 2211 donatori
1126 2145 1161 2210 et
1182 2141 1311 2208 nostris
1333 2137 1516 2206 heredibus
1536 2137 1633 2203 vobis
1665 2137 1837 2206 nominati
1863 2138 2050 2208 domnandi
2076 2145 2111 2210 et
2192 2171 2197 2181 ·

253 2300 402 2385 iaquinti
426 2302 460 2366 et
488 2300 530 2366 ad
560 2299 687 2366 vestris
710 2297 896 2366 heredibus
925 2295 1065 2363 exdicta
1088 2296 1207 2361 nostra
1229 2291 1427 2368 donatione,
1455 2290 1549 2356 velut
1571 2289 1730 2373 superius
1753 2291 1908 2374 legitur,
1939 2293 2033 2360 vobis
2055 2309 2112 2360 eos

249 2449 504 2520 defensandum
527 2467 549 2515 a
575 2449 733 2535 partibus
756 2448 799 2516 dc
825 2447 994 2514 uxoribus
1015 2445 1144 2512 nostris
1163 2445 1197 2510 et
1219 2442 1265 2508 da
1287 2441 1400 2508 omnis
1424 2441 1580 2508 homines
1603 2439 1761 2524 omnique
1783 2443 1950 2526 partibus,
1969 2445 2025 2512 cui
2049 2463 2112 2530 per

253 2620 319 2672 nos
342 2605 427 2671 haut
450 2621 512 2688 per
536 2603 665 2670 nostris
689 2589 873 2669 heredibus
899 2601 954 2665 rol
976 2597 1102 2667 exinde
1124 2595 1243 2663 datum
1266 2597 1320 2662 rel
1343 2593 1537 2678 obligatum
1561 2593 1730 2677 paruerit,
1756 2597 1809 2661 vel
1825 2595 1884 2680 qui
1909 2615 1972 2682 pro
1995 2602 2113 2668 nostre

252 2755 413 2840 partibus
436 2755 591 2823 emiserit
615 2755 711 2822 vobis
732 2771 948 2838 quacumque
969 2750 1189 2819 causationis.
1219 2747 1362 2833 quodsi
1387 2748 1504 2814 taliter
1529 2765 1593 2814 nos
1615 2747 1714 2816 vobis
1736 2766 1795 2815 eos
1819 2767 1888 2816 non
1915 2749 2113 2820 defensabe-

251 2911 364 2976 rimus
390 2909 548 2994 predicta
573 2911 692 2975 nostra
713 2906 898 2974 donatione
920 2923 996 2970 cum
1021 2903 1096 2970 vice
1119 2903 1162 2969 do
1185 2903 1244 2969 via
1266 2921 1341 2980 sua,
1365 2904 1402 2968 ut
1423 2901 1553 2968 dudum
1575 2901 1705 2969 dictum
1729 2906 1792 2982 est,
1823 2905 1875 2972 vel
1902 2904 1930 2972 si
1955 2923 2018 2973 nos
2045 2905 2124 3004 ipsi*

253 3061 420 3131 forsitans
442 3080 506 3146 per
529 3060 651 3146 quabis
675 3059 786 3127 modis
807 3061 892 3126 haut
915 3057 1097 3143 ingenium
1121 3056 1163 3125 de
1186 3053 1345 3141 predicta
1367 3059 1489 3122 nostra
1504 3054 1691 3124 donatione
1706 3057 1803 3125 vobis
1818 3057 1940 3143 aliquit
1955 3059 2036 3128 inde
2053 3062 2116 3128 tol-

251 3214 324 3281 lere
347 3213 432 3279 haut
453 3215 614 3278 contrare
636 3211 875 3297 quesierimus,
902 3213 984 3278 tunc
1009 3210 1162 3294 primum
1186 3208 1339 3276 omnium
1354 3208 1497 3292 questio
1511 3211 1545 3275 et
1560 3209 1714 3276 causatio
1735 3211 1854 3282 nostra
1870 3210 2036 3279 adbersus
2052 3232 2111 3280 vos

252 3365 327 3431 sint
350 3363 477 3432 exinde
499 3364 597 3432 taciti
621 3368 656 3432 et
678 3367 777 3431 bacui
801 3382 1075 3450 permaneamus,
1101 3367 1135 3430 et
1158 3361 1202 3430 ad
1225 3363 1472 3447 compositione
1494 3363 1625 3431 siamus
1654 3381 1717 3431 nos
1751 3365 1980 3450 suprascripti
2002 3367 2109 3435 dona·

252 3516 323 3581 tori
346 3517 404 3582 vel
427 3515 510 3582 filiis
533 3517 568 3583 et
595 3513 780 3583 heredibus
804 3515 932 3582 uostris
955 3513 1051 3580 vobis
1073 3512 1242 3581 nominati
1265 3511 1453 3581 domnandi
1477 3517 1511 3580 et
1539 3513 1683 3598 iaquinti
1707 3516 1760 3582 vel
1783 3513 1827 3581 ad
1855 3519 1979 3584 vestris
2013 3521 2110 3587 here

248 3666 352 3735 dibus
370 3666 413 3734 de
435 3666 564 3735 donum
587 3669 622 3735 et
645 3667 817 3751 launegilt
838 3665 935 3734 vobis
958 3665 1126 3732 iustitiam
1145 3665 1342 3751 persolbere
1366 3665 1570 3749 obligamus.
1598 3668 1727 3746 tamen,
1753 3668 1887 3752 qnando
1910 3671 1953 3737 de
1976 3672 2112 3738 exdicta

249 3821 372 3888 nostra
394 3818 579 3888 donatione
602 3820 699 3888 vobis
721 3818 950 3888 contentionis
973 3819 1077 3887 fuerit
1098 3819 1234 3897 exorte,
1259 3821 1343 3886 tunc
1367 3819 1441 3886 vice
1464 3821 1584 3886 nostra
1608 3836 1685 3886 cum
1711 3819 1785 3905 ipsa
1806 3823 2021 3904 monimina,
2048 3846 2112 3911 que

249 3973 352 4040 modo
375 3973 471 4041 vobis
497 3971 540 4041 de
562 3973 640 4058 ipsa
663 3992 718 4041 res
745 3973 782 4040 in
807 3971 1006 4041 defensione
1029 3971 1204 4051 dedimus,
1233 3971 1275 4041 de
1298 3973 1350 4040 illi
1377 3972 1549 4042 ominibus
1574 3973 1688 4041 alterii
1712 3975 1809 4042 vobis
1840 3977 1963 4062 aliquit
1984 3980 2110 4048 exinde

248 4123 481 4192 contentionis
505 4126 734 4209 preposuerit,
764 4126 846 4190 tunc
868 4124 943 4191 vice
964 4125 1084 4191 nostra
1111 4141 1188 4190 cum
1212 4123 1291 4208 ipsa
1314 4123 1527 4202 monimina,
1552 4143 1618 4208 que
1641 4126 1736 4193 vobis
1759 4127 1794 4192 in
1816 4127 2026 4203 defensione.
2053 4151 2109 4200 vo-

250 4275 303 4340 lut
325 4274 485 4358 superius
508 4275 665 4358 legitur„
681 4273 850 4352 dedimus
876 4274 914 4340 in
938 4274 1094 4341 omnibus
1120 4291 1198 4340 cum
1222 4273 1291 4340 illis
1315 4290 1459 4342 causare
1484 4279 1519 4341 et
1545 4276 1658 4343 omnis
1681 4280 1797 4346 beram
1814 4283 1847 4346 et
1864 4239 1976 4364 legem
2001 4287 2034 4348 et
2058 4285 2109 4350 iu-

246 4425 380 4492 stitiam
404 4427 532 4494 exinde
555 4427 744 4512 recipiatis,
769 4431 944 4512 tamquam
969 4445 1031 4495 nos
1054 4427 1294 4506 debueramus,
1316 4430 1351 4495 et
1372 4445 1435 4512 per
1452 4446 1511 4498 vos
1533 4429 1618 4514 ipsis
1642 4430 1740 4498 siatis
1756 4431 1883 4500 exinde
1898 4437 2057 4504 auctores
2073 4441 2108 4503 et

245 4573 444 4643 defensores
466 4578 559 4644 omni
587 4579 741 4662 tempore
765 4578 836 4644 illis
856 4579 894 4644 et
916 4575 1062 4646 heredes
1085 4595 1204 4645 eorum
1227 4595 1306 4644 cum
1331 4581 1408 4663 ipsa
1430 4580 1622 4648 monimina
1644 4581 1681 4646 in
1704 4561 1939 4671 suprascripta
1958 4589 2103 4658 ratione.

245 4727 360 4794 tanmn
383 4745 448 4796 nos
470 4728 657 4814 superdicti
681 4730 862 4799 donatoris
886 4749 949 4798 nos
972 4731 1068 4798 vobis
1091 4734 1124 4799 et
1146 4731 1276 4799 nostris
1300 4731 1486 4800 heredibus
1509 4733 1725 4803 defensemus
1747 4736 1791 4804 da
1814 4737 1863 4805 illi
1886 4741 2102 4824 bominibus

246 4879 301 4945 cui
325 4897 389 4964 per
417 4898 480 4948 nos
502 4882 630 4950 exinde
653 4901 714 4967 per
741 4885 861 4970 quabis
880 4885 990 4953 modis
1014 4885 1133 4954 datum
1157 4889 1211 4954 vel
1231 4887 1422 4978 obligatum
1447 4888 1617 4972 paruerit,
1645 4890 1696 4958 vel
1720 4891 1778 4976 qui
1803 4912 1867 4977 pro
1882 4901 2000 4966 nostre
2023 4919 2104 4984 par-

245 5028 336 5097 tibus
360 5029 513 5100 emiserit
536 5033 632 5101 vobis
655 5051 869 5120 quacumque
892 5036 1149 5104 causationibus
1165 5039 1210 5114 et,
1238 5039 1275 5102 ut
1298 5036 1458 5121 superius
1479 5036 1607 5105 dictum
1632 5043 1695 5118 est,
1721 5039 1875 5124 predicta
1898 5049 2017 5115 nostra
2044 5049 2104 5116 do-

244 5180 386 5248 natione
412 5181 578 5251 securiter
600 5183 695 5250 omni
718 5191 874 5269 tempore
892 5201 953 5250 ros
975 5185 1167 5270 vestrisque
1190 5185 1376 5254 heredibus
1399 5187 1553 5255 habeatis
1577 5207 1654 5255 cum
1680 5191 1753 5259 vioe
1777 5191 1818 5260 de
1833 5193 1892 5261 via
1908 5213 1969 5263 sua
1987 5199 2023 5265 in
2046 5220 2103 5269 su·

243 5327 403 5410 prodicta
424 5333 573 5400 ratione.
600 5337 635 5403 et
650 5335 712 5402 tali
737 5335 859 5402 ordine
881 5341 916 5404 te
939 5337 1134 5420 antipertus
1158 5337 1315 5404 notarius
1338 5337 1490 5406 scribere
1511 5339 1724 5423 rogabimus.
1752 5346 1865 5411 actum
1889 5349 2037 5416 salerno.

302 5452 412 5566 †ego
433 5481 618 5598 rodelcbisi
643 5484 747 5554 levita

299 5604 411 5718 †ego
433 5633 583 5702 cadecisi

299 5755 411 5871 †eg0
436 5785 597 5855 rodericu

299 5909 328 6018 †
343 5956 411 6023 ego
433 5939 524 6006 maio

299 6062 327 6176 †
342 6107 409 6174 ego
429 6089 594 6158 ademari.
