5252 7102
533 564 595 626 uss
1198 545 1361 617 oouux
1400 517 1633 618 cavsvsvs

399 853 400 858 ,
486 793 614 862 devia
637 809 701 860 sua
724 807 746 857 a
768 807 853 876 pars
876 786 985 874 ipsius
1007 786 1100 856 leoni
1123 791 1159 855 et
1181 785 1227 854 da
1249 804 1358 854 uxore
1380 788 1453 855 eius
1476 789 1512 854 et
1533 787 1579 855 da
1602 789 1715 856 omnis
1737 790 1896 859 homines
1927 791 2088 878 omnique
2117 793 2286 880 partibus.
2313 797 2351 864 et

487 946 518 1014 si
541 943 657 1013 taliter
681 943 799 1010 omnia
821 940 1060 1028 suprascripta
1083 937 1120 1006 in
1142 956 1226 1025 pars
1248 938 1358 1026 ipsius
1380 937 1581 1010 monasterii
1603 957 1675 1006 non
1709 939 2037 1027 adimpleverimus,
2068 944 2103 1013 et
2134 943 2276 1030 aliquit,
2302 943 2347 1014 da

445 1081 448 1086 ’
486 1094 578 1183 quod
601 1093 759 1181 superius
781 1095 934 1182 legitur,
960 1093 1187 1180 quesierimus
1210 1093 1388 1162 remobere
1418 1095 1478 1160 aut
1510 1095 1696 1172 contrane,
1721 1095 1757 1161 et
1790 1093 2025 1182 quodcumque
2057 1097 2274 1166 causationes
2308 1099 2347 1168 iu

487 1267 571 1338 pars
594 1247 702 1335 ipsius
725 1247 926 1318 monasterii
948 1246 1076 1317 exinde
1097 1246 1390 1333 proposuerimus,
1416 1251 1500 1314 tunc
1522 1246 1675 1333 primum
1692 1247 1847 1316 omnium
1862 1248 1993 1334 questio
2007 1251 2042 1318 et
2057 1251 2212 1318 causatio
2227 1253 2349 1320 nostra

486 1401 558 1472 sint
581 1402 663 1472 inde
685 1403 851 1472 tacitast
873 1404 993 1490 bacua;
1017 1403 1052 1469 et
1073 1418 1137 1486 per
1160 1416 1251 1467 vona
1274 1399 1524 1469 combenientia
1546 1397 1663 1485 obligo
1679 1418 1735 1468 me
1757 1403 1793 1468 et
1808 1364 1902 1469 meos
1917 1400 2008 1469 filios
2030 1403 2065 1469 et
2088 1401 2232 1470 heredes
2255 1419 2349 1470 com-

487 1572 618 1642 ponere
640 1556 677 1622 in
701 1573 785 1641 pars
815 1554 925 1642 ipsius
954 1554 1142 1622 monasteri
1172 1555 1311 1620 centurn
1334 1552 1412 1622 auri
1435 1551 1563 1622 solidos
1586 1552 1826 1632 costantinos,
1851 1554 1887 1621 et
1908 1554 2041 1638 questio
2063 1553 2149 1634 illa,
2175 1573 2242 1640 que
2265 1553 2348 1624 inde

487 1709 582 1776 iacta
605 1708 722 1788 fuerit,
749 1709 891 1777 maneat
913 1709 1021 1776 tacita
1042 1709 1079 1776 et
1101 1707 1230 1785 inanis,
1256 1708 1377 1775 etheo
1400 1709 1538 1776 cartula
1559 1705 1839 1776 commutationis
1860 1707 1963 1775 firma
1985 1709 2185 1793 permaneat
2206 1709 2245 1776 in
2268 1725 2349 1795 per·

486 1861 641 1945 potuum.
659 1862 899 1929 verumtamen
922 1862 957 1930 et
980 1859 1019 1928 in
1041 1859 1242 1945 supradicto
1264 1858 1388 1927 ordine
1408 1857 1552 1927 tradidit
1576 1860 1612 1933 in
1635 1877 1719 1946 pars
1742 1857 1852 1944 ipsius
1875 1859 2082 1928 monasterii
2107 1860 2181 1928 bice
2204 1859 2248 1930 de
2269 1862 2351 1930 ion·

487 2012 571 2080 tana
593 2013 653 2099 qui
676 2017 729 2084 est
751 2013 847 2082 intus
869 2013 1055 2083 sortionem
1080 2013 1193 2100 ipsius
1215 2013 1309 2081 leoni
1332 2030 1518 2105 germanus
1542 2031 1650 2093 meus,
1669 2013 1708 2079 ut
1731 2013 1936 2099 potestatem
1959 2011 2109 2082 habeant
2130 2031 2215 2100 pars
2237 2011 2348 2100 ipsius

487 2165 688 2234 monasterii
711 2163 755 2234 ad
779 2163 857 2252 ipsa
879 2165 1020 2232 fontana
1042 2163 1227 2249 ingredere
1250 2169 1285 2232 et
1307 2161 1495 2256 regredere
1517 2163 1608 2234 iusta
1638 2164 1785 2243 ratione,
1811 2165 1846 2232 et
1880 2182 1969 2250 aqua
2000 2165 2127 2236 exinde
2161 2166 2281 2235 aurire
2313 2171 2349 2237 et

487 2321 630 2403 portare
653 2316 731 2387 illut
753 2315 812 2384 ubi
834 2317 983 2386 voluerit
1004 2318 1133 2403 absque
1156 2316 1339 2384 cuiuslibet
1361 2317 1617 2386 contrarietate.
1643 2318 1773 2403 preter,
1799 2315 1936 2402 quando
1971 2335 2055 2404 pars
2088 2316 2199 2404 ipsius
2225 2336 2349 2388 mona-

487 2469 587 2538 sterii
611 2469 654 2538 de
677 2467 877 2555 supradicta
899 2471 1020 2538 nostra
1044 2467 1249 2537 tradictione
1272 2469 1421 2537 voluerit
1444 2467 1525 2538 inde
1547 2433 1814 2538 esse'auctorem
1838 2471 1873 2538 et
1887 2469 2115 2550 defensorem,
2132 2471 2209 2539 bico
2225 2473 2349 2540 nostra

488 2617 667 2690 licentiam
691 2623 726 2698 et
748 2623 950 2708 potestatem
974 2623 1126 2691 habeant
1148 2639 1231 2709 pars
1255 2622 1363 2707 ipsius
1386 2623 1587 2691 monasterii
1618 2623 1655 2690 in
1690 2623 1848 2691 omnibus
1884 2620 1965 2690 inde
1996 2639 2141 2691 causare
2172 2623 2207 2690 et
2240 2621 2349 2692 finem

488 2775 615 2852 iacere,
641 2772 811 2860 quomodo
834 2775 894 2842 aut
915 2775 1064 2860 qualiter
1088 2775 1249 2854 voluerit,
1265 2792 1341 2844 cum
1363 2777 1466 2861 quale
1487 2775 1663 2844 monimen
1686 2775 1911 2842 strationem
1935 2775 2014 2844 inde
2035 2774 2166 2844 habere
2180 2776 2348 2864 potuerit3

490 2941 569 2991 uam
593 2923 731 3009 quando
755 2944 836 3010 pars
859 2925 970 3010 ipsius
1001 2923 1203 2993 monasterii
1227 2942 1291 2992 nos
1314 2927 1474 2994 auctores
1495 2927 1530 2992 et
1562 2924 1761 2994 defensores
1795 2925 1960 3012 quesierit
1988 2924 2070 2994 inda
2101 2926 2254 3004 habere,
2280 2941 2352 3011 ego

490 3080 606 3146 autern
629 3081 665 3145 et
687 3079 771 3147 meis
793 3077 876 3148 filiis
898 3079 933 3149 et
954 3077 1100 3146 heredes
1122 3079 1201 3148 illut
1224 3077 1261 3146 in
1284 3097 1366 3165 pars
1388 3078 1499 3164 ipsius
1521 3079 1721 3148 monasterii
1744 3078 1961 3148 defensemus
1983 3081 2019 3146 et
2041 3077 2159 3146 omnia
2181 3075 2215 3152 ei
2237 3075 2353 3146 adim·

486 3229 642 3312 pleamus
665 3247 727 3314 per
750 3225 979 3322 illohordine
1002 3231 1037 3296 et
1059 3227 1218 3308 ratione,
1244 3229 1334 3296 sicut
1356 3230 1514 3316 superius
1538 3229 1680 3313 legitur,
1708 3246 1771 3314 per
1805 3227 1969 3297 iamdicta
1992 3226 2150 3314 obligata
2183 3245 2287 3315 pena.
2315 3231 2355 3296 et

484 3381 603 3448 taliter
625 3381 777 3448 scribere
800 3381 1001 3467 rogavimus
1024 3383 1058 3449 te
1080 3380 1254 3467 iaquiutus
1277 3382 1445 3451 notarius.
1470 3385 1589 3450 actum
1613 3384 1761 3450 salerno.

483 3619 485 3624 Ι
545 3507 656 3618 †ego
673 3531 790 3600 alerisi

546 3657 576 3770 †
591 3701 658 3772 ego
673 3685 907 3772 rodelgrimus

544 3807 657 3922 †ego
672 3835 809 3903 unoala.

1254 4343 1578 4425 GCCCXIX.

1272 4590 1327 4665 A.
1364 4589 1415 4666 D.
1455 4586 1559 4667 990.

418 4883 421 4890 ⁴
552 4845 796 4980 †1nn0mine
816 4891 949 4962 domini
971 4893 1028 4963 dei
1051 4895 1217 4964 salvatori
1239 4895 1338 4965 ihesu
1362 4897 1498 4977 christi,
1516 4897 1729 4986 temporibus
1744 4899 1862 4970 domni
1886 4900 2062 4970 mansonis
2085 4899 2232 4987 gloriosi
2246 4899 2351 4969 ducis

488 5049 523 5115 et
546 5042 742 5132 imperialis
765 5043 907 5132 patricii
930 5062 1024 5136 anno
1044 5046 1221 5116 tricesimo
1243 5047 1414 5129 secundo,
1439 5050 1475 5117 et
1496 5048 1735 5119 tertiodecimo
1758 5067 1851 5118 anno
1874 5051 1993 5119 domni
2014 5050 2175 5120 iohannis
2198 5053 2351 5140 gloriosi

488 5196 585 5268 ducis
608 5199 675 5267 dlii
697 5198 784 5280 eius,
809 5197 867 5270 dia
895 5197 1064 5268 vicesima
1097 5201 1224 5270 mensis
1257 5202 1408 5270 ianuarii
1444 5201 1635 5272 indictione
1657 5204 1783 5283 tertia,
1810 5205 1937 5273 amalfi.
1964 5205 2101 5273 bertum
2135 5205 2188 5275 est
2210 5223 2269 5274 me
2291 5205 2349 5273 leo

489 5354 660 5440 presbiter
683 5356 719 5424 et
741 5355 850 5424 abbas
872 5355 1085 5424 monasterio
1107 5353 1200 5425 beati
1223 5357 1393 5426 benedicti
1417 5359 1625 5428 confessoris
1648 5362 1684 5428 et
1699 5359 1822 5428 eximii
1838 5359 1983 5439 abbatis,
2003 5358 2093 5445 quod
2109 5361 2348 5428 constructum

490 5505 525 5572 et
547 5503 745 5572 edificatum
770 5508 949 5592 permanet
971 5507 1010 5576 in
1032 5509 1144 5577 locum
1167 5506 1226 5596 qui
1249 5511 1392 5577 vocatur
1415 5509 1505 5590 ircli,
1531 5529 1554 5579 a
1575 5511 1728 5598 presenti
1742 5510 1798 5580 die
1813 5512 2025 5581 commutare
2039 5514 2074 5583 et
2088 5511 2348 5582 comcamniarc

485 5655 581 5724 visus
616 5675 692 5724 sum
715 5659 891 5728 vobiscum
913 5657 1039 5729 domno
1062 5661 1199 5730 marino
1222 5662 1295 5730 iilic
1318 5660 1444 5732 marini
1474 5662 1599 5734 iudicis
1621 5663 1831 5734 atrianensis
1863 5666 1928 5734 filii
1962 5665 2035 5736 ursi
2060 5664 2103 5736 de
2128 5667 2278 5736 iohanne
2304 5665 2352 5736 de

489 5804 616 5874 domna
632 5807 757 5897 blattu3
773 5811 841 5878 Nos
856 5810 952 5878 vobis
966 5809 1124 5882 dedimus
1139 5789 1201 5898 per
1217 5811 1464 5884 absolutionem
1478 5814 1716 5902 suprascripte
1727 5813 1878 5902 gloriose
1888 5816 2068 5902 potestatis
2080 5815 2195 5904 ipsam
2206 5817 2349 5888 vineam
