5216 7092
993 544 1363 617 DlPLollrlTlCtlS
1988 562 2049 622 rua

247 789 498 875 recipiendum,
516 788 584 858 illis
599 809 676 856 oum
693 789 848 856 nutriant
862 789 903 858 de
915 807 979 855 sua
995 787 1142 855 vivenda
1154 789 1246 856 iusta
1257 789 1404 868 ratione,
1422 787 1504 855 dum
1516 789 1644 857 ibidem
1656 789 1791 858 steterit
1802 787 1845 856 ad
1863 788 2100 872 recipiendum

150 997 157 1008 .
245 943 323 1028 ipso
340 905 474 1010 riuum:
493 942 586 1010 etde
602 962 703 1028 quem
720 943 847 1011 ibidem
864 943 901 1009 in
918 944 993 1027 ipsa
1009 946 1104 1010 terra
1118 941 1340 1012 seminaverit
1352 961 1450 1012 omne
1466 961 1608 1022 annum,
1626 942 1731 1010 deant
1743 942 1840 1011 nobis
1855 939 1981 1008 exinde
1992 941 2102 1008 terra-

246 1097 353 1164 ticum
380 1097 568 1164 secundum
596 1097 880 1165 consuetudinem
909 1097 951 1164 de
979 1098 1091 1183 ipsum
1120 1099 1246 1164 locum.
1276 1093 1399 1182 (Adest
1424 1097 1606 1177 smutua.:
1637 1096 1727 1182 quod
1754 1096 1783 1196 si
1809 1095 1926 1162 taliter
1953 1096 2024 1160 etc:
2044 1075 2106 1176 qut

245 1251 360 1333 nequit
375 1252 469 1316 stare
478 1251 670 1332 prontissis,
689 1252 819 1317 soluere
834 1253 969 1316 tenetur
982 1251 1099 1319 decem
1117 1268 1239 1319 aureos
1252 1251 1375 1317 sottctos
1389 1249 1640 1332 constantines).

304 1375 422 1498 †ego
432 1403 532 1486 guiso
547 1403 705 1472 notarius
722 1403 861 1471 interfui
877 1406 912 1470 et
927 1406 1019 1470 bunc
1036 1402 1174 1470 brebem
1190 1403 1314 1488 scripsi

305 1529 334 1640 †
348 1574 415 1639 ego
429 1556 597 1624 radoaldu

275 1669 280 1682 ι
304 1681 334 1794 †
349 1727 416 1792 ego
433 1713 534 1792 petru

304 1831 333 1946 †
349 1877 416 1944 ego
430 1863 550 1945 petrus
566 1859 742 1926 diaconus

1006 2361 1334 2440 CCCXXIII.

1030 2609 1085 2682 A.
1122 2605 1173 2682 D.
1212 2602 1316 2683 980.

310 2867 397 3006 †ln
415 2916 552 2983 nomine
570 2913 701 2981 domini
718 2931 808 2981 anno
824 2914 998 2980 tricesimo
1015 2914 1162 3000 septimo
1178 2915 1395 3002 principatus
1410 2915 1526 2983 domni
1544 2919 1654 2986 nostri
1669 2919 1812 3004 paldolll
1836 2923 1982 3006 gloriosi
2007 2925 2106 3009 prin-

247 3067 338 3152 cipis
354 3069 389 3134 et
405 3066 553 3136 secundo
570 3085 661 3134 anno
677 3068 751 3135 eius
775 3069 920 3146 salerni,
939 3072 973 3135 et
994 3071 1092 3137 sexto
1115 3085 1208 3136 anno
1231 3069 1447 3153 principatus
1470 3069 1601 3137 domini
1625 3073 1767 3156 paldolli
1790 3075 1865 3142 eius
1888 3077 1972 3156 11110,
1991 3097 2109 3147 mense

249 3218 398 3286 martius
415 3220 539 3284 octaba
554 3218 753 3285 indictione.
774 3220 1053 3286 memoratorium
1071 3221 1164 3285 sactu
1181 3237 1202 3286 a
1219 3239 1273 3286 me
1288 3223 1342 3287 leo
1358 3220 1527 3306 presbiter
1549 3223 1641 3290 filius
1664 3223 1837 3306 quondam
1862 3227 1952 3293 leoni
1976 3189 2131 3294 amalfi-⁹

250 3372 336 3449 tani,
355 3369 502 3454 eoquod
519 3371 597 3440 ante
612 3368 797 3454 subscripti
814 3371 918 3438 testes
934 3389 997 3454 per
1020 3373 1109 3438 bona
1132 3370 1384 3439 combenientia
1406 3371 1523 3439 wadia
1546 3374 1633 3440 mihi
1650 3374 1819 3443 dederunt
1834 3376 2051 3446 domnandus
2074 3382 2109 3446 et

248 3522 426 3606 iaquintus
443 3523 607 3606 germani
623 3522 687 3588 filii
711 3523 865 3588 mascani
889 3523 923 3588 et
947 3523 1036 3588 mari
1053 3523 1126 3589 fllio
1141 3523 1251 3607 ipsius
1275 3523 1477 3602 domnandi,
1497 3527 1531 3592 et
1546 3527 1716 3594 mediator
1739 3529 1825 3596 mibi
1848 3533 2039 3614 posuerunt
2054 3551 2109 3598 ur-

245 3695 306 3740 sus
323 3677 520 3742 atrianense
535 3675 628 3744 filius
643 3676 753 3741 mauri
769 3675 828 3760 qui
844 3675 973 3742 dicitur
988 3675 1252 3762 pizzacanzone3
1271 3679 1305 3742 et
1320 3696 1384 3761 per
1401 3677 1521 3745 eadem
1540 3681 1655 3746 wadia
1672 3681 1913 3766 obligaberunt
1928 3703 1966 3751 se
1982 3689 2017 3752 et
2031 3703 2111 3754 suos

251 3827 385 3906 eredes
400 3830 439 3894 ut
451 3828 576 3895 amodo
588 3831 623 3897 et
634 3831 749 3896 cuntis
766 3829 886 3897 diebus
902 3830 970 3897 bite
987 3849 1060 3897 mee
1075 3849 1145 3896 non
1162 3833 1283 3898 tollere
1295 3831 1426 3898 demea
1439 3835 1609 3916 potestate
1625 3836 1768 3902 eeclesia
1780 3836 1980 3904 bocabulum
1997 3841 2109 3906 sancti

247 3981 392 4071 iohanni
410 3983 548 4050 illorum
565 3982 796 4065 pertinentem
813 3981 1011 4059 locum,'ubi
1028 3980 1136 4048 beteri
1153 3981 1279 4047 dicitur
1297 3982 1386 4048 iusta
1401 4000 1496 4050 mare
1511 4001 1608 4050 secus
1624 3987 1659 4050 et
1674 3985 1734 4051 illa
1750 3994 1850 4069 parte
1866 3987 1967 4054 lunio
1983 3991 2104 4066 beteri,

248 4137 282 4200 et
299 4135 413 4200 omnis
429 4133 532 4225 rebus
548 4137 583 4200 et
599 4134 686 4200 casis
701 4111 810 4218 ipsius
825 4136 969 4201 ecclesie
986 4134 1234 4218 pertinentem3
1251 4136 1302 4202 set
1317 4133 1426 4202 licead
1444 4153 1498 4201 me
1514 4135 1550 4200 in
1567 4136 1657 4203 casis
1673 4137 1781 4220 ipsius
1797 4140 1940 4206 ecclesie
1955 4140 2107 4207 residere

247 4289 281 4352 et
296 4287 431 4352 abitare
446 4290 480 4352 et
495 4286 606 4352 omnis
622 4288 742 4352 nostra
766 4287 914 4353 utilitate
937 4286 1030 4352 iusta
1053 4286 1190 4352 ratione
1213 4285 1340 4351 ibidem
1364 4286 1488 4362 facere,
1507 4292 1542 4354 et
1560 4289 1662 4354 rebus
1686 4289 1764 4372 ipsa
1786 4289 2047 4369 dominandum,
2074 4295 2108 4358 et
2153 4357 2156 4364 ,

248 4439 487 4516 laborandum,
502 4441 537 4505 et
551 4403 789 4523 tinguendum,
805 4443 840 4506 et
852 4439 895 4505 ad
912 4440 1068 4506 laborare
1083 4438 1248 4520 dandum,
1263 4441 1298 4505 et
1310 4438 1402 4505 iusta
1419 4439 1552 4505 ratione
1564 4443 1680 4508 nostre
1692 4441 1839 4507 utilitate
1851 4440 1899 4507 ibi
1912 4441 2108 4508 faciendum

247 4594 377 4676 absque
393 4592 532 4660 illorum
548 4593 791 4661 contrarietate
805 4596 861 4660 vel
879 4594 1113 4676 requisitione,
1133 4595 1167 4660 et
1190 4593 1227 4659 in
1243 4593 1321 4676 ipsa
1337 4593 1482 4660 ecclesia
1505 4593 1694 4662 efficiemus
1721 4593 1779 4660 diu
1807 4598 1988 4680 noctuque,
2018 4597 2107 4662 sicut

248 4745 346 4812 decet
362 4746 522 4812 sacerdos
538 4746 696 4823 binubos,
714 4749 748 4813 et
764 4746 886 4812 amodo
903 4749 937 4812 et
953 4745 1073 4812 diebus
1092 4746 1159 4812 bite
1176 4763 1251 4810 mec
1266 4744 1414 4812 ecclesia
1428 4745 1507 4829 ipsa
1521 4763 1599 4811 curn
1617 4746 1729 4812 omnis
1744 4748 1848 4813 rebus
1863 4749 1897 4814 et
1920 4747 2009 4813 casis
2033 4745 2105 4813 suis

249 4917 433 4983 omnesque
449 4918 512 4965 sua
528 4899 750 4983 pertinentia,
770 4903 803 4965 et
819 4918 896 4965 curn
913 4899 1070 4984 quaterni
1086 4898 1132 4965 da
1155 4916 1266 4966 messa
1289 4897 1495 4976 canendum,
1514 4901 1548 4964 et
1563 4917 1669 4964 unum
1694 4899 1905 4966 intesanario
1932 4903 1966 4964 et
1993 4899 2107 4965 omnia

251 5051 360 5134 ipsius
375 5051 521 5117 ecclesia
533 5052 784 5135 pertinentibus
801 5051 981 5118 defensare
999 5051 1098 5117 nobis
1114 5049 1160 5116 da
1176 5042 1288 5116 omnis
1304 5051 1436 5117 omines
1452 5050 1613 5134 omnique
1636 5050 1795 5132 partibus
1818 5068 1895 5114 cum
1918 5053 1989 5115 tres
2013 5050 2106 5114 busti

253 5205 328 5272 eius
344 5205 379 5270 et
394 5203 463 5270 alia
479 5221 648 5289 organea3
666 5207 700 5270 et
715 5207 845 5288 quauta
861 5205 1035 5271 botatione
1050 5223 1111 5270 seu
1126 5205 1302 5287 sepultura
1313 5181 1532 5294 vel-quicquit
1547 5201 1584 5267 in
1600 5203 1677 5285 ipsa
1692 5200 1838 5304 ecclesia
1852 5199 2049 5277 intraberit,
2067 5199 2110 5265 do

252 5360 361 5423 totum
380 5357 548 5424 faciamus
564 5359 681 5424 omnia
696 5360 784 5442 quod
804 5359 1013 5426 boluerimus
1029 5359 1104 5426 sine
1121 5374 1239 5424 eorum
1256 5357 1449 5434 calumnie,v
1465 5362 1499 5423 et
1522 5354 1720 5421 annualiter
1736 5353 1774 5419 in
1790 5353 1974 5419 iestibitate
1997 5354 2105 5419 sancti

253 5510 399 5576 iobanni
417 5510 537 5580 demus
552 5529 671 5577 eorum
689 5511 907 5578 medietatem
921 5511 964 5577 de
977 5513 1049 5578 totu
1064 5511 1184 5577 offerta
1199 5527 1265 5595 que
1281 5509 1328 5574 ibi
1344 5505 1539 5582 intraberit,
1553 5509 1587 5574 et
1599 5505 1817 5583 medietatem
1834 5523 1892 5572 eos
1902 5505 2002 5572 nobis
2013 5507 2111 5572 abea-

258 5684 336 5732 mus
352 5669 388 5732 et
404 5667 531 5750 biginti
548 5669 654 5744 cetra,
673 5669 774 5751 quale
789 5667 924 5732 nueliori
941 5665 1045 5733 fuerit
1062 5666 1096 5730 in
1114 5666 1188 5750 ipso
1204 5666 1338 5729 cetraro
1354 5663 1412 5746 qui
1429 5660 1477 5726 ibi
1493 5662 1556 5737 est,
1575 5662 1610 5726 et
1625 5658 1668 5725 ad
1685 5657 1742 5726 die
1757 5658 1842 5724 obiti
1860 5659 1927 5725 mei
1951 5657 2112 5724 demitta-

253 5839 331 5886 mus
343 5819 380 5887 in
393 5821 471 5904 ipsa
485 5817 629 5886 ecclesia
641 5816 683 5882 de
696 5819 825 5895 omnia,
843 5821 1005 5902 quantum
1022 5815 1146 5882 amodo
1159 5815 1195 5881 in
1208 5815 1311 5881 antea
1325 5829 1446 5896 parare
1457 5812 1516 5876 aut
1528 5810 1736 5894 conquidere
1749 5809 1973 5893 potuerimus,
1989 5806 2110 5872 inclita

465 5947 527 5991 Tou.
543 5945 574 5990 ll.
1961 5929 1987 5976 19
