5252 7102
1172 560 1333 633 consil
1372 561 1602 632 cnvuhsls

1190 1014 1562 1096 CCCXCVIII.

1240 1263 1295 1338 A.
1333 1265 1383 1340 D.
1420 1260 1524 1340 988.

514 1522 606 1659 †In
622 1574 762 1641 nomine
779 1574 911 1642 domini
927 1574 979 1644 dei
997 1575 1159 1642 salvatori
1177 1575 1274 1642 ihesu
1292 1575 1401 1648 cristi,
1421 1576 1633 1660 temporibus
1650 1573 1768 1641 domni
1792 1573 1969 1640 mansonis
1992 1569 2137 1656 gloriosi
2160 1568 2255 1635 ducis
2279 1571 2317 1635 et

456 1726 650 1812 imperialis
665 1727 803 1811 patricii
820 1744 912 1794 anno
927 1727 1115 1803 tricesimo
1135 1727 1170 1792 et
1184 1725 1385 1793 duodecimo
1401 1745 1494 1793 anno
1516 1726 1633 1794 domni
1658 1725 1820 1792 iohannis
1844 1723 1990 1808 gloriosi
2014 1717 2112 1787 du'ois
2135 1720 2197 1786 filii
2221 1720 2310 1796 eius

452 1876 509 1945 die
537 1878 715 1944 tricesima
742 1877 871 1944 mensis
897 1878 1026 1962 aprelis
1052 1875 1242 1944 indictione
1269 1877 1394 1961 prima,
1414 1879 1541 1945 amalfi.
1562 1880 1698 1945 Certum
1717 1879 1768 1944 cst
1796 1894 1850 1942 me
1878 1877 1930 1944 leo
1953 1873 2124 1959 presbiter
2150 1875 2185 1938 et
2206 1873 2315 1938 abbas

452 2032 654 2099 monasterii
671 2033 788 2099 sancte
804 2031 914 2097 marie
931 2026 972 2096 de
987 2029 1065 2095 ircli
1081 2031 1115 2096 et
1137 2030 1248 2096 sancti
1273 2029 1442 2097 benedicti
1466 2047 1487 2094 a
1510 2049 1631 2096 caucas
1655 2049 1716 2116 per
1740 2029 1952 2098 absolutione
1975 2025 2211 2110 suprascripte
2234 2013 2312 2108 gloss

454 2169 545 2252 riose
568 2183 799 2270 potestatibus
822 2180 977 2250 dividere
1000 2185 1034 2249 et
1056 2180 1210 2248 diffinire
1233 2183 1326 2249 visus
1350 2203 1424 2249 sum
1447 2184 1623 2250 vobiscum
1646 2183 1773 2249 domno
1796 2199 1877 2248 urso
1898 2183 1933 2248 61
1955 2196 2121 2246 monsone
2151 2194 2249 2261 quam
2275 2178 2312 2242 et

453 2337 589 2405 marino
605 2341 639 2404 et
653 2340 753 2404 leone
769 2337 928 2420 germani
944 2337 1007 2402 tllii
1025 2335 1151 2400 marini
1170 2333 1287 2412 iudici,
1307 2336 1361 2419 qui
1379 2336 1462 2402 estis
1478 2337 1691 2404 habitatores
1707 2335 1858 2402 civitatis
1882 2335 2031 2410 salerno,
2051 2331 2139 2398 idest
2153 2327 2311 2414 plenarie

452 2497 486 2560 61
502 2493 640 2576 integre
656 2492 730 2576 ipse
745 2491 946 2558 hereditatis
962 2493 1079 2557 nostre
1094 2491 1131 2556 in
1146 2493 1266 2556 colara
1283 2493 1393 2575 posite
1443 2540 1749 2558 ......
1799 2489 1925 2555 fiumen
1942 2507 1963 2554 a
1979 2487 2138 2572 partibus
2150 2485 2309 2561 orientis,

451 2643 511 2708 ubi
526 2659 587 2708 vos
603 2641 739 2708 habetis
755 2641 983 2718 medietatem,
1002 2642 1037 2707 et
1060 2658 1122 2708 uos
1146 2659 1167 2707 a
1191 2641 1347 2724 partibus
1371 2643 1497 2708 nostris
1545 2690 1973 2707 ........
2021 2635 2248 2712 medietatem,
2275 2638 2313 2700 et

454 2793 635 2860 divisimus
652 2793 762 2859 cosin
779 2795 939 2876 quartam
955 2793 1159 2876 portionem,
1179 2794 1217 2857 ut
1235 2811 1293 2858 vos
1308 2791 1555 2876 appreendatis
1570 2792 1698 2859 exinde
1720 2792 1787 2858 due
1811 2790 1987 2875 portiones
2003 2837 2309 2856 ......

452 2946 617 3013 similiter
634 2946 793 3012 tollamus
809 2943 935 3012 exinde
951 2944 1018 3010 alie
1033 2941 1098 3009 due
1115 2943 1285 3044 portionis
1300 2943 1343 3009 de
1359 2944 1518 3028 plenario
1534 2945 1609 3028 ipso
1624 2944 1683 3028 qui
1700 2951 1751 3011 est
1766 2961 1788 3010 a
1812 2943 1967 3027 partibus
1990 2943 2092 3007 litore
2114 2939 2231 3017 maris,
2248 2937 2310 3004 ubi

453 3098 506 3165 cst
531 3099 607 3182 ipsa
634 3099 776 3165 ecclesia
800 3097 910 3163 sancti
935 3097 1043 3181 petri:
1070 3097 1211 3164 fecimus
1234 3097 1361 3163 exinde
1384 3096 1449 3163 due
1473 3071 1652 3182 portionis,
1671 3100 1704 3165 et
1727 3063 1907 3164 divisimus
1930 3113 1988 3163 eos
2011 3097 2114 3179 caput
2135 3094 2243 3160 fixum
2265 3091 2311 3158 do

453 3249 570 3318 susum
588 3251 624 3315 in
641 3252 755 3316 iusum
771 3249 911 3316 atinam
926 3247 970 3314 de
986 3247 1098 3332 ipsum
1115 3251 1228 3314 torum
1245 3266 1335 3332 aqua
1350 3250 1544 3315 versantem
1563 3266 1669 3333 usque
1685 3248 1722 3314 in
1738 3247 1877 3318 flumen.
1898 3248 1986 3312 sicut
2008 3246 2221 3313 demonstrat
2236 3245 2312 3328 ipse

452 3403 598 3486 parietis
614 3402 655 3468 de
671 3420 845 3468 canimare
894 3453 901 3467 .
954 3419 961 3465 ;
1014 3451 1318 3468 ......
1366 3403 1506 3487 aparte
1521 3403 1631 3469 sancti
1649 3401 1740 3486 petri
1763 3400 1805 3468 de
1827 3419 1944 3468 susum
1969 3401 2007 3465 in
2030 3401 2141 3468 iusum
2165 3417 2186 3464 a
2207 3399 2310 3465 finem

453 3554 496 3620 de
513 3554 706 3640 predictum
724 3557 837 3620 torum
855 3571 962 3637 usque
978 3553 1157 3620 indumen
1173 3552 1216 3618 de
1231 3553 1388 3637 plenario
1404 3554 1480 3637 ipso
1496 3555 1553 3638 qui
1570 3557 1622 3621 est
1637 3571 1657 3620 a
1672 3553 1829 3638 partibus
1845 3553 1947 3620 litore
1962 3552 2071 3618 maris
2093 3569 2170 3619 cum
2195 3551 2313 3617 omnia

453 3726 517 3775 sua
531 3708 764 3793 pertinentia3
782 3706 873 3775 unde
897 3707 1007 3774 nichil
1031 3708 1324 3791 exceptuavimus,
1343 3707 1486 3776 fecimus
1509 3726 1612 3774 unam
1638 3707 1831 3792 portionem
1881 3752 2309 3772 ........

450 3860 510 3944 qui
528 3861 580 3927 ost
596 3877 618 3926 a
634 3863 735 3944 parte
751 3879 771 3925 a
788 3879 905 3944 supra,
924 3862 1014 3927 sicut
1030 3859 1243 3927 demonstrat
1258 3860 1299 3928 do
1314 3859 1535 3927 latitudinem
1551 3879 1571 3926 a
1588 3860 1778 3944 predictam
1795 3857 2023 3944 parietemde
2039 3856 2197 3942 predicta
2218 3875 2310 3924 carn·

453 4031 553 4079 mara
577 4031 685 4097 usque
709 4014 744 4078 in
770 4014 881 4097 ipsum
907 4015 1096 4098 pistellum,
1115 4017 1150 4080 et
1172 4014 1213 4080 do
1236 4015 1488 4098 longitudinem
1513 4034 1535 4082 a
1557 4015 1833 4099 suprascriptum
1857 4014 1971 4079 torum
1995 4013 2159 4098 usquein
2182 4012 2310 4079 flumen

451 4183 530 4230 cum
559 4165 677 4230 omnia
703 4183 767 4231 sua
794 4164 1053 4248 pertinentiam,
1083 4164 1180 4233 Unde
1207 4166 1316 4232 nichil
1343 4165 1638 4248 exceptuavimus,
1656 4165 1800 4232 lecimus
1827 4165 1933 4231 aliam
1958 4167 2162 4248 portionem.
2182 4163 2308 4230 iterum

450 4315 635 4384 divisimus
651 4314 809 4400 plenario
826 4317 902 4399 ipso
918 4315 987 4381 alio
1002 4334 1023 4380 a
1038 4314 1193 4398 predicto
1215 4315 1350 4399 pistello
1373 4316 1416 4382 de
1439 4315 1692 4399 longitudinem
1716 4314 1812 4382 indat
1837 4316 1991 4400 partibus
2013 4315 2182 4398 aquilonis
2203 4332 2310 4398 usque

449 4468 487 4534 in
498 4467 619 4552 ipsum
636 4469 785 4535 montem
803 4487 985 4552 magnum,
1004 4469 1039 4534 et
1055 4467 1236 4562 divisimus
1252 4488 1309 4536 eos
1326 4471 1429 4552 caput
1445 4469 1552 4534 fixum
1570 4469 1611 4535 de
1625 4485 1742 4538 susum
1757 4470 1795 4535 in
1811 4469 1925 4536 iusum
1941 4488 1963 4536 a
1979 4469 2171 4553 predictum
2195 4471 2307 4534 torum

452 4636 544 4702 aqua
575 4622 771 4685 versantem
811 4637 917 4702 usque
954 4619 989 4685 in
1019 4618 1166 4696 flumen,
1201 4622 1236 4685 ot
1268 4619 1413 4686 lecimus
1450 4618 1577 4688 exinde
1607 4618 1673 4685 due
1711 4620 1881 4704 portionis
1942 4668 2304 4685 .......

448 4771 493 4837 de
521 4771 597 4854 ipsa
623 4770 716 4837 oliva
744 4771 781 4836 in
808 4789 923 4837 susum
952 4789 1014 4855 per
1041 4771 1226 4838 cristonem
1255 4773 1421 4856 usquein
1452 4773 1730 4856 suprascriptum
1759 4777 1947 4850 torum‚ot
1977 4789 2000 4838 a
2028 4770 2183 4856 predicta
2217 4772 2310 4836 oliva

446 4923 582 5008 liupido
598 4923 825 4992 descendente
849 4925 886 4990 in
910 4924 1036 4990 flumen
1060 4924 1103 4990 de
1127 4924 1283 5009 plenario
1307 4926 1383 5010 ipso
1407 4943 1429 4992 a
1452 4945 1560 5010 supra
1582 4943 1603 4990 a
1627 4926 1781 5010 partibus
1805 4925 1975 5010 aquilonis
1998 4943 2076 4991 cum
2104 4925 2219 4992 omnia
2241 4943 2305 4991 sua

446 5081 718 5164 pertinentiam,
745 5077 842 5147 Unde
865 5077 973 5146 nichil
997 5079 1305 5183 exceptuavimus,
1332 5079 1473 5147 fecimus
1496 5099 1602 5146 uuam
1626 5083 1833 5165 portionem.
1860 5083 1893 5148 et
1915 5079 1958 5146 de
1982 5079 2140 5164 plenario
2163 5079 2238 5162 ipso
2259 5077 2305 5144 de

446 5235 567 5301 subtus
591 5253 613 5301 a
636 5233 794 5318 partibus
817 5231 961 5299 meridie
984 5249 1061 5296 oum
1088 5230 1206 5297 omnia
1228 5249 1292 5297 sua
1316 5231 1546 5316 pertinentia,
1571 5232 1668 5302 Unde
1692 5231 1799 5299 nichil
1831 5233 2135 5317 exceptuavimus,
2160 5231 2305 5298 lecimus

445 5385 552 5452 aliam
577 5385 783 5469 portionem.
810 5388 959 5461 Quarum
985 5402 1047 5452 nos
1070 5383 1298 5468 suprascripti
1322 5385 1482 5468 germani
1531 5436 2015 5453 .........
2042 5387 2235 5470 portionem
2259 5383 2304 5451 de

444 5539 521 5622 ipso
544 5537 634 5620 quod
658 5539 754 5621 prius
776 5537 967 5616 divisimus,
995 5539 1155 5622 plenaria
1179 5538 1256 5620 ipsa
1278 5539 1392 5621 portio
1415 5539 1458 5605 cle
1481 5557 1586 5624 supra
1609 5558 1629 5605 a
1652 5542 1752 5623 parte
1781 5538 1824 5605 de
1860 5537 2014 5623 predicto
2046 5539 2218 5613 cristone,
2244 5533 2302 5603 ubi

442 5689 619 5773 pistellum
642 5692 797 5765 vocatur,
823 5707 898 5755 cum
925 5691 1118 5774 plenariam
1144 5690 1256 5774 ipsam
1280 5691 1473 5774 portionem
1496 5689 1539 5756 de
1562 5709 1680 5774 supra,
1707 5690 1766 5774 qui
1790 5693 1841 5756 est
1865 5709 1886 5755 a
1909 5693 2008 5774 parte
2030 5687 2303 5774 septemtrionis

442 5842 478 5907 et
501 5859 557 5908 me
580 5843 819 5926 suprascripto
843 5841 941 5907 leone
965 5842 1156 5926 presbitero
1180 5845 1215 5908 et
1239 5842 1344 5908 abhas
1368 5841 1486 5926 tetigit
1509 5842 1546 5906 in
1570 5841 1754 5909 secundam
1780 5842 1972 5927 portionem
2000 5841 2157 5926 plenario
2180 5843 2257 5925 ipso
2281 5861 2305 5909 a
