5216 7092
597 551 657 613 161
1171 575 1173 578 -
1257 531 1419 606 CODEX
1457 533 1690 608 CAVENSIS

551 783 730 848 hominem
754 796 818 865 pro
843 779 960 846 vestra
983 780 1084 862 parte
1106 777 1149 846 de
1171 779 1235 845 hec
1260 777 1386 856 omnia,
1405 776 1496 845 unde
1519 777 1694 846 vobiscum
1717 778 1821 844 finem
1847 778 2000 857 fecimus,
2020 779 2075 846 vel
2097 779 2140 847 de
2163 782 2399 869 qualecumque

551 930 626 998 alia
649 949 755 997 causa
783 930 825 997 de
853 929 939 995 sonti
965 930 1020 997 vel
1042 928 1084 995 de
1108 928 1182 996 eius
1209 927 1454 1012 pertinentiam
1482 945 1628 1013 querere
1654 930 1711 995 aut
1738 930 1922 996 molestare
1944 930 2245 1018 presumserimus,
2265 937 2397 1000 centum

553 1083 749 1166 bytianteos
773 1083 869 1150 vobis
885 1099 1093 1168 componere
1108 1083 1352 1168 promittimus
1371 1086 1405 1150 et
1421 1084 1484 1150 hcc
1502 1085 1660 1150 chartula
1676 1083 1720 1151 sit
1735 1083 1837 1150 firma
1852 1083 1888 1149 in
1904 1085 2122 1168 perpetuum.

611 1208 640 1320 †
655 1254 722 1322 ego
739 1239 857 1322 petrus
872 1237 965 1304 filius
982 1236 1194 1304 constantini
1210 1235 1253 1302 de
1267 1237 1385 1321 sergio
1407 1237 1530 1304 comite
1552 1235 1595 1303 (16
1619 1237 1714 1302 1666
1729 1191 1834 1302 sirico
1849 1237 1947 1304 testis
1969 1256 2057 1304 sum.

610 1364 640 1474 †
653 1393 738 1460 EGO
754 1394 872 1462 taurus
886 1393 979 1461 filius
995 1393 1087 1460 leoni
1102 1392 1146 1459 (16
1161 1409 1243 1459 urso
1258 1391 1382 1460 comite
1399 1410 1420 1458 a
1436 1391 1679 1476 suprascriptis
1695 1391 1854 1475 personis
1869 1353 2011 1476 ro'gatus
2027 1392 2146 1475 supter
2163 1390 2314 1476 scripsit.

611 1517 640 1630 †
656 1564 723 1630 ego
739 1547 895 1614 marinus
910 1548 1003 1615 lilius
1019 1547 1182 1616 iohannis
1198 1546 1240 1614 de
1255 1549 1390 1615 marino
1405 1547 1504 1615 testis
1527 1566 1615 1614 sum.

548 1699 606 1767 die
633 1699 748 1784 prima
775 1699 904 1768 mensis
931 1698 1122 1768 decembris
1146 1697 1334 1766 indictione
1356 1697 1491 1766 decima
1507 1698 1533 1784 ⁴)

597 1827 723 1942 †ego
739 1857 859 1938 guttus
875 1854 987 1924 scriba
1002 1855 1105 1922 huius
1122 1854 1272 1922 civitatis
1288 1857 1378 1921 hanc
1395 1854 1592 1920 chartulam
1610 1870 1715 1918 manu
1735 1852 1879 1935 propria
1895 1851 2033 1936 scripsi.

1281 2356 1623 2436 CCCXXXV
1627 2357 1665 2434 I.

1334 2603 1389 2680 A.
1426 2603 1477 2678 D.
1514 2597 1619 2680 982.

584 2991 589 3006 ⁸
617 2861 651 2998 †
668 2917 705 2979 ln
722 2911 861 2979 nomine
878 2911 1009 2978 domini
1025 2910 1080 2978 dei
1097 2910 1282 2978 salvatoris
1297 2910 1394 2979 iehsu
1412 2910 1521 2988 cristi,
1541 2910 1737 2996 imperante
1754 2909 1880 2977 domno
1904 2913 2027 2978 basilio
2050 2929 2181 2997 magno
2204 2913 2408 2998 imperatore

550 3084 644 3133 anno
676 3065 840 3132 uicesimo
856 3064 1016 3142 secunde,
1035 3063 1093 3133 sed
1118 3067 1152 3132 et
1175 3065 1301 3132 domno
1326 3055 1521 3132 costantino
1544 3065 1653 3133 frater
1676 3065 1751 3131 eius
1774 3083 1904 3150 magno
1920 3065 2131 3149 imperatore
2154 3083 2245 3133 anno
2261 3064 2406 3132 nonode

551 3217 653 3294 cirne,
672 3215 728 3283 (116
750 3217 927 3284 tricesima
949 3216 1077 3284 mensis
1100 3216 1264 3295 ianuarii,
1282 3216 1471 3284 indictione
1493 3215 1625 3286 decima
1648 3218 1797 3302 neapoli.
1825 3219 1960 3286 Certum
1985 3218 2037 3284 est
2053 3235 2107 3285 me
2129 3216 2297 3284 iohannes
2321 3215 2407 3282 filius

552 3371 640 3454 petri
657 3369 699 3435 de
716 3369 841 3453 gaiusu
856 3372 890 3436 61
905 3369 1079 3436 habitator
1095 3368 1137 3434 (16
1153 3371 1227 3436 1666
1243 3368 1410 3436 nucerino
1430 3419 2153 3435 .............
2171 3369 2269 3436 vobis
2285 3367 2406 3435 domno

554 3520 722 3606 gregorio
738 3521 928 3588 venerabili
945 3521 1061 3587 abbati
1080 3519 1282 3588 monasterii
1297 3520 1408 3590 sancti
1426 3520 1584 3604 gregorii
1600 3539 1699 3605 quem
1722 3520 1764 3590 de
1786 3519 1990 3606 regionariu
2038 3571 2400 3588 .......

558 3673 711 3740 clusuria
726 3673 769 3740 de
785 3677 881 3741 terra
897 3674 1006 3759 ipsius
1022 3674 1113 3742 sacri
1129 3675 1238 3750 uestri
1253 3675 1456 3742 monasterii
1470 3673 1529 3759 qui
1545 3692 1651 3758 supra
1666 3675 1781 3742 cesina
1804 3676 1917 3759 posita
1940 3675 1976 3740 16
1991 3675 2229 3760 suprascripto
2254 3677 2330 3743 loco
2345 3677 2408 3743 ter-

552 3827 649 3895 rium
666 3845 737 3894 666
754 3846 830 3893 cum
881 3877 1306 3894 ........
1326 3827 1551 3912 omnibusque
1566 3827 1632 3894 sivi
1648 3827 1914 3912 pertinentibus
1933 3829 1967 3894 et
1983 3828 2122 3896 coheret
2144 3826 2188 3895 de
2211 3845 2282 3894 uno
2306 3828 2409 3896 latere

554 3982 651 4046 terra
673 3979 730 4063 qui
755 3979 822 4046 suit
844 3977 1013 4063 quondam
1020 4027 2404 4046 ........................

680 4185 686 4198 .
740 4185 746 4197 .
796 4131 839 4198 (16
854 4131 1091 4216 suprascripto
1108 4134 1182 4198 loco
1199 4133 1340 4198 terrium
1358 4135 1392 4200 61
1407 4133 1482 4216 ipsa
1497 4134 1647 4199 clusuria
1670 4153 1713 4202 ex
1737 4131 1831 4199 omni
1854 4137 1954 4218 parte
1988 4179 2408 4199 ........

561 4331 809 4348 .....
859 4282 1099 4367 suprascripta
1114 4280 1265 4349 clusuria
1280 4280 1322 4348 (16
1338 4284 1578 4368 suprascripta
1594 4283 1691 4349 terra
1706 4300 1783 4366 cum
1800 4283 1978 4351 introitum
1996 4301 2094 4350 suurn
2106 4282 2332 4367 omnibusque
2346 4279 2412 4349 suis

560 4436 782 4521 pertinentiis
798 4437 885 4503 mihi
902 4435 1055 4520 meisque
1071 4435 1256 4504 heredibus
1272 4440 1308 4503 at
1323 4436 1549 4503 lavorandum
1567 4438 1600 4504 et
1617 4435 1865 4521 pastenandum
1882 4435 2006 4504 dedisti
2024 4435 2060 4502 in
2076 4453 2117 4502 eo
2140 4437 2271 4514 tenore,
2289 4435 2329 4500 61
2350 4447 2411 4517 ego

499 4671 502 4678 .
558 4589 594 4654 et
610 4589 754 4658 heredes
770 4590 857 4656 meis
872 4589 933 4656 illa
955 4591 1039 4657 bene
1062 4592 1097 4655 61
1119 4589 1308 4674 diligenter
1331 4592 1488 4657 laborare
1511 4588 1696 4658 debeamus
1719 4592 1840 4675 suptus
1862 4591 1897 4657 et
1921 4607 2039 4675 supra,
2057 4591 2093 4657 et
2118 4588 2358 4657 cauciuminas
2382 4588 2415 4653 ct

563 4743 653 4810 vites
669 4742 798 4810 ibidem
814 4761 945 4828 ponere
961 4747 994 4812 61
1011 4745 1174 4827 plantare
1189 4743 1373 4811 debeamus
1390 4747 1537 4830 quantas
1560 4763 1735 4813 necessum
1760 4743 1875 4824 suerit,
1893 4746 1928 4814 et
1950 4745 2078 4821 omnia,
2095 4741 2185 4828 quod
2209 4741 2336 4810 ibidem
2359 4739 2415 4806 do·

560 4898 676 4966 minus
691 4897 777 4964 deus
793 4895 926 4964 dederit
940 4897 1086 4964 inferius
1101 4899 1136 4966 et
1151 4899 1321 4982 superius,
1340 4917 1443 4985 super
1459 4915 1522 4966 nos
1537 4898 1621 4966 illud
1647 4901 1768 4968 tollere
1790 4899 1994 4985 debeamus3
2011 4897 2101 4966 unde
2124 4897 2258 4964 nullam
2281 4897 2412 4980 partem

560 5068 622 5119 vos
638 5053 700 5119 aut
716 5051 867 5137 posteris
883 5050 1006 5119 vestris
1021 5051 1107 5117 mihi
1124 5052 1274 5136 meisque
1290 5051 1474 5120 heredibus
1488 5051 1614 5121 exinde
1630 5033 1782 5136 queratis
1797 5050 1933 5129 amodo,
1951 5053 1987 5119 et
2001 5067 2108 5136 usque
2122 5049 2213 5135 quod
2228 5051 2304 5135 ipse
2315 5051 2413 5116 arbu-

556 5210 630 5274 stus
646 5207 781 5276 venerit
809 5209 845 5274 at
862 5206 1054 5275 iaciendum
1071 5208 1188 5273 vinum
1204 5208 1332 5274 homas
1354 5205 1492 5275 decem:
1511 5208 1629 5293 preter
1652 5207 1852 5276 terraticum
1877 5206 1940 5273 tibi
1963 5206 2096 5291 tuisque
2118 5203 2268 5291 posteris
2292 5199 2414 5272 exinde

614 5590 636 5661 ¹)
652 5591 691 5644 lin
707 5591 762 5646 hac
779 5605 838 5646 666
851 5589 1020 5646 indictionis
1035 5597 1115 5658 6616,
1129 5589 1247 5644 chartae
1271 5603 1382 5644 aunum
1406 5587 1666 5661 nongentesimum
1691 5585 1922 5660 octuagesimum
1936 5585 2063 5659 primum
2077 5583 2222 5642 conticere
2237 5584 2281 5640 ias
2296 5589 2347 5640 661.
2370 5579 2411 5636 Eo

555 5713 635 5770 enim
657 5714 721 5786 ipso
753 5729 843 5782 6666,
867 5713 917 5786 qui
938 5712 1048 5786 primns
1069 5713 1123 5770 1611
1143 5712 1325 5786 principatus
1345 5711 1495 5769 llnnsonis
1516 5711 1641 5784 Salerni,
1667 5689 1746 5768 6666
1766 5711 1888 5767 lndictio
1912 5709 2105 5779 decurrebat,
2125 5724 2258 5783 quaeque
2283 5707 2314 5764 16
2335 5703 2411 5762 (1661-

556 5854 635 5895 mom
649 5838 721 5894 abiit
734 5851 837 5892 meuse
852 5833 1003 5891 Decembri
1020 5851 1037 5890 6
1051 5833 1229 5906 Septembri.
