5286 7098
966 577 1335 652 olplolllllclls
1585 654 1587 659 ,
1981 605 2034 668 lul

224 821 414 908 iaquintus,
431 839 531 907 quam
547 820 718 890 eleximus
734 819 778 889 ad
794 816 1016 919 iudicandum
1033 819 1214 896 internos,
1234 837 1301 906 ego
1323 823 1358 888 et
1372 824 1491 908 petrus
1506 827 1542 892 et
1557 827 1706 910 guaiferi
1723 831 1882 916 germani
1906 833 1971 900 filii
1985 834 2085 904 silve·

223 974 346 1043 stride
367 974 561 1060 predictum
585 976 698 1042 locum
723 991 836 1057 angre
859 972 976 1058 ibique
998 972 1135 1040 causari
1159 989 1236 1040 curn
1258 973 1320 1053 eis,
1347 977 1385 1042 ut
1408 978 1602 1046 contrasset
1624 979 1668 1047 ad
1684 1000 1767 1067 pars
1789 982 1899 1068 ipsius
1914 987 2084 1057 hecclesie

223 1129 334 1200 sancti
349 1127 507 1196 massimi
524 1145 595 1196 una
609 1127 710 1212 pecia
724 1126 768 1194 de
784 1129 878 1195 terra
894 1143 1000 1192 vacua
1015 1125 1059 1193 de
1074 1123 1193 1194 eodem
1209 1129 1323 1195 locum
1341 1147 1453 1214 angre
1469 1132 1684 1216 pertinentes
1699 1136 1809 1220 ipsius
1824 1140 2005 1218 hecclesie,
2019 1160 2084 1226 que

224 1280 266 1350 de
280 1279 413 1350 duobus
429 1280 587 1366 partibus
602 1279 644 1348 ad
661 1281 716 1348 vie
731 1282 916 1348 coniuncta
939 1283 1003 1358 est,
1020 1283 1055 1348 et
1071 1281 1169 1348 lovee
1185 1279 1314 1350 ibidem
1330 1281 1467 1351 iecisset
1482 1285 1517 1352 et
1531 1285 1683 1354 frudium
1700 1287 1782 1356 inde
1798 1289 1934 1361 tulisset
1955 1293 2026 1360 illis
2048 1298 2083 1362 et

225 1449 396 1520 germano
418 1447 552 1512 eorum,
571 1435 606 1500 et
622 1431 701 1516 ipsa
723 1433 819 1499 terra
841 1449 907 1516 ego
929 1445 1046 1500 eornm
1069 1431 1280 1501 monstravit
1302 1435 1382 1502 ante
1405 1434 1518 1520 ipsum
1534 1437 1689 1505 alfanum
1704 1443 1738 1508 et
1752 1440 1928 1525 predictus
1949 1444 2082 1530 inquin-

224 1591 291 1658 tus.
317 1587 385 1673 ipsi
412 1586 583 1655 nominati
605 1587 783 1676 petrns-et
805 1584 957 1670 guaiferi
982 1585 1143 1670 germani
1167 1584 1346 1666 dixerunt,
1365 1589 1404 1657 ut
1426 1588 1645 1660 medietatem
1668 1593 1747 1678 ipsa
1768 1597 1869 1680 pecie
1891 1616 1992 1682 quem
2016 1616 2082 1684 ego

224 1758 344 1809 eorum
368 1740 575 1818 monstravi,
593 1738 732 1807 illorum
756 1742 791 1807 et
813 1737 856 1806 de
880 1737 955 1822 ipso
971 1756 1032 1806 suo
1055 1756 1224 1824 germano
1238 1759 1311 1809 esse
1327 1741 1540 1826 pertinentes
1563 1747 1598 1812 et
1618 1745 1837 1816 medietatem
1861 1750 1951 1816 esset
1973 1749 2082 1834 ipsius

224 1892 407 1970 hecclesie,
426 1890 518 1958 etde
532 1891 611 1976 ipsa
626 1890 845 1960 medietatem
864 1891 974 1976 ipsius
991 1890 1159 1960 hecclesie
1174 1893 1272 1958 nulla
1286 1891 1319 1958 ei
1337 1896 1536 1961 contraret:
1554 1893 1597 1962 de
1613 1895 1689 1980 ipsa
1704 1895 1774 1964 alia
1796 1896 2015 1968 medietatem
2031 1899 2083 1971 di·

226 2045 324 2116 cebat
338 2044 510 2112 rationem
526 2045 679 2114 haberet.
698 2061 765 2128 ego
780 2041 867 2122 dixi,
885 2045 924 2110 ut
938 2043 1009 2112 illis
1024 2045 1058 2111 et
1074 2062 1244 2130 germano
1259 2063 1378 2115 eorum
1394 2048 1491 2114 nulla
1506 2048 1635 2115 habere
1649 2048 1686 2115 in
1702 2049 1780 2133 ipsa
1794 2051 1895 2134 pecie
1917 2050 1960 2118 de
1975 2053 2079 2132 terra,

225 2201 278 2269 set
292 2199 365 2266 tota
380 2199 457 2282 ipsa
471 2199 573 2283 pecie
587 2196 697 2281 ipsius
713 2196 881 2264 hecclesie
903 2213 979 2264 esse
1002 2197 1227 2281 pertinentes.
1247 2201 1295 2279 et,
1314 2201 1402 2268 sicut
1425 2201 1577 2286 utrisque
1600 2203 1816 2288 complacuit,
1832 2221 1896 2289 per
1918 2203 2083 2273 iudicium

113 2358 115 2373 ¹
226 2351 336 2436 ipsius
359 2347 508 2434 iaquinti
531 2345 691 2433 guadiavi
708 2364 763 2413 me
778 2363 844 2431 ego
866 2345 1045 2425 cumillis,
1064 2349 1102 2414 ut
1124 2367 1190 2433 ego
1211 2349 1346 2434 plicare
1362 2367 1497 2418 mecum
1520 2351 1690 2419 rationem
1712 2353 1822 2438 ipsius
1844 2357 2022 2435 hecclesie,
2049 2361 2084 2426 et

226 2503 297 2572 illis
313 2503 484 2588 plicarent
497 2516 536 2568 sc
551 2516 616 2585 pro
631 2500 706 2568 vice
721 2517 786 2567 sua
801 2500 891 2569 etde
906 2500 983 2584 ipso
998 2518 1170 2585 germano
1185 2519 1247 2570 suo
1270 2521 1349 2570 cum
1372 2522 1437 2572 sua
1458 2505 1592 2572 ratione
1607 2508 1643 2572 et
1658 2506 1749 2576 iusta
1771 2508 1883 2592 legem
1906 2508 1996 2577 inter
2019 2528 2083 2578 nos

229 2653 358 2723 exinde
374 2653 479 2720 finem
503 2652 672 2720 faciamus
695 2651 822 2720 ibidem
846 2655 927 2720 ante
950 2651 1100 2722 iudicem
1124 2656 1370 2734 cinctorium,
1397 2674 1464 2741 que
1486 2674 1548 2740 per
1572 2658 1691 2742 partes
1714 2657 1945 2744 obligavimus
1960 2659 2087 2728 ibidem

227 2805 451 2890 portandum.
470 2803 561 2874 unde
576 2803 643 2889 ipsi
666 2804 827 2889 germani
845 2805 1036 2890 posuerunt
1059 2805 1268 2876 mediatores
1290 2808 1389 2875 nobis
1412 2807 1591 2876 maraldus
1613 2809 1706 2878 lilius
1730 2809 1943 2895 iannelgarii
1968 2813 2002 2880 et
2024 2831 2091 2897 ego

92 3004 94 3008 -
227 2959 342 3046 posuit
357 2975 476 3026 eorum
496 2955 690 3024 mediatore
704 2953 835 3024 andrea
849 2955 1020 3040 presbiter
1036 2955 1130 3023 filius
1147 2955 1329 3024 benedicti.

288 3085 399 3198 †ego
415 3109 515 3196 guiso
531 3109 687 3178 notarius
703 3109 846 3178 interfui
869 3113 903 3179 et
927 3111 1019 3176 huuc
1043 3111 1183 3178 brebem
1206 3110 1332 3195 scripsi

287 3239 316 3352 †
329 3281 396 3350 ego
411 3265 470 3350 qni
485 3282 593 3348 supra
608 3264 797 3348 iaquintus.

1058 3767 1257 3849 CCCV.

1012 4012 1067 4088 A.
1105 4011 1156 4088 D.
1193 4009 1297 4089 978.

286 4269 372 4406 †ln
389 4322 531 4389 nomine
545 4319 678 4389 domini
693 4319 868 4390 tricesimo
891 4321 989 4388 sexto
1012 4336 1104 4388 anno
1132 4261 1350 4404 principatus
1372 4317 1490 4386 domni
1513 4321 1624 4388 nostri
1649 4319 1791 4404 paldolfl
1814 4320 1968 4404 glorioso
1991 4321 2088 4406 prin-

211 4451 322 4559 ¹ceps,
348 4475 382 4541 et
404 4474 520 4559 primo
542 4489 634 4540 anno
656 4473 731 4540 eius
755 4474 905 4552 salerne,
924 4475 959 4540 et
982 4471 1103 4557 quinto
1125 4489 1218 4540 anno
1241 4471 1461 4557 principatus
1482 4471 1601 4540 domni
1623 4471 1766 4557 paldolfi
1788 4471 1863 4540 eius
1886 4471 1969 4550 illie,
1994 4491 2090 4542 men-

231 4641 273 4690 se
294 4619 433 4691 bctuber
455 4623 605 4709 septima
627 4622 828 4692 indictione.
856 4624 1138 4726 memoratorium
1162 4623 1253 4691 lactu
1277 4641 1299 4690 a
1321 4641 1377 4690 me
1401 4623 1573 4690 martinus
1596 4623 1766 4708 presbiter
1788 4627 1825 4692 et
1847 4623 1952 4692 abbas
1974 4627 2089 4693 rector

231 4774 377 4842 ecclesie
399 4775 512 4843 sancti
535 4775 694 4852 maximi,
720 4776 755 4842 et
772 4793 845 4844 una
867 4793 1001 4844 mecum
1025 4774 1162 4843 adesset
1183 4775 1324 4842 alfanus
1340 4773 1522 4860 gastaldus
1536 4775 1628 4842 lilius
1643 4775 1734 4843 idern
1751 4775 1931 4856 romoaldi,
1949 4777 2008 4862 qui
2024 4779 2089 4846 suit

127 4911 131 4922 ¹
231 4927 409 5014 gastaldus
432 4930 666 5042 atuocatorem
691 4946 807 4996 meum
830 4931 865 4998 et
890 4927 1065 4998 dominius
1086 4929 1166 4995 nius
1193 4928 1336 4998 ecclesie
1364 4928 1569 4997 coniunctus
1595 4947 1671 4997 sum
1697 4931 1733 4996 at
1760 4946 1851 4997 vona
1876 4929 2094 4998 combenien·

230 5083 283 5148 tia
304 5099 382 5148 cum
406 5081 527 5166 petrus
549 5079 722 5166 presbiter
745 5079 839 5147 filius
861 5081 994 5148 cutunii
1017 5079 1060 5147 de
1076 5081 1190 5147 locum
1211 5079 1420 5147 barvacianu
1442 5079 1484 5149 de
1506 5079 1609 5148 rebus
1631 5082 1695 5148 illa
1717 5078 1759 5146 de
1781 5098 1826 5146 ex
1841 5077 1960 5146 eodem
1976 5081 2090 5146 locum

238 5231 461 5310 barbaciani,
488 5230 548 5316 qui
571 5229 636 5298 luit
657 5229 800 5314 leomari
822 5227 1006 5314 presbiteri
1034 5228 1127 5297 filius
1149 5229 1320 5307 maurici,
1347 5230 1383 5298 nt
1404 5230 1496 5300 inter
1518 5247 1582 5298 nos
1607 5228 1843 5297 diffineremus
1866 5228 1909 5296 de
1934 5227 2014 5315 ipsa
2034 5245 2090 5296 ea-

232 5385 310 5454 dem
337 5387 442 5453 rebus
465 5384 556 5452 sieut
579 5399 640 5468 per
662 5383 776 5468 ipsum
800 5383 945 5450 leomari
969 5382 1127 5453 offertum
1152 5382 1219 5449 luit
1240 5383 1279 5449 in
1300 5385 1475 5468 prephata
1502 5381 1666 5460 ecclesia,
1692 5381 1782 5448 sicut
1809 5380 1888 5465 ipsa
1910 5379 2092 5448 offertione

233 5537 425 5606 continent.
451 5535 614 5621 primitus
638 5535 716 5620 ipsa
738 5535 845 5615 curte,
871 5535 928 5602 nbi
951 5535 1030 5620 ipsa
1055 5551 1135 5602 casa
1156 5534 1268 5603 estin
1294 5535 1369 5619 ipso
1385 5535 1498 5602 locum
1521 5531 1730 5600 barvacianu
1752 5532 1811 5598 ubi
1834 5531 2015 5599 sabulianu
2040 5529 2092 5597 di-

234 5690 336 5769 11111,
357 5689 438 5757 abet
460 5687 542 5755 linis
563 5685 607 5754 de
631 5705 699 5754 nno
722 5687 830 5755 latere
851 5684 895 5753 de
917 5685 1064 5754 heredes
1085 5685 1229 5752 iohanni
1256 5686 1316 5770 qni
1339 5683 1404 5752 luit
1426 5701 1634 5769 germanum
1658 5683 1769 5769 ipsius
1793 5683 1937 5752 leomari
1959 5683 2093 5768 presbi-

233 5841 312 5908 teri:
339 5839 382 5908 de
405 5855 475 5908 uno
498 5835 613 5935 capite
635 5836 706 5904 ilno
727 5836 826 5904 terra
847 5837 1017 5921 prephato
1040 5835 1184 5906 ecclesie
1206 5835 1266 5920 qui
1288 5833 1416 5902 dicitnr
1437 5832 1482 5900 da
1505 5833 1574 5919 ipsi
1602 5833 1750 5918 angrisi,
1774 5834 1855 5902 sunt
1880 5830 2006 5902 exinde
2027 5849 2091 5918 per

444 5961 505 6006 Tou.
518 5961 550 6006 ll.
1932 5953 1960 6000 16
