5378 7098
548 648 608 700 rur
1333 626 1564 702 MONlTUltl

592 871 763 960 Etenim
800 901 898 961 cum
929 899 1052 961 nosse
1074 884 1251 987 praestet
1273 875 1331 983 (et
1359 872 1403 959 id
1435 873 1477 958 in
1511 873 1693 990 Synopsi
1720 874 1981 990 monuimus)
2014 901 2123 992 quae
2154 876 2280 964 totius
2302 878 2362 965 vi·

504 1067 570 1141 tae
612 1053 719 1141 ratio
764 1054 890 1140 fuerit
930 1053 1056 1142 hasce
1109 1052 1348 1167 provincias
1389 1052 1699 1154 incolentibuS,
1744 1053 1969 1142 undecimo
2011 1055 2180 1143 saeculo
2224 1055 2363 1143 adhuc

504 1235 882 1350 Langobardorum
927 1235 1076 1323 ditioni
1117 1233 1354 1326 subiectas:
1386 1261 1569 1348 cumque
1610 1233 1661 1321 de
1699 1234 1777 1336 his,
1824 1263 1932 1351 quae
1972 1236 2166 1324 homines
2206 1249 2357 1336 arant,

505 1439 613 1528 quae
654 1412 890 1515 aedificant,
934 1442 1043 1530 quae
1084 1414 1301 1528 navigant,
1343 1439 1501 1500 coaeva
1532 1411 1743 1501 Chronica
1777 1413 1942 1512 sileant,
1986 1416 2256 1504 Notariorum
2299 1417 2360 1503 in·

505 1607 752 1696 strumenta,
779 1622 887 1710 quae
925 1597 977 1684 ad
1017 1571 1314 1684 huiuscemodi
1356 1594 1523 1683 notitias
1558 1595 1864 1710 comparandas
1894 1596 2079 1684 maximo
2118 1597 2213 1684 usui
2247 1610 2358 1697 sunt,

506 1773 647 1860 blattis
683 1773 910 1888 surripere,
955 1786 1080 1888 atque
1123 1774 1183 1861 uti
1226 1785 1384 1873 extant,
1431 1774 1474 1859 in
1516 1773 1704 1862 medium
1741 1776 2002 1890 producere,
2048 1790 2214 1891 gratum
2256 1803 2362 1892 opus

506 1955 680 2042 eruditis
710 1952 799 2041 fore
831 1955 1100 2042 arbitramur.

594 2137 662 2224 Ad
698 2162 788 2222 rem
819 2139 938 2226 adest
977 2136 1299 2251 praeclarissimi
1330 2135 1409 2222 viri
1431 2136 1657 2224 Alexandri
1695 2137 1907 2226 Manzonii
1939 2138 2158 2226 sententia:
2195 2141 2221 2228 Ι
2240 2140 2364 2254 pochi

505 2317 684 2403 scrittori
724 2316 768 2402 di
810 2321 897 2430 que'
920 2319 1075 2432 tempi,
1121 2346 1142 2403 e
1183 2319 1243 2404 de’
1267 2320 1390 2432 tempi
1429 2319 1556 2404 cicini
1597 2346 1679 2405 nort
1721 2317 1861 2407 hauno
1906 2321 2075 2418 voluto,
2121 2326 2172 2406 ud
2222 2337 2362 2434 potato

506 2499 760 2613 distinguere
802 2499 848 2584 iu
895 2500 990 2598 cio,
1036 2499 1109 2586 che
1144 2527 1326 2614 possead
1366 2514 1462 2587 sotto
1505 2502 1521 2585 l
1561 2500 1648 2587 loro
1688 2500 1838 2602 occlti,
1884 2502 1899 2586 i
1941 2502 2065 2615 ponti
2106 2503 2246 2590 storiee'
2285 2503 2362 2618 pici
2435 2495 2437 2499 ’

506 2661 729 2766 θδεθηιίαίἰ
757 2680 891 2793 quello
923 2680 995 2767 che
1026 2682 1256 2796 importeoo
1286 2695 1541 2768 tresmettere
1573 2683 1660 2768 ello
1687 2683 1902 2796 posteritd;
1933 2684 2158 2791 riserirouo
2189 2685 2359 2791 de'sotte',

508 2887 579 2946 mo
620 2860 656 2946 le
700 2861 929 2948 istituzt'orti
969 2861 1020 2948 ed
1060 2862 1077 2948 i
1118 2863 1310 2962 costumi,
1354 2890 1426 2948 mo
1448 2862 1505 2967 ,lo
1546 2874 1648 2948 stato
1684 2862 1876 2974 pectorale
1918 2861 2022 2948 delle
2064 2863 2261 2963 aazioui,
2306 2863 2366 2950 cio

509 3041 581 3128 che
617 3067 695 3157 per
736 3041 806 3128 troi
846 3042 1012 3130 seredbe
1053 3043 1085 3130 il
1119 3045 1198 3158 piri
1239 3070 1385 3142 nuovo,
1421 3045 1453 3130 il
1479 3044 1557 3158 piri
1597 3043 1757 3130 curioso
1800 3069 1827 3128 o
1867 3069 2033 3157 separe,
2068 3070 2143 3129 ere
2168 3039 2252 3156 per
2278 3044 2364 3130 loro

507 3222 548 3308 le
591 3248 684 3308 eoso
720 3222 797 3335 pici
839 3223 1049 3324 naturale,
1089 3225 1166 3338 pici
1207 3224 1419 3338 semplice,
1460 3225 1599 3336 quello
1639 3222 1710 3309 obe
1750 3225 1954 3310 meritove
1994 3251 2114 3310 merto
2155 3223 2199 3308 dt'
2234 3249 2365 3310 essere

508 3419 745 3492 remantem
765 3402 812 3513 ¹).

593 3583 1044 3699 praeterquamquod,
1091 3611 1140 3672 ex
1182 3597 1297 3671 tanta
1338 3583 1578 3671 chartarum
1626 3583 1746 3698 copia
1788 3582 1895 3669 alius
1937 3582 2063 3668 aliam
2106 3595 2245 3698 aptam
2279 3595 2365 3669 stu·

506 3763 586 3850 diis
628 3763 716 3850 suis
753 3761 972 3850 materiam
1014 3776 1182 3851 sumet:
1223 3775 1312 3849 tum
1355 3761 1427 3876 qui
1465 3759 1766 3847 nonnullorum
1807 3760 1996 3846 locorum
2034 3759 2368 3876 oppidorumque

507 3957 644 4033 ortum
687 3944 814 4032 medii
852 3944 944 4032 aevi
985 3944 1168 4032 tenebris
1210 3920 1490 4045 obvolutum,
1525 3955 1614 4030 tum
1647 3941 1718 4057 qui
1759 3943 2015 4030 familiarum
2057 3941 2254 4056 origines,
2299 3939 2367 4029 vel

507 4125 677 4211 taudem
711 4124 878 4212 Salerni
920 4127 1159 4241 principum
1194 4125 1506 4242 chronologiam
1551 4123 1750 4210 historica
1792 4123 2040 4210 certitudine
2082 4121 2249 4208 firmare
2281 4123 2366 4210 eni·

504 4319 676 4407 tentes,
721 4319 979 4422 opportunas
1020 4308 1190 4396 notitias
1227 4309 1394 4395 abunde
1435 4283 1646 4422 colligent.
1691 4304 1781 4408 Et,
1827 4305 1940 4420 quod
1990 4305 2032 4388 in
2081 4300 2242 4390 Codicis
2285 4299 2363 4391 Ce-

421 4446 426 4456 .
504 4489 639 4573 certeis
681 4485 908 4599 Prospectu
948 4489 1209 4588 monuimus,
1254 4515 1397 4600 quern,
1443 4515 1554 4574 anno
1595 4486 1817 4573 millesimo
1856 4484 2203 4597 octingentesimo
2246 4512 2363 4571 sexa·

506 4667 664 4782 gesimo
697 4695 826 4769 nono,
865 4667 1089 4756 Meriones
1119 4668 1384 4758 Lomhordos
1416 4668 1592 4784 Neapoli
1629 4667 1832 4767 excussit,
1876 4667 1943 4753 hic
1986 4679 2173 4782 repetere
2215 4665 2362 4751 liceat:

505 4847 756 4934 novissimas
794 4847 1117 4966 langobardicae
1159 4848 1456 4936 dominationis
1508 4846 1821 4935 vicissitudines
1862 4872 1884 4931 e
1926 4843 2176 4932 carensibus
2211 4843 2364 4929 chartis

501 5027 744 5116 historicam
776 5027 993 5115 veritatem
1025 5057 1196 5144 prorsus
1228 5029 1414 5116 haurire.

590 5208 739 5320 Igitur,
774 5236 859 5322 quo
892 5209 1037 5297 ordine
1068 5211 1272 5304 hactenus
1303 5211 1512 5334 progressi
1543 5238 1705 5309 sumus,
1730 5209 1843 5298 haud
1878 5224 2034 5296 temere
2067 5177 2362 5296 contendimus

503 5385 852 5474 salernitanorum
893 5373 1131 5505 principum
1170 5391 1336 5490 seriem,
1372 5392 1526 5508 quippe
1565 5419 1673 5506 quaa
1714 5391 1947 5477 innumeris
1978 5388 2241 5476 documentis
2283 5385 2361 5473 lul·

587 5786 614 5862 ⁴)
644 5783 794 5846 Discorso
828 5801 922 5864 sopra
953 5785 1059 5847 alcuni
1094 5785 1186 5864 pttnti
1217 5719 1304 5848 dfella
1334 5783 1439 5848 Storia
1469 5781 1677 5863 Longobarda
1711 5783 1743 5844 in
1774 5781 1886 5845 ltalia:
1915 5782 1992 5860 Cap.
2022 5779 2052 5839 l.
