5286 7098
522 675 527 686 .
584 638 625 700 36
1242 618 1403 690 CODEX
1446 621 1677 736 clvullsls

536 869 714 940 nominate
730 865 867 934 mulieri
883 881 1076 948 congruum
1092 864 1143 929 est
1159 861 1385 930 communiter
1402 860 1544 928 vindere
1560 881 1616 930 res
1632 863 1756 932 stabile
1772 871 1806 936 et
1820 869 1922 948 casis,
1942 871 2030 954 quod
2055 874 2152 942 notris
2175 893 2238 958 per
2261 893 2391 944 succes-

533 1024 629 1092 sione
645 1023 772 1090 habere
788 1018 937 1104 pertinet
948 1066 1176 1082 .......
1203 1014 1329 1083 finibus
1345 999 1494 1083 rotensis
1508 1018 1542 1084 et
1557 1016 1664 1084 michi
1680 1021 1858 1088 nominato
1874 1023 2003 1094 andree
2027 1044 2219 1112 congruum
2244 1033 2296 1098 est
2318 1032 2391 1098 vin-

521 1175 614 1245 'dere
635 1172 785 1242 mediam
810 1171 997 1239 sortionem
1020 1169 1078 1253 qui
1102 1167 1167 1234 fuit
1191 1167 1362 1252 quondam
1387 1168 1478 1252 petri
1501 1187 1669 1252 germano
1693 1190 1800 1252 meus,
1823 1176 1885 1259 ‘qui
1908 1175 2088 1247 defunctus
2110 1183 2169 1258 cst,
2195 1183 2230 1248 et
2253 1185 2291 1248 ut
2314 1183 2389 1250 illut

536 1330 638 1398 iuxta
654 1329 768 1410 legem
784 1323 926 1392 bindere
942 1324 1131 1398 valeamus,
1150 1337 1213 1388 uos
1227 1322 1406 1389 nominate
1422 1322 1559 1390 mulieri
1576 1325 1842 1394 commeabimus
1858 1328 1971 1412 ipsum
1995 1329 2157 1399 andream
2183 1335 2216 1398 et
2239 1334 2389 1402 balsamo

532 1482 605 1550 filio
621 1498 698 1549 meo
714 1499 777 1565 que
795 1479 913 1556 salbie,
933 1481 1046 1561 elego
1062 1478 1240 1543 nominata
1255 1475 1384 1543 monda
1407 1475 1602 1560 predictum
1631 1479 1707 1543 vim
1733 1498 1840 1558 meus
1861 1485 1897 1549 ut
1925 1485 1961 1550 in
1988 1501 2028 1549 ac
2055 1485 2264 1556 vindictione
2290 1491 2386 1555 nobis

532 1633 751 1702 consentiens
765 1632 890 1708 essent,
905 1631 939 1696 et
955 1629 1031 1698 ideo
1047 1630 1092 1696 ab
1108 1629 1177 1698 illis
1193 1646 1311 1696 sumus
1327 1628 1503 1706 exaudite,
1519 1632 1554 1696 et
1565 1649 1637 1696 una
1652 1631 1754 1700 simul
1771 1633 1901 1717 pariter
1918 1635 2137 1718 perreximus
2153 1657 2293 1722 quoram
2312 1645 2387 1725 pre-

532 1785 645 1855 sentia
660 1782 804 1870 gaidoni
822 1781 939 1858 iudici,
958 1782 1013 1848 cui
1030 1783 1094 1848 hec
1109 1780 1227 1848 omnia
1251 1782 1333 1848 nota
1355 1780 1508 1847 fecimus.
1537 1781 1611 1865 ipse
1634 1801 1716 1851 vero
1739 1781 1844 1850 iudex
1868 1785 2052 1854 secundum
2077 1788 2278 1856 mandatum
2302 1793 2388 1875 legis

535 1957 598 2024 per
614 1933 771 2005 ordinem
787 1935 976 2021 diligenter
989 1952 1054 2003 nos
1069 1935 1301 2020 interrogabit
1317 1938 1351 2002 et
1367 1934 1556 2019 inquisiliit,
1574 1953 1617 2004 ne
1633 1936 1722 2003 forte
1745 1938 1859 2022 aliqua
1881 1939 2043 2007 violentia
2067 1959 2217 2010 essemus
2239 1943 2388 2027 patibula

535 2094 579 2160 ab
595 2109 714 2159 omnes
729 2089 958 2174 suprascripti
973 2092 1032 2157 aut
1047 2107 1068 2155 a
1083 2105 1296 2173 quacumque
1327 2088 1514 2165 hominem,
1534 2088 1570 2155 in
1587 2087 1661 2155 eius
1676 2090 1852 2172 presentia
1868 2091 2049 2160 manifeste
2064 2111 2180 2161 sumus
2203 2096 2387 2178 spontanee

531 2247 650 2314 nostre
664 2245 755 2312 esset
770 2245 858 2310 bone
874 2241 1070 2310 volumtatis
1086 2259 1143 2308 res
1166 2241 1240 2325 ipsc
1263 2237 1554 2319 venumdandum‚
1582 2259 1726 2324 quorum
1750 2241 1848 2310 nobis
1870 2204 2047 2310 nominate
2069 2205 2176 2311 saltria
2192 2246 2226 2311 et
2242 2247 2386 2316 visentie

532 2393 770 2464 consentiente
786 2396 868 2461 sunt
883 2391 1108 2478 suprascripti
1124 2395 1285 2476 parentes
1300 2393 1335 2459 et
1351 2390 1536 2459 mundoald
1553 2395 1700 2471 nostroe,
1719 2395 1754 2461 et
1769 2394 1874 2460 michi
1897 2395 2074 2462 nominato
2098 2395 2223 2464 monde
2245 2414 2387 2465 consen·

534 2548 640 2617 tiente
655 2549 736 2615 sunt
752 2545 818 2630 ipsi
836 2546 999 2630 parentes
1014 2562 1106 2612 meos
1122 2545 1156 2610 et
1171 2542 1364 2627 predictum
1379 2542 1558 2612 maraldus
1572 2543 1647 2610 viro
1665 2563 1772 2622 mous,
1788 2549 1822 2612 et
1839 2563 1957 2614 ornnes
1973 2548 2199 2633 suprascripti
2222 2567 2293 2616 una
2309 2566 2385 2617 cum

534 2701 611 2785 ipso
627 2699 740 2766 iudice
754 2697 790 2765 in
808 2715 849 2764 ao
865 2697 1000 2764 cartula
1021 2695 1092 2765 suis
1114 2693 1271 2763 manibus
1295 2697 1495 2780 posuerunt,
1513 2697 1548 2761 et
1570 2713 1634 2778 per
1657 2697 1776 2763 notum
1800 2699 1835 2764 et
1858 2699 2107 2767 absolutionem
2133 2701 2241 2786 ipsius
2264 2701 2382 2779 iudici,

534 2868 639 2935 quam
655 2848 690 2917 et
704 2867 768 2934 per
786 2846 969 2933 largietate
984 2844 1176 2930 supradicti
1192 2845 1312 2930 magni
1330 2845 1513 2930 principis,
1533 2863 1598 2930 que
1613 2845 1712 2913 nobis
1727 2827 1878 2913 dandum
1895 2847 2026 2916 direxit
2048 2869 2111 2934 per
2134 2852 2246 2936 ipsum
2270 2853 2384 2932 iudex,

530 3007 612 3072 ante
629 3003 807 3088 presentia
822 3001 931 3087 ipsius
947 3000 1054 3071 iudici
1072 3004 1106 3070 et
1122 2994 1202 3068 ante
1217 3000 1303 3066 alios
1318 3003 1421 3069 testes
1436 3018 1498 3084 per
1522 3001 1613 3067 hanc
1636 3002 1805 3067 cartulam
1828 3001 2112 3070 venumdedimus
2135 3003 2197 3072 tini
2221 3007 2312 3089 petri
2333 3025 2389 3074 ca·

531 3153 641 3223 staldo
659 3157 779 3222 nostro
794 3154 887 3220 filius
901 3151 1072 3237 quondam
1088 3151 1248 3218 landoari
1264 3150 1375 3217 omnis
1391 3167 1445 3218 res
1459 3152 1495 3217 et
1508 3149 1607 3228 casis,
1622 3149 1664 3219 de
1675 3153 1840 3235 quantum
1857 3158 2054 3237 quantoque
2070 3155 2168 3222 nobis
2184 3173 2245 3240 per
2256 3175 2388 3227 succes-

532 3307 630 3374 sione
646 3306 860 3390 pertinentes
875 3304 940 3371 fuit
956 3305 990 3370 et
1005 3307 1058 3371 est
1073 3305 1201 3370 habere
1217 3320 1279 3386 per
1294 3304 1368 3368 tota
1383 3300 1581 3386 supradicta
1602 3302 1701 3388 fines3
1718 3307 1753 3371 et
1774 3322 1840 3388 ego
1863 3305 2060 3372 nominatus
2083 3305 2229 3378 andreas
2251 3325 2388 3377 venum-

530 3457 688 3528 dednnus
703 3459 768 3525 tibi
785 3458 906 3526 inclita
921 3458 1000 3543 ipsa
1016 3456 1233 3525 medictatem
1249 3455 1292 3523 de
1308 3455 1419 3524 omnis
1434 3474 1490 3524 res
1506 3454 1696 3541 supradicti
1715 3459 1803 3541 petri
1818 3475 1985 3552 germano
2002 3477 2108 3535 niens,
2125 3457 2248 3545 ubique
2265 3461 2387 3528 exinde

528 3609 660 3680 dederit
676 3610 848 3688 inventus,
867 3608 1076 3678 trasactibus
1091 3607 1230 3677 nomine
1246 3613 1280 3676 et
1303 3627 1325 3676 a
1347 3608 1512 3684 funditus,
1532 3609 1621 3675 sicut
1643 3609 1806 3688 diximus,
1824 3609 1903 3702 illut
1925 3611 1989 3676 tibi
2005 3610 2288 3680 venumdedimus
2311 3631 2386 3678 cum

531 3763 606 3832 vice
628 3762 672 3830 de
695 3762 749 3829 bie
771 3763 806 3828 et
829 3760 949 3829 andita
971 3778 1034 3829 sna
1054 3762 1089 3844 et
1113 3778 1191 3826 cum
1214 3761 1332 3827 omnia
1355 3760 1449 3826 intra
1472 3779 1509 3826 sc
1532 3761 1697 3828 habentes
1720 3763 1754 3825 ot
1777 3779 1855 3833 cum
1878 3763 2028 3830 sortione
2050 3765 2171 3830 nostra
2194 3781 2260 3847 que
2277 3723 2387 3848 supra

531 3885 671 3983 mulieri
686 3913 729 3981 dc
744 3915 920 3982 monimen
936 3912 1018 3980 inde
1040 3913 1250 3998 pertinentes
1272 3913 1307 3978 et
1322 3912 1475 3978 sortione
1498 3913 1618 3978 nostra
1639 3911 1682 3978 de
1705 3913 1850 3980 ecclesia
1872 3915 2073 3980 vocabulum
2101 3916 2209 3981 sancti
2233 3913 2385 3992 eustasii,

534 4067 594 4151 qui
611 4067 813 4135 constructa
829 4073 881 4134 est
906 4065 999 4132 intus
1022 4066 1099 4151 ipsa
1120 4083 1187 4141 res,
1207 4065 1297 4150 quod
1321 4065 1397 4149 ipse
1421 4063 1558 4148 genitor
1580 4066 1697 4133 noster
1721 4083 1743 4132 a
1766 4066 1854 4130 nolio
1877 4027 2079 4131 fundamine
2102 4065 2308 4132 construxit.
2327 4066 2388 4132 hec

531 4221 645 4288 autem
662 4220 790 4297 omnia,
810 4219 900 4286 sicut
914 4217 1079 4296 diximus,
1098 4217 1162 4283 tibi
1178 4214 1463 4284 venumdedimus
1481 4235 1541 4300 per
1565 4233 1766 4284 consensum
1791 4215 1833 4282 dc
1855 4215 2084 4300 suprascripti
2106 4215 2308 4300 parentibus
2330 4233 2388 4282 no-

531 4370 613 4439 stris
628 4373 663 4438 et
680 4372 715 4439 in
732 4371 968 4456 suprascripta
984 4370 1131 4448 rationo,
1151 4386 1314 4435 unacum
1331 4367 1401 4435 illis
1417 4367 1514 4434 nobis
1530 4366 1749 4434 consentiens
1767 4367 1832 4434 fuit
1847 4383 2035 4434 cermamus
2052 4368 2193 4436 fratrem
2217 4372 2383 4436 nostrum.

531 4523 567 4588 ot
582 4540 646 4605 pro
661 4521 933 4588 confirmandam
945 4523 980 4587 et
992 4519 1269 4588 stabiliscendam
1283 4522 1371 4586 hano
1387 4523 1508 4587 nostra
1524 4519 1745 4596 bindictione,
1761 4538 1783 4586 a
1796 4518 1948 4603 presenti
1965 4518 2159 4603 recepimus
2174 4537 2237 4585 nos
2252 4516 2386 4584 mulieri

532 4693 554 4742 a
571 4677 605 4742 te
620 4674 822 4741 nominatus
838 4676 956 4756 petrus
971 4675 1138 4740 statutum
1155 4673 1304 4758 pretium
1320 4673 1397 4740 auri
1414 4672 1481 4738 tari
1498 4671 1578 4739 boni
1593 4691 1775 4740 numerum
1790 4671 2015 4757 septuaginta
2036 4670 2116 4748 duo,
2134 4674 2169 4736 et
2190 4687 2257 4755 ego
2280 4669 2387 4737 nomi-

531 4827 635 4892 natus
651 4825 800 4893 andreas
815 4825 884 4891 tari
901 4823 1093 4903 duodecim,
1112 4825 1202 4892 sicut
1219 4824 1309 4892 inter
1325 4841 1388 4892 nos
1403 4823 1586 4892 combenit.
1607 4824 1772 4910 finitoque
1788 4841 1870 4891 vero
1885 4825 2035 4908 pretium
2052 4826 2137 4908 aput
2158 4840 2222 4890 nos
2244 4840 2286 4890 ea
2307 4841 2386 4893 vero

530 4977 679 5053 ratione,
694 4977 732 5042 ut
747 4993 767 5040 a
783 4962 934 5060 presenti
959 4973 1015 5041 die
1037 4979 1071 5043 et
1094 4973 1270 5059 perpetuis
1294 4973 1507 5058 temporibus
1530 4977 1567 5042 tu
1584 4973 1782 5042 nominatus
1804 4975 1923 5059 petrus
1945 4990 2047 5058 quam
2063 4977 2097 5040 et
2112 4974 2181 5041 tuis
2203 4973 2386 5042 heredibus

528 5128 685 5212 predicta
701 5133 823 5198 nostra
838 5099 1048 5198 bindictione
1063 5147 1181 5200 securo
1199 5130 1340 5197 nomine
1365 5117 1492 5196 habere
1513 5132 1548 5196 et
1572 5129 1746 5214 possidere
1770 5127 1925 5206 valeatis,
1941 5131 1975 5194 ct
1990 5127 2125 5196 faciatis
2148 5125 2275 5195 exinde
2296 5125 2384 5212 quod

531 5281 723 5349 volueritis.
741 5285 795 5350 Ex
811 5299 880 5367 qua
895 5282 1170 5367 repromittimus
1185 5285 1220 5350 et
1235 5247 1458 5367 holdigamus
1473 5299 1534 5350 nos
1552 5283 1712 5368 superius
1728 5281 1810 5349 dicti
1835 5279 1973 5358 monde,
1989 5280 2108 5358 salbia,
2123 5281 2157 5347 et
2172 5279 2334 5356 visantia,
2352 5282 2386 5346 et

532 5430 683 5500 andreas
698 5436 732 5500 et
747 5433 837 5500 filios
853 5437 888 5502 et
903 5433 1048 5503 heredes
1063 5436 1200 5504 nostros
1216 5433 1339 5501 amodo
1355 5437 1389 5502 et
1405 5453 1542 5518 semper
1564 5433 1796 5502 antistandum
1810 5429 1849 5500 'et
1863 5430 2108 5500 defensandum
2131 5431 2195 5498 tibi
2211 5431 2385 5498 nominato

530 5583 636 5665 petri,
655 5600 757 5666 quarn
774 5585 808 5649 et
823 5583 867 5651 ad
883 5585 950 5652 tuis
966 5583 1126 5654 creditus
1143 5586 1382 5671 suprascripta
1396 5587 1517 5653 nostra
1534 5583 1744 5653 bindictione
1759 5585 1803 5652 ab
1826 5583 1984 5650 omnibus
2009 5582 2202 5650 nominibus
2226 5582 2385 5682 omnique

527 5732 697 5816 partibus.
714 5735 789 5818 quit
803 5734 832 5802 si
850 5735 992 5804 minimo
1007 5739 1219 5821 potuerimus
1234 5743 1294 5806 aut
1309 5735 1521 5808 noluerimus
1536 5739 1632 5806 vobis
1648 5737 1726 5806 illut
1740 5737 1928 5815 defensare,
1943 5737 2004 5803 aut
2018 5737 2045 5803 si
2065 5752 2128 5803 nos
2143 5736 2208 5820 ipsi
2223 5735 2385 5805 forsitans

526 5900 591 5967 por
606 5886 729 5967 quavis
746 5887 855 5954 modis
872 5888 949 5955 illut
964 5889 1017 5958 vel
1033 5888 1160 5958 exinde
1176 5889 1239 5958 tibi
1263 5893 1318 5958 vel
1342 5891 1381 5959 ad
1401 5890 1468 5958 tuis
1482 5890 1641 5962 eredibus
1656 5892 1776 5958 tollere
1791 5893 1850 5957 aut
1864 5891 2024 5954 contrarc
2040 5907 2101 5959 seu
2116 5889 2294 5981 remobere
2305 5907 2386 5974 que
