5252 7102
1034 585 1405 659 DlPLOMATlCUS
2032 603 2094 663 aba

279 835 534 906 successoribus
557 833 666 919 ipsius
681 834 846 901 dumnelli
872 832 989 901 abbati
1013 833 1066 900 vel
1091 830 1134 897 ad
1158 833 1243 914 ipsis
1265 829 1339 897 eius
1362 832 1613 900 successoribus
1636 833 1808 900 sescentos
1831 829 1917 898 auri'
1934 831 2062 898 solidos
2086 849 2143 897 co-

278 986 461 1054 stantinus.
481 991 515 1054 et
532 1004 596 1072 pro
611 1007 695 1071 pars
711 986 858 1072 predicti
876 985 1079 1054 monasterii
1095 986 1211 1054 sancte
1227 984 1336 1052 marie
1360 986 1394 1050 et
1416 983 1528 1051 sancti
1551 982 1733 1062 benedicti,
1753 983 1788 1049 in
1805 999 1872 1068 quo
1896 983 1970 1068 ipse
1994 982 2143 1054 domnus

281 1138 466 1207 radoaldus
482 1141 590 1206 abbas
605 1142 733 1224 preest,
753 1138 905 1205 scribere
922 1139 1063 1206 fecimus
1079 1139 1113 1206 te
1128 1140 1248 1222 petrus
1263 1134 1418 1202 notarius
1434 1136 1492 1220 qui
1509 1135 1710 1203 interfuisti.

338 1263 367 1376 †
382 1307 450 1374 ego
465 1277 618 1374 desigiurs

340 1415 448 1528 †ego
466 1445 523 1528 qui
540 1463 646 1529 supra
662 1444 806 1511 ioannes
822 1443 924 1511 iudex

337 1569 447 1683 †ego
467 1599 525 1682 qui
542 1616 648 1682 supra
663 1601 782 1683 petrus
799 1598 903 1665 iudex

337 1726 367 1835 †
381 1770 447 1836 ego
463 1751 672 1820 madalfreda

336 1879 447 1991 †ego
462 1906 609 1972 alfanus.
674 1985 676 1989 ι

1030 2409 1403 2488 CCCCXXIII.

1075 2653 1130 2726 A.
1168 2653 1218 2728 D.
1256 2648 1359 2728 990.

286 3021 289 3026 .
342 2915 429 3044 †In
446 2959 584 3025 nomine
598 2958 730 3026 domini
746 2961 892 3044 septimo
912 2952 1002 3027 anno
1026 2955 1378 3045 principatus'domni
1401 2962 1510 3026 nostri
1534 2963 1677 3029 iohanni
1701 2965 1735 3029 et
1758 2961 1872 3048 primo
1895 2983 1986 3030 auno
2009 2967 2139 3050 princi-

280 3115 385 3200 patus
402 3114 518 3180 domni
536 3114 725 3197 guaimarii
741 3115 816 3180 eius
838 3113 900 3181 filii
925 3114 1068 3198 gloriosi
1093 3111 1320 3198 principibus,
1338 3132 1455 3180 mense
1478 3112 1622 3181 martius
1637 3114 1740 3181 tertia
1756 3113 1956 3182 indictione.
1977 3116 2054 3183 ldeo
2070 3137 2137 3202 que

278 3283 347 3334 nos
363 3267 540 3351 iaquintus
554 3269 588 3335 et
605 3286 685 3334 ursu
705 3271 862 3352 germani
880 3269 943 3334 lilii
960 3269 1132 3353 quondam
1149 3268 1292 3335 iohanni
1309 3271 1342 3334 et
1358 3269 1532 3340 maraldus
1547 3271 1640 3338 filius
1655 3239 1827 3355 quondam
1845 3273 1935 3356 petri
1948 3275 2006 3358 qui
2019 3293 2135 3343 sumus

279 3417 356 3484 tbie
372 3421 432 3484 het
445 3421 598 3502 nepotes
613 3419 703 3486 sicut
717 3421 816 3488 nobis
832 3438 1024 3504 congruum
1042 3423 1105 3498 est,
1120 3439 1182 3504 per
1195 3439 1261 3486 anc
1273 3423 1442 3488 cartulam
1455 3421 1693 3489 laicariationis
1710 3423 1828 3490 ordine
1840 3441 1903 3507 per
1914 3425 2137 3508 largietatem

275 3573 314 3636 et
334 3570 581 3638 absolutionem
599 3571 796 3655 supradicte
812 3573 963 3656 gloriose
979 3573 1171 3656 potestatis,
1191 3573 1247 3656 qui
1266 3573 1362 3639 nobis
1378 3572 1529 3639 dandum
1553 3573 1691 3641 direxid
1715 3593 1778 3660 per
1802 3576 2010 3660 truppoaldu
2036 3580 2143 3646 store-
2169 3567 2170 3570 '

278 3723 387 3800 saizo,
406 3722 611 3788 tradidimus
636 3723 699 3790 libi
726 3724 872 3790 iohanni
900 3725 1093 3791 atrianensi
1116 3725 1188 3792 tilio
1211 3725 1361 3809 campuli
1387 3745 1459 3792 una
1485 3727 1583 3810 pecia
1606 3726 1647 3793 de
1670 3729 1765 3793 terra
1790 3729 1911 3793 nostra
1936 3746 2055 3807 vacue,
2074 3747 2140 3813 que

283 3877 427 3944 abemus
443 3876 537 3942 intus
553 3893 617 3942 anc
634 3876 885 3944 salernitanam
902 3875 1075 3943 cibitatem
1099 3877 1140 3942 ad
1167 3879 1280 3943 ortum
1307 3896 1474 3960 magnum
1497 3879 1617 3961 suptus
1640 3879 1973 3964 archiepiscopatum
1997 3882 2143 3948 salerni-

283 4029 369 4092 tano
385 4045 448 4111 per
463 4028 544 4094 finis
560 4030 594 4094 et
611 4023 808 4094 mensuria:
822 4027 865 4093 de
881 4027 988 4094 tribus
1005 4027 1161 4110 partibus
1177 4028 1246 4093 fine
1262 4026 1305 4094 de
1320 4024 1439 4094 eredes
1455 4025 1620 4111 pandoni,
1634 4031 1668 4095 et
1683 4028 1725 4097 de
1741 4047 1809 4095 nna
1824 4033 1923 4114 parte
1938 4032 2007 4098 line
2023 4035 2141 4116 platea

278 4183 341 4266 qui
359 4183 491 4249 intrant
508 4183 544 4247 in
561 4182 659 4248 casili
677 4185 712 4248 et
727 4184 763 4247 in
780 4185 875 4246 curte
890 4181 996 4248 alfani
1014 4181 1161 4266 comitis3
1179 4183 1214 4247 et
1232 4183 1283 4247 est
1294 4200 1361 4265 per
1386 4182 1581 4248 mensuria:
1601 4180 1646 4247 da
1662 4200 1751 4265 pars
1776 4183 2030 4266 septemtrionis
2046 4186 2080 4250 et
2096 4184 2142 4251 da

283 4337 431 4403 meridie
449 4353 514 4402 ana
530 4335 633 4419 podes
649 4333 777 4420 viginti
800 4351 919 4411 unum;
935 4337 970 4402 et
993 4331 1037 4400 da
1060 4351 1142 4417 pars
1163 4333 1307 4400 orientis
1330 4352 1393 4417 per
1417 4334 1494 4417 ipsa
1516 4335 1630 4418 platea
1652 4335 1686 4400 et
1701 4335 1746 4400 ab
1769 4333 1944 4401 occidente
1967 4338 2048 4402 sunt
2072 4355 2141 4404 ana

280 4488 387 4572 pedes
403 4489 553 4557 sedecim
571 4491 605 4555 et
621 4487 801 4556 summisse
816 4506 922 4555 unum
950 4486 993 4553 ad
1021 4487 1113 4553 iusta
1140 4504 1282 4554 manum
1306 4488 1413 4552 omini
1441 4489 1687 4554 mensuratum.
1707 4503 1745 4553 ec
1769 4479 1842 4552 tota
1864 4489 1900 4553 et
1921 4486 2042 4554 inclita
2066 4487 2140 4572 ipsa
2245 4477 2249 4482 ’

280 4645 381 4710 terra
395 4662 458 4728 per
475 4642 637 4710 iamdicto
652 4642 733 4710 finis
749 4642 783 4709 et
799 4641 974 4708 mensuris
990 4641 1066 4724 ipsa
1088 4639 1275 4723 percurrit,
1294 4639 1355 4704 tibi
1372 4637 1571 4723 supradicto
1596 4637 1738 4706 iohanni
1762 4638 1996 4708 vicariationis
2019 4640 2141 4709 ordine
2196 4697 2198 4702 .

283 4793 504 4874 tradidimus
523 4793 566 4859 ad
581 4795 747 4861 securiter
762 4811 802 4858 ac
817 4791 964 4859 firmiter
980 4790 1103 4859 amodo
1120 4795 1155 4858 et
1177 4809 1314 4875 semper
1337 4792 1376 4856 tu
1399 4790 1533 4874 tuisque
1556 4789 1711 4858 eredibus
1733 4789 1813 4857 illut
1834 4791 2016 4870 abendam,
2035 4792 2144 4858 domi-

282 4944 452 5022 nandum,
472 4942 717 5028 poxidendum,
745 4942 859 5008 omnia
882 4940 963 5008 inde
986 4939 1181 5007 laciendum
1204 4957 1270 5024 que
1292 4941 1354 5005 tibi
1379 4938 1496 5023 tuique
1520 4938 1882 5022 eredibusplacuerit,
1899 4941 2026 5023 absque
2049 4940 2142 5005 omni

285 5100 547 5185 requisitionem
563 5101 598 5165 et
613 5098 898 5164 contrarietatem
915 5096 1070 5162 nostram
1087 5094 1145 5178 qui
1163 5111 1270 5177 supra
1285 5093 1444 5178 iaqumu,
1462 5093 1533 5160 ursi
1550 5096 1585 5162 et
1600 5093 1750 5160 maraldi
1766 5095 1800 5160 et
1822 5092 1865 5159 de
1889 5099 2025 5159 nostros
2048 5092 2140 5158 tilios

286 5254 323 5320 et
338 5252 459 5320 eredes
476 5255 539 5320 aut
553 5253 677 5336 cuiqua
692 5251 873 5317 ominibus.
893 5252 928 5316 et
945 5265 1008 5333 pro
1025 5246 1261 5314 confirmanda
1275 5249 1310 5312 et
1324 5245 1571 5315 stabiliscenda
1587 5248 1678 5313 hanc
1694 5247 1813 5312 nostra
1836 5243 2097 5310 vicariationem
2122 5263 2144 5311 a

287 5405 459 5488 presentis
475 5422 538 5489 per
554 5405 624 5472 alia
641 5404 787 5480 cartula,
806 5419 869 5486 qne
885 5403 970 5486 aput
985 5417 1047 5469 nos
1065 5399 1194 5482 scripta
1210 5399 1409 5477 retinemus,
1429 5399 1622 5482 recepimus
1636 5415 1655 5462 a
1678 5399 1712 5463 te
1735 5394 1954 5480 supradictus
1978 5395 2146 5464 iohannes

290 5579 362 5627 una
378 5562 476 5644 pecia
498 5559 541 5625 de
564 5561 657 5625 terra
673 5575 783 5624 vacua
804 5574 870 5641 que
894 5555 1003 5623 abetis
1028 5553 1120 5620 intus
1143 5571 1209 5619 auc
1233 5548 1413 5632 cibitatem'
1431 5553 1522 5618 inter
1547 5567 1646 5616 muro
1668 5551 1702 5617 et
1725 5547 1909 5628 muricino,
1928 5547 2018 5634 quod
2042 5567 2146 5634 para-

290 5715 364 5778 tum
381 5711 494 5779 abetis
509 5710 555 5778 da
571 5728 650 5776 urso
666 5709 838 5794 presbiter
864 5726 1032 5794 germano
1061 5709 1119 5773 tuo
1145 5707 1180 5772 et
1205 5705 1251 5772 da
1267 5705 1352 5772 balii
1381 5705 1539 5789 germani
1564 5701 1616 5768 tui
1639 5720 1701 5787 per
1727 5701 1807 5768 linis
1831 5703 1866 5768 et
1888 5701 2083 5769 mensuria:
2101 5703 2147 5768 ha

291 5863 549 5949 septemtrionis
565 5863 635 5929 fine
648 5861 816 5938 anditum,
834 5861 915 5930 sunt
930 5859 1010 5926 inde
1027 5858 1130 5944 pedes
1146 5859 1345 5926 duodecim:
1365 5857 1408 5923 ab
1429 5811 1605 5941 occidente
1628 5853 1698 5922 fine
1720 5854 1782 5920 tua
1804 5871 1871 5938 que
1895 5853 2048 5930 iohanni,
2067 5854 2150 5919 sunt
