5286 7098
604 624 644 682 m
1273 600 1435 676 Cobilli
1479 602 1714 674 CAVENSIS

557 852 599 922 de
614 853 708 920 illius
732 866 880 935 persona
905 850 1032 923 carnia.
1058 849 1144 933 quud
1169 848 1334 934 veluerit5
1352 853 1385 916 et
1412 851 1544 916 tantum
1569 851 1647 935 ipsa
1671 851 1822 934 riganda
1850 855 1934 920 milii
1960 854 2201 930 tradiderunt,
2229 855 2415 938 sicutipse

558 1007 693 1073 cartula
709 1021 785 1071 mea
802 1005 854 1070 est
870 1003 1116 1092 continentem.
1136 1007 1170 1070 et
1186 1002 1305 1070 taliter
1322 1011 1354 1074 te
1370 1004 1527 1086 superius
1550 1009 1669 1086 petrus
1686 1003 1842 1070 notarius
1867 1005 2077 1089 subiungere
2101 1005 2314 1089 rogavimus.

613 1130 723 1243 †ego
748 1156 804 1242 qui
829 1175 932 1242 supra
955 1156 1146 1242 guaiferius

615 1285 644 1399 †
660 1331 727 1397 ege
743 1292 931 1379 lambertus

614 1439 725 1552 †cg0
740 1467 856 1551 grimo
871 1465 1042 1549 presbiter

616 1591 645 1702 †
661 1636 728 1701 ego
744 1616 802 1702 qui
819 1634 926 1700 supra
942 1616 1087 1684 ioannes

613 1741 642 1855 †
658 1786 725 1854 ego
740 1769 934 1837 adelbertus

614 1893 726 2006 Jstage
743 1919 916 1986 maraldus
932 1921 1099 2004 presbiter

612 2046 722 2160 †ego
739 2073 947 2140 adelmundu

613 2201 644 2314 †
658 2246 724 2313 ego
740 2244 858 2294 occzzo
872 2223 915 2312 (1)

614 2353 726 2466 †ege
742 2379 895 2463 iaquintu

613 2505 642 2617 †
657 2551 723 2618 ege
739 2532 874 2600 deuteri

614 2658 723 2770 ‘iege
740 2685 798 2769 qui
815 2703 922 2769 supra
938 2687 1081 2753 ioannes
1097 2685 1277 2769 presbiter.

1353 3191 1607 3288 CCXLV.

1338 3436 1392 3512 A.
1430 3436 1480 3513 D.
1517 3432 1621 3512 966.

621 3696 656 3832 d
672 3751 711 3815 In
728 3746 867 3813 nemine
882 3745 1013 3813 demini
1031 3745 1205 3812 tricesimo
1221 3747 1343 3831 qiiarto
1359 3764 1451 3813 anno
1467 3746 1680 3832 principatus
1692 3745 1809 3813 domni
1825 3747 1933 3813 nestri
1951 3745 2068 3829 gisolfi
2081 3747 2224 3832 gloriosi
2238 3749 2415 3834 principis.

562 3918 677 3968 iriense
693 3901 817 3985 agusto
832 3916 926 3966 nona
941 3897 1144 3965 indictione.
1164 3897 1445 3966 memoratorium
1464 3899 1557 3965 sactu
1573 3918 1595 3966 a
1611 3917 1666 3966 me
1684 3903 1800 3984 petrus
1815 3898 1981 3966 diaconus
1997 3899 2089 3966 filius
2117 3900 2264 3967 maraldi
2290 3900 2417 3986 presbi-

561 4053 640 4130 teri,
658 4050 799 4136 eequed
815 4054 895 4118 ante
912 4050 1097 4134 subscripti
1113 4051 1214 4119 testes
1230 4025 1393 4133 perbona
1409 4007 1661 4118 cembenientia
1677 4049 1806 4135 guadia
1822 4051 1907 4116 mihi
1923 4050 2018 4117 dedit
2033 4052 2166 4118 eicerus
2182 4052 2274 4120 filius
2288 4071 2419 4122 ermen·

561 4206 639 4291 gari
656 4209 689 4274 et
705 4205 926 4272 mediatorem
944 4204 1029 4270 milii
1046 4205 1160 4289 posuit
1174 4225 1211 4273 se
1226 4203 1353 4288 ipsum,
1371 4205 1432 4270 tali
1449 4202 1582 4286 ordine,
1602 4207 1640 4270 ut
1657 4203 1780 4272 amede
1796 4207 1830 4270 ct
1849 4224 1954 4290 usque
1982 4223 2088 4272 urium
2116 4223 2243 4272 annum
2271 4207 2434 4312 comple-³

562 4360 634 4424 tum
651 4362 769 4426 tenere
785 4356 827 4423 ad
844 4375 939 4422 suam
958 4359 1159 4441 potestatem
1177 4375 1248 4424 una
1263 4359 1362 4442 peeia
1377 4356 1420 4422 de
1435 4359 1531 4423 terra
1547 4373 1634 4435 mea,
1650 4356 1707 4424 ubi
1724 4357 1898 4441 aliquante
1915 4358 2033 4440 plante
2044 4355 2087 4425 de
2098 4359 2256 4426 abellane
2267 4360 2369 4428 abent
2383 4359 2417 4426 in

563 4511 674 4576 lecum
693 4513 768 4577 reta
784 4507 911 4578 linibus
927 4511 1137 4580 salernitane
1153 4531 1215 4596 per
1231 4513 1329 4579 linis:
1348 4512 1394 4579 da
1412 4511 1542 4580 ouoeus
1557 4515 1711 4598 partibus
1738 4503 1807 4580 fine
1837 4513 1908 4581 bie:
1926 4512 1969 4580 de
1995 4512 2108 4598 capite
2135 4517 2169 4580 et
2195 4513 2237 4582 de
2259 4531 2329 4582 une
2350 4515 2417 4582 latu

562 4663 632 4730 fine
650 4663 796 4740 ballone,
815 4663 905 4746 quod
924 4663 1009 4730 mibi
1026 4664 1178 4747 pertinet
1193 4665 1229 4731 in
1246 4667 1403 4731 sanctum
1421 4665 1552 4732 andrea
1566 4665 1607 4732 de
1624 4664 1741 4734 eedem
1760 4667 1833 4732 loco
1858 4667 1944 4744 reta,
1964 4665 2053 4750 quod
2069 4684 2135 4750 ege
2152 4666 2188 4734 in
2213 4665 2413 4734 beneficium

564 4817 664 4882 teneo
681 4833 702 4881 a
718 4831 802 4899 pars
818 4814 962 4882 ecclesia
978 4817 1091 4883 sancti
1108 4816 1198 4901 petri
1223 4818 1384 4901 cappella
1400 4819 1492 4885 sacri
1518 4819 1661 4904 palatii:
1688 4818 1734 4886 da
1760 4819 1837 4902 ipsa
1863 4817 2033 4895 semmita,
2052 4817 2109 4902 qui
2137 4821 2188 4884 est
2213 4835 2301 4903 erga
2328 4821 2416 4887 terra

563 4968 652 5055 quod
669 4986 736 5054 ego
751 4968 845 5037 dedit
858 4969 1001 5036 iohanni
1018 4971 1203 5055 presbiteri
1219 4969 1262 5038 ad
1279 4971 1504 5040 laborandum
1522 4990 1586 5057 pre
1602 4972 1815 5050 terraticum,
1834 4971 1870 5037 in
1887 4975 1987 5057 septo
2003 4971 2039 5037 in
2061 4971 2217 5055 partibus
2233 4970 2416 5040 occidentis

563 5123 672 5192 licead
689 5125 787 5192 illum
804 5123 845 5191 ad
864 5142 961 5192 suam
978 5126 1180 5209 potestatem
1197 5129 1314 5193 tenere
1325 5128 1361 5194 et
1373 5127 1535 5194 laborare
1550 5135 1585 5196 el
1601 5129 1786 5204 seminare,
1802 5127 1836 5194 et
1851 5125 1894 5193 de
1910 5125 1998 5210 qued
2016 5124 2140 5194 ibidem
2151 5125 2413 5199 'seminaberint

563 5275 668 5344 deant
684 5276 784 5343 nobis
800 5275 926 5343 exinde
942 5277 1144 5346 terraticum
1168 5277 1210 5344 de
1234 5298 1294 5347 sex
1318 5281 1457 5364 cupella
1471 5297 1539 5346 une
1555 5281 1589 5346 et
1604 5278 1647 5346 de
1662 5281 1793 5363 septem
1809 5279 1946 5362 capella
1968 5277 2223 5356 11n0‚etlaeiad
2239 5297 2303 5347 nes
2318 5279 2413 5354 scire,

563 5431 601 5494 ut
624 5427 819 5512 dirigamus
842 5435 905 5496 rios
928 5428 1052 5497 ibidem
1074 5448 1136 5514 per
1158 5433 1315 5516 tempere
1337 5431 1380 5499 ad
1403 5451 1485 5501 aera
1508 5429 2188 5516 missosnestresprorecipiendumipso
2205 5429 2413 5499 terraticum.

563 5587 597 5649 et
618 5579 699 5648 dum
726 5599 834 5667 usque
856 5599 923 5668 ego
946 5585 1000 5651 vel
1025 5584 1147 5652 missos
1170 5603 1264 5662 ineos
1292 5585 1418 5653 ibidem
1442 5585 1611 5654 fuerimus
1634 5603 1698 5670 pre
1722 5585 1799 5671 ipso
1827 5583 2043 5662 terraticum,
2070 5587 2152 5651 tunc
2183 5584 2257 5669 ipse
2286 5584 2417 5652 cicerus

562 5735 661 5802 irobis
684 5736 861 5802 nutrirent
883 5735 1068 5804 secundum
1090 5757 1154 5808 sua
1176 5740 1414 5826 possibilitate,
1429 5741 1504 5826 ipse
1520 5742 1639 5826 plante
1661 5739 1704 5808 de
1727 5743 1880 5810 abellane
1892 5740 1950 5826 qui
1966 5740 2092 5810 ibidem
2116 5745 2207 5820 sunt,
2224 5743 2336 5812 licead
2359 5760 2418 5810 nes

564 5889 730 5972 colligere
754 5890 788 5958 et
811 5891 926 5958 nostre
950 5891 1131 5974 potestatis
1154 5892 1294 5970 habere,
1321 5896 1355 5960 et
1379 5893 1455 5961 illes
1478 5891 1511 5960 ei
1535 5893 1751 5962 defensemus
1782 5893 1904 5960 amodo
1931 5897 2092 5976 eiusque
2115 5893 2417 5978 inipsoconstitu-
