5252 7102
562 588 624 650 262
1236 569 1397 642 cobet
1440 571 1673 644 cnvnnsls

516 814 697 882 cohibent:
712 829 831 897 pannu
847 811 895 880 de'
907 813 1033 879 brache
1048 817 1091 881 X.
1111 813 1313 883 coroebaldu
1329 819 1355 882 Ι.
1374 817 1540 884 mantellu
1554 820 1581 883 Ι.
1601 833 1724 902 scarpo
1740 817 1837 903 pario
1853 823 1879 888 l.
1898 823 1933 889 et
1949 822 2046 906 pario
2062 822 2106 890 de
2121 825 2214 892 ealze
2231 829 2274 892 ll.
2291 845 2379 912 zap-

511 985 555 1052 pa
571 971 596 1034 l.
617 968 695 1034 lena
710 967 826 1036 batere
840 970 866 1033 Ι.
886 968 1066 1051 plumaczu
1084 967 1199 1034 bebere
1215 966 1340 1034 saciola
1356 971 1397 1034 ll.
1417 967 1554 1051 plaione
1570 973 1596 1036 Ι.
1616 970 1743 1050 breche
1759 971 1858 1054 pario
1876 975 1902 1038 Ι.

1317 1472 1584 1552 CCCCIV.

1301 1720 1355 1795 A.
1393 1720 1442 1796 D.
1481 1711 1584 1796 988.

534 2055 537 2062 ¹
577 2025 817 2114 &cremonem

509 2235 516 2282 ἱ,
538 2209 542 2217 -
582 2195 601 2237 a
629 2178 727 2245 Anno
743 2179 841 2247 sexto
858 2179 1076 2264 principatus
1091 2179 1208 2246 domni
1227 2179 1402 2257 Iohannis,
1420 2197 1535 2246 mense
1550 2179 1725 2246 Decembri
1741 2179 1894 2248 secunda
1921 2179 2120 2248 indictione.
2140 2183 2231 2248 Haec
2251 2182 2381 2246 charta

514 2287 548 2389 e·
568 2328 646 2412 agit
669 2328 711 2396 de
734 2300 810 2414 ipso
837 2332 1027 2408 contractu,
1058 2330 1101 2398 de
1126 2348 1193 2417 quo
1222 2330 1438 2408 antecedens,
1469 2331 1561 2412 intra
1584 2329 1822 2432 Domnandum
1848 2330 1957 2397 fllium
1979 2333 2083 2398 Rocci
2107 2334 2142 2399 et
2164 2334 2379 2399 Gennamum

516 2499 535 2540 «
563 2483 734 2549 rectorem
750 2483 1062 2552 hecclesiaesancti
1078 2484 1243 2570 Maximi5
1261 2485 1362 2552 otest
1385 2484 1559 2550 attestatio
1581 2433 1642 2551 seu
1664 2482 1851 2584 declaratio
1865 2481 2068 2561 Domnandi,
2087 2479 2166 2590 qua,
2186 2483 2381 2569 predictam

519 2650 539 2691 «ι
565 2633 819 2700 censuationem
837 2653 859 2702 a
876 2637 1048 2702 Gennamo
1064 2635 1095 2703 ei
1111 2635 1232 2704 iactam
1248 2635 1292 2702 de
1314 2638 1408 2703 terra
1432 2636 1468 2700 in
1497 2638 1571 2702 loco
1585 2635 1761 2713 Montano,
1779 2637 1838 2718 qui
1862 2635 1995 2702 dicitur
2013 2634 2151 2701 Cimone
2172 2635 2291 2720 finibus
2313 2635 2384 2702 Ro-

518 2805 537 2846 «
562 2789 665 2864 tense,
684 2785 812 2870 accipit
827 2787 862 2852 et
877 2787 1059 2854 confirmat
1076 2803 1139 2871 pro
1154 2805 1191 2855 se
1205 2787 1343 2872 suisque
1359 2787 1542 2856 heredibus
1558 2807 1635 2854 cum
1653 2789 1809 2854 omnibus
1825 2784 1985 2854 oneribus
2007 2787 2042 2854 et
2063 2785 2174 2870 pactis
2197 2787 2235 2852 in
2258 2803 2387 2870 supra-

519 2955 538 2996 «
563 2937 694 3022 scripta
708 2939 833 3004 charta
847 2937 1050 3022 designatis.

577 3090 712 3156 Adsunt
734 3092 832 3157 testes

575 3217 605 3328 †
620 3260 687 3326 ego
703 3261 873 3310 cennamo
888 3243 1058 3329 presbiter
1072 3247 1106 3314 et
1122 3246 1229 3312 abbas

574 3365 686 3477 J[ego
701 3394 760 3477 qui
775 3410 882 3478 supra
896 3391 1093 3477 guaiferius·

573 3518 686 3630 Jsego
703 3549 822 3630 petrus

518 3677 520 3682 ⁵
574 3671 685 3783 †ego
701 3699 885 3768 maraldus.

1304 4199 1549 4280 CCCCV.

1289 4447 1343 4522 A.
1376 4447 1432 4522 D.
1469 4445 1572 4523 989.

571 4706 662 4840 †ln
677 4755 816 4835 nornine
833 4754 964 4822 domini
980 4757 1081 4822 sexto
1100 4772 1191 4821 anno
1215 4754 1434 4840 principatus
1457 4753 1574 4821 domni
1597 4755 1708 4821 nostri
1730 4751 1874 4821 iohanni
1897 4750 2042 4846 gloriosi
2058 4752 2238 4838 principis
2257 4770 2382 4820 mense

518 4907 667 4976 martius
682 4905 830 4975 secunda
845 4905 1044 4974 indictione.
1064 4907 1346 4974 memoratorium
1363 4907 1455 4972 factu
1472 4925 1493 4973 a
1508 4925 1562 4973 me
1577 4905 1706 4973 lanfrid
1724 4903 1849 4972 clerico
1865 4905 1900 4970 et
1921 4903 1994 4971 filio
2017 4902 2192 4988 quondam
2215 4901 2376 4987 iaquinti,

521 5081 562 5130 eo
579 5062 669 5148 quod
686 5062 768 5130 ante
783 5057 970 5144 subscripti
985 5059 1088 5126 testes
1109 5056 1252 5124 tradidit
1275 5055 1360 5122 mihi
1385 5057 1516 5123 cicerus
1539 5057 1632 5122 filius
1655 5054 1779 5124 sellicti
1803 5071 1874 5121 una
1897 5053 1996 5138 pecta
2017 5051 2061 5120 de
2083 5055 2181 5120 terra
2202 5055 2311 5119 bacua
2332 5053 2381 5119 de

514 5219 697 5290 intus-ane
713 5213 959 5284 salernitanam
977 5213 1150 5282 cibitatem
1165 5231 1186 5280 a
1202 5229 1306 5296 super
1325 5227 1406 5277 casa
1421 5225 1507 5276 mea.
1522 5207 1618 5278 Unde
1634 5225 1698 5292 pro
1713 5207 1829 5274 taliter
1845 5205 1975 5291 guadia
1989 5205 2078 5273 mihi
2093 5205 2188 5273 dedit
2203 5208 2238 5273 et
2252 5204 2383 5272 media-

515 5326 626 5438 torem
643 5371 729 5436 mihi
746 5370 863 5455 posuit
878 5389 915 5438 se
934 5370 1047 5454 ipsum
1059 5389 1069 5455 3
1087 5369 1122 5435 et
1137 5386 1199 5452 per
1227 5367 1304 5451 ipsa
1331 5363 1463 5448 guadio
1489 5361 1661 5446 obligabit
1687 5377 1724 5427 se
1752 5359 1810 5426 tali
1838 5357 1972 5431 ordine.
1992 5357 2041 5435 ut,
2059 5356 2141 5423 dum
2168 5354 2227 5424 ille
2252 5353 2383 5421 ibidem

516 5524 690 5590 boluerint
706 5541 789 5591 casa
804 5522 979 5602 edificare,
998 5521 1107 5590 licead
1124 5540 1179 5589 me
1194 5521 1231 5587 in
1256 5517 1414 5604 predicta
1436 5518 1531 5584 terra
1554 5515 1665 5581 ortum
1691 5512 1818 5579 ibidem
1842 5511 1956 5576 facere
1977 5513 2012 5575 et
2035 5511 2145 5584 abere,
2162 5511 2198 5573 et
2219 5505 2299 5572 dum
2322 5505 2385 5574 ille

519 5674 646 5743 ibidem
663 5675 839 5742 benierint
855 5691 932 5740 casa
948 5673 1073 5742 ibidem
1089 5675 1204 5740 lacere
1220 5675 1255 5739 et
1271 5689 1293 5738 a
1307 5685 1375 5755 quo
1391 5685 1507 5737 casam
1522 5664 1648 5733 ibidem
1663 5635 1837 5731 boluerint
1858 5663 1983 5739 facere,
2007 5657 2116 5728 licead
2140 5676 2194 5725 me
2217 5657 2298 5724 inde
2320 5673 2384 5722 ex-

445 5901 456 5922 &
515 5833 631 5902 cotere
649 5827 763 5898 omnis
780 5829 899 5896 nostra
914 5844 1020 5894 causa
1036 5828 1070 5894 et
1085 5826 1137 5893 ire
1152 5825 1208 5891 ubi
1226 5820 1448 5900 boluerimus,
1462 5821 1497 5888 et
1511 5817 1633 5885 inclita
1648 5817 1724 5901 ipsa
1738 5820 1833 5883 terra
1845 5813 1887 5880 ad
1906 5813 1981 5914 eius
1993 5813 2149 5879 rebertar
2161 5809 2383 5894 potestatem;
