5210 7098
1342 576 1378 646 S.
1413 575 1607 648 ISIDORI

818 843 820 848 ’
939 820 990 904 Ε.
1038 822 1096 906 M.
1492 877 1495 973 Ξ
1890 818 1937 907 C.
1976 821 2023 910 C.

927 1068 1012 1149 Cup.
1043 1067 1105 1132 IX.

603 1239 828 1326 Aruspices...
845 1237 975 1324 (dies...
989 1237 1188 1325 intendunt)
1200 1237 1244 1306 Hi
1259 1235 1407 1305 etiam...
1422 1239 1474 1304 10.
1544 1245 1730 1331 aruspices
1746 1297 1753 1310 .
1773 1299 1780 1313 .
1800 1300 1806 1313 .
1825 1247 1900 1316 dies
1915 1247 2099 1319 intendunt
2114 1253 2151 1320 hi
2167 1253 2272 1322 etiam
2285 1253 2322 1341 ι),

560 1511 629 1527 .....
649 1459 867 1528 nascentium
892 1475 1016 1536 mores,
1044 1461 1143 1524 actus
1166 1459 1201 1523 et
1222 1457 1365 1524 eventus
1380 1471 1480 1540 prae·
1600 1468 1818 1534 nascentium
1833 1485 1944 1538 mores
1960 1471 2054 1537 actus
2069 1474 2193 1540 eventa
2207 1471 2402 1557 predicere„

556 1599 688 1666 dicere.
707 1599 758 1665 15.

605 1771 746 1856 Serapis
761 1821 767 1836 .
783 1823 794 1858 ¹.
814 1823 820 1836 .
840 1822 846 1835 .
867 1821 873 1834 .
893 1769 1007 1836 dictus
1023 1773 1087 1836 est.
1113 1772 1168 1838 33.

607 1943 691 2028 Apis
706 1993 870 2010 .......
886 1941 1055 2008 fecerunt.
1082 1939 1137 2006 34.

603 2114 716 2184 Fauni
731 2165 894 2182 .......
910 2113 1052 2180 dabant.
1080 2115 1134 2180 35.

602 2287 745 2356 Genium
764 2338 901 2353 ......
918 2287 1174 2352 sternebantur.
1196 2284 1250 2352 36.

601 2461 694 2526 Haec
710 2509 875 2526 .......
894 2457 1093 2526 adorentur.
1124 2458 1179 2524 37.
1544 2456 1569 2546 2)

911 2692 1038 2762 urrann
1065 2690 1121 2760 rx.
1543 2693 1569 2782 3)

911 2867 955 2930 ne
978 2863 1121 2945 Linguis.
1601 2866 1761 2932 tutatum
1782 2868 1926 2935 mitent
1947 2870 2044 2934 uuus
2065 2873 2106 2935 III
2128 2873 2316 2938 PRINCIPIO

947 3081 974 3148 0
1053 3081 1073 3145 1
1662 2985 1921 3054 staoocuruu
1941 2985 2015 3050 VEL
2037 2988 2079 3050 III
2099 2988 2248 3052 furuae

975 3097 1031 3162 ap.
1075 3131 1082 3144 .

825 3222 870 3286 Iie
892 3220 1027 3300 Linguis
1049 3218 1214 3282 Gentium.

600 3433 800 3521 cujusmodi
816 3435 931 3501 autem
950 3432 1096 3515 lingua.
1116 3481 1121 3492 .
1142 3481 1148 3494 .
1169 3479 1175 3492 .
1192 3428 1224 3492 9.
1542 3434 1736 3520 ouusmodi
1754 3439 1876 3524 lingua
1891 3491 2027 3508 ......
2045 3444 2082 3530 ⁸).

937 3644 1023 3744 Cap.
1053 3645 1103 3710 II.

801 3791 848 3852 Da
869 3789 1022 3852 Gentium
1043 3785 1224 3850 vocahuIIs.
1409 3835 1412 3850 .
1650 3801 1694 3864 lia
1717 3801 1876 3881 gentihus
1898 3807 1932 3864 et
1953 3803 2122 3867 vocabulis
2144 3819 2259 3866 eorum

562 4059 646 4076 ......
662 4008 787 4076 tertius
808 4009 948 4080 (iether,
974 4024 994 4072 a
1016 4022 1083 4092 quo
1107 4003 1306 4078 acarnanii,
1330 4022 1390 4073 seu
1414 4005 1475 4070 Ou-
1544 4016 1742 4084 ,‚,tertius
1765 4017 1890 4100 gether
1905 4033 1927 4083 a
1943 4033 2012 4102 quo
2026 4017 2179 4088 carineni
2194 4036 2255 4087 seu
2269 4020 2396 4088 carie...

553 4144 638 4211 riae.
653 4144 686 4210 2.

602 4359 702 4438 Saba,
720 4375 741 4424 a
757 4374 825 4442 quo
842 4357 1017 4443 progeniti
1032 4361 1067 4425 et
1083 4357 1252 4444 appellati
1276 4357 1411 4437 Sabaei,
1430 4356 1473 4424 de
1541 4411 1548 4426 .
1567 4412 1574 4426 .
1594 4362 1708 4431 ,Saba
1722 4381 1743 4429 a
1759 4380 1825 4450 quo
1844 4364 2020 4450 progeniti
2043 4367 2078 4432 et
2100 4368 2267 4454 appellati
2291 4367 2394 4439 Sabei.

553 4496 677 4580 quibus
693 4545 805 4562 .....
827 4495 980 4562 Sabaeis.
1003 4496 1054 4561 15.
1485 4507 1540 4572 'Do
1562 4501 1740 4591 quibua...
1761 4505 1880 4574 Sabota
1902 4506 1940 4574 hi
1965 4509 2102 4574 suntet
2125 4510 2257 4578 arabae.

625 4714 684 4799 qui
701 4716 869 4781 vocantur
881 4713 1011 4792 libana,
1031 4715 1065 4780 et
1081 4712 1303 4794 antilibanus,
1321 4715 1378 4782 ubi
1395 4717 1472 4782 thu·
1539 4778 1546 4792 ,
1565 4775 1572 4790 ,
1592 4725 1674 4810 ,qui
1690 4727 1831 4793 uocatur
1846 4725 1999 4795 Libanus
2015 4724 2074 4792 ubi
2089 4729 2171 4794 tura
2194 4727 2397 4813 colliguntur

554 4873 595 4922 ra
610 4855 848 4940 colliguntur.
868 4904 874 4918 .
893 4903 900 4919 .
920 4905 926 4918 .
943 4855 997 4921 50.

552 5068 689 5078 ιη’-..-
713 5069 885 5076 ——.-.-—.-
897 5071 917 5075 ..-

611 5209 636 5282 ⁴)
657 5208 717 5266 Non
733 5209 757 5266 si
772 5216 891 5266 arverto
905 5209 1011 5265 alcuna
1026 5207 1173 5280 perentasi
1188 5222 1205 5264 o
1219 5207 1294 5264 altro
1309 5223 1412 5282 segne,
1429 5225 1477 5266 roa
1491 5218 1564 5266 tutto
1578 5207 1594 5266 t
1610 5210 1709 5266 scritto
1724 5211 1754 5266 iu
1770 5225 1829 5267 una
1843 5209 1906 5267 sola
1919 5209 2156 5267 continuuziona.

612 5336 635 5409 ²>
656 5335 755 5402 Quarti
770 5335 876 5410 cinque
891 5335 1032 5410 paragrafi
1048 5350 1193 5392 mancano
1208 5336 1403 5395 interamenta
1417 5339 1465 5396 net
1479 5346 1579 5395 nostro
1594 5335 1712 5411 Codice3
1727 5338 1802 5412 dopo
1817 5337 1885 5411 pero
1906 5338 2045 5395 continua
2065 5337 2142 5394 sanz·
2154 5337 2228 5394 altra
2247 5351 2398 5393 mancanru

546 5462 619 5520 sino
640 5461 699 5518 alla
719 5463 777 5520 fine
797 5462 844 5518 det
866 5477 930 5534 cap.
946 5469 1149 5518 esuttnmente.

608 5589 631 5662 ³)
652 5587 674 5646 Il
689 5587 790 5645 codice
805 5602 864 5644 non
879 5588 908 5644 fa
923 5603 962 5644 un
977 5603 1076 5645 nuovo
1091 5587 1166 5645 libro
1178 5617 1207 5630 -
1218 5587 1251 5644 cta
1264 5589 1376 5660 Linquit
1388 5585 1477 5646 eta·
1488 5605 1537 5646 mo
1551 5605 1592 5648 uu
1606 5603 1671 5664 cup.
1684 5589 1760 5648 colia
1776 5605 1830 5648 oua
1844 5588 2043 5646 intitulatione
2056 5588 2093 5646 ed
2106 5587 2223 5646 iuiriate
2234 5584 2392 5644 maiuscoIa.

604 5716 628 5789 ⁴)
651 5715 712 5774 uon
726 5713 832 5788 perche
845 5729 906 5772 non
918 5713 941 5771 ai
957 5715 1192 5790 comprendesse,
1205 5732 1254 5773 mn
1267 5716 1395 5774 soltanto
1409 5733 1461 5791 per
1474 5733 1533 5775 non
1547 5731 1686 5776 mancare
1700 5717 1728 5775 al
1742 5716 1803 5776 mio
1813 5715 1940 5791 compito
1951 5715 1979 5773 di
1990 5721 2064 5774 tutto
2076 5713 2250 5784 desciuere,
2263 5711 2291 5770 io
2302 5724 2398 5770 aruer-¹

477 5867 480 5874 ·
545 5839 600 5898 tire
613 5839 669 5898 che
685 5838 704 5896 il
720 5837 830 5897 Cottae
847 5837 874 5896 tn
888 5855 927 5896 un
944 5853 1006 5912 cap.
1023 5847 1157 5912 separato
1172 5837 1200 5897 di
1214 5848 1318 5914 questo
1332 5839 1377 5898 oh'
1388 5837 1406 5898 t·
1418 5856 1458 5898 un
1473 5838 1625 5914 paragrafo
1639 5839 1709 5898 noll·
1721 5840 1753 5897 Ε.
1767 5839 1818 5910 iu,
1833 5837 1851 5896 t'
1859 5837 1962 5897 uitium
1976 5837 2039 5896 aiot
2053 5836 2100 5896 dat
2116 5839 2143 5900 i.
2154 5853 2218 5912 cap.
2231 5835 2278 5894 dol
2292 5835 2343 5896 lib.
2353 5831 2395 5891 rx.
