5216 7092
574 497 575 500 ‘
611 552 671 614 152
755 552 761 562 ·
1267 527 1428 602 eouux
1466 527 1697 599 cnvnusts

562 783 692 870 tionem
722 779 803 849 inde
824 779 947 846 tollere
970 793 1168 862 queramus.
1195 775 1230 840 et
1252 772 1283 840 si
1305 789 1368 838 nos
1390 773 1445 837 vel
1468 769 1597 838 nostris
1620 768 1780 838 eredibus
1803 770 1846 838 de
1868 775 2027 840 aeterra
2049 776 2261 843 salernitana
2287 781 2406 850 exteri·

562 954 645 1021 mus¹
655 933 763 1001 aliubi
779 931 992 1010 abitandum,
1011 929 1172 998 similiter
1195 929 1297 996 rebus
1319 927 1398 1011 Ipsa
1421 927 1577 994 robertas
1600 926 1637 991 in
1660 925 1738 1010 ipsa
1760 926 1919 1012 ecclesia3
1936 930 1972 993 et
1993 927 2023 994 si
2040 927 2133 994 infra
2149 931 2310 1014 quattuor
2332 938 2408 1002 anui

559 1088 693 1157 reversi
709 1085 874 1154 fuerimus
889 1084 934 1152 ad
951 1084 1153 1152 abitandum
1169 1065 1206 1149 in
1222 1100 1263 1149 ac
1280 1084 1375 1148 terra
1390 1061 1617 1156 salernitana,
1645 1081 1850 1162 potestatem
1873 1081 2037 1148 abeamus
2060 1083 2160 1150 rebus
2183 1083 2259 1168 ipsa
2282 1087 2410 1153 recolli·

563 1259 647 1326 gere
663 1243 697 1308 et
713 1239 756 1307 ad
772 1242 889 1307 nostra
904 1241 1071 1324 potestate
1087 1238 1189 1305 abere
1205 1201 1269 1321 per
1285 1233 1483 1319 supradicto
1499 1233 1633 1311 ordine,
1651 1232 1732 1299 dum
1749 1233 1971 1301 voluerimus.
1992 1237 2028 1301 et
2044 1236 2213 1318 obligavit
2228 1240 2295 1303 etc.
2314 1231 2411 1320 (For-

427 1385 432 1398 '
562 1395 656 1462 nanta
686 1395 857 1461 consueta.
887 1392 1122 1474 Compensatio
1150 1389 1294 1470 definita
1312 1387 1382 1469 snit
1405 1404 1471 1468 per
1496 1351 1645 1469 tripinta
1675 1402 1797 1455 aureos
1829 1385 1951 1454 solidos
1973 1387 2285 1466 constantinianas,
2311 1389 2411 1454 inter·

555 1549 669 1629 posito
690 1547 881 1614 mediatore
908 1547 1035 1613 Ioanne
1050 1543 1119 1625 filio
1147 1541 1304 1629 Fasani).
1324 1543 1367 1608 ut
1389 1543 1482 1609 hunc
1509 1539 1648 1607 brebem
1671 1539 1795 1625 scripsi
1817 1558 1883 1626 ego
1905 1539 2082 1624 lequinius
2104 1542 2261 1609 notarius
2283 1541 2342 1626 qui
2366 1545 2413 1608 in·

561 1698 677 1768 tersui.

620 1823 649 1930 †
663 1866 729 1932 ego
745 1849 802 1933 qui
818 1865 926 1931 supra
942 1847 1113 1913 martinus
1129 1844 1301 1952 presbiter
1315 1845 1350 1910 et
1365 1844 1454 1908 abba

619 1978 731 2090 †ego
747 2003 806 2088 qui
822 2019 928 2086 supra
943 1998 1128 2084 truppoald

618 2129 648 2240 †
663 2173 728 2240 ego
744 2157 874 2239 petrus,

1309 2655 1690 2734 CCCXXVIII.

1353 2900 1408 3025 A,
1444 2898 1495 2975 D.
1533 2896 1637 2976 980.

617 3160 706 3296 †lu
723 3209 862 3276 nomine
878 3207 1007 3273 domini
1024 3206 1133 3273 nostri
1151 3205 1249 3272 ihesu
1274 3204 1370 3272 cristi
1385 3204 1440 3270 dei
1458 3204 1568 3271 eterni
1586 3205 1760 3273 tricesimo
1775 3203 1923 3291 septimo
1939 3225 2030 3274 anno
2055 3209 2273 3293 principatus
2296 3209 2410 3277 domni

559 3363 700 3448 paldolfi
716 3362 860 3447 gloriosi
883 3361 1066 3445 principis,
1093 3362 1128 3427 et
1151 3358 1352 3426 duodecimo
1376 3377 1468 3424 anno
1491 3359 1709 3443 principatus
1732 3359 1849 3426 domni
1872 3360 2012 3428 landolfi
2028 3361 2193 3438 ninstidi,
2213 3381 2331 3431 mense
2347 3381 2415 3429 ma·

429 3530 433 3538 ·
560 3514 621 3598 gio
638 3515 760 3579 octaba
775 3512 974 3580 indictione.
994 3511 1073 3579 Ideo
1088 3511 1146 3596 qui
1162 3527 1237 3588 nos,
1255 3511 1268 3576 i
1284 3491 1402 3578 sumus
1418 3511 1596 3594 gariperto
1613 3511 1704 3578 filius
1719 3511 1896 3578 cuiusdam
1910 3511 2070 3580 landoari
2087 3513 2221 3580 comitis
2237 3517 2272 3580 et
2286 3513 2417 3581 landol-

564 3665 618 3731 tus
641 3664 733 3731 filius
756 3661 933 3730 cuiusdam
957 3661 1127 3740 landoari,
1156 3663 1376 3728 Declaramus
1400 3676 1486 3738 uos,
1512 3661 1595 3745 quia
1617 3677 1638 3724 a
1661 3662 1830 3744 plurimos
1857 3679 1964 3730 annos
1986 3659 2143 3746 predicto
2177 3663 2338 3731 landoari
2366 3681 2418 3730 co-

565 3833 639 3882 mes
661 3814 803 3898 genitor
826 3816 860 3880 et
882 3813 980 3879 abias
1003 3815 1120 3880 noster
1143 3831 1207 3897 per
1230 3813 1396 3878 cartulam
1421 3814 1549 3878 emtum
1574 3814 1653 3880 abet
1675 3813 1721 3879 da
1743 3811 1848 3898 (deest
1871 3813 2004 3900 nnncn)
2028 3813 2174 3880 iudicem
2201 3813 2244 3882 de
2276 3814 2416 3881 cibitate

480 3952 484 3958 ’
564 3969 779 4036 salernitana
800 3968 896 4033 terra
919 3968 953 4034 et
975 3984 1064 4052 aqua
1085 3965 1128 4033 de
1152 3965 1227 4050 ipso
1253 3964 1369 4042 lirina,
1396 3967 1433 4030 in
1455 3983 1521 4049 quo
1547 3965 1648 4031 modo
1672 3967 1838 4034 molinum
1862 3967 1992 4033 tactum
2015 3943 2049 4034 et
2065 3967 2261 4035 edificatum
2277 3969 2417 4034 abemus

564 4139 649 4206 quas
665 4119 821 4204 predicto
844 4121 984 4202 genitor
999 4121 1033 4185 et
1049 4119 1147 4185 abius
1162 4120 1280 4184 noster
1295 4116 1414 4183 eodem
1441 4115 1606 4184 molinum
1633 4121 1866 4186 constructum
1892 4119 1999 4197 abuit,
2025 4120 2174 4202 qualiter
2196 4119 2274 4203 ipsa
2301 4123 2418 4189 nostra

562 4273 706 4356 scriptio
722 4271 886 4337 eontinet.
905 4270 1004 4338 Modo
1022 4271 1117 4348 bero,
1146 4271 1236 4336 sicut
1261 4253 1361 4335 nobis
1388 4269 1446 4352 qui
1469 4287 1576 4353 supra
1595 4271 1767 4354 gariperti
1794 4272 1829 4336 et
1854 4267 1998 4336 landolti
2021 4271 2140 4354 aptum
2162 4270 2197 4336 et
2223 4288 2417 4353 congruum

565 4397 618 4490 est
647 4441 738 4529 vona
760 4427 881 4492 nostra
903 4425 1103 4501 bolumtate,
1129 4425 1246 4522 tamen
1270 4442 1336 4508 ego
1360 4425 1419 4508 qui
1442 4443 1550 4509 supra
1571 4425 1722 4493 landolfo
1745 4444 1808 4510 pro
1832 4426 1907 4492 biae
1929 4442 2005 4494 mea
2027 4428 2060 4494 et
2082 4442 2147 4509 pro
2169 4427 2269 4509 parte
2291 4429 2326 4494 et
2350 4426 2420 4492 biae

567 4573 724 4640 londoari
740 4575 857 4657 nepoti
882 4592 958 4640 meo
982 4575 1054 4640 tilio
1077 4574 1254 4643 cuiusdam
1278 4574 1438 4642 landoari
1461 4576 1619 4658 germani
1636 4577 1716 4654 mei,
1743 4593 1805 4660 per
1828 4551 1917 4643 hanc
1940 4577 2074 4643 cartula
2096 4576 2301 4644 donabimus
2326 4577 2419 4642 vobis

566 4727 708 4793 iohanni
724 4743 837 4793 comes
852 4728 984 4811 palatio
1000 4729 1043 4794 de
1059 4713 1216 4814 predicta
1231 4727 1374 4795 cibitate
1390 4728 1604 4796 salernitana
1626 4731 1662 4796 et
1684 4731 1776 4796 tilius
1799 4729 1978 4798 cuiusdam
2002 4730 2162 4797 lamberti
2188 4729 2334 4807 comitis,
2360 4731 2422 4794 hoc

566 4885 618 4947 est
634 4879 677 4946 de
694 4881 768 4964 ipsa
784 4884 903 4946 terra.
934 4931 940 4944 .
971 4930 978 4944 .
1009 4931 1015 4945 .
1035 4882 1076 4948 de
1091 4882 1167 4966 ipse
1183 4882 1268 4948 sorti
1285 4883 1320 4948 et
1335 4871 1470 4965 partem
1494 4886 1529 4948 et
1551 4883 1798 4966 pertinentiam
1815 4889 1968 4950 nostram
1992 4883 2035 4950 de
2056 4883 2218 4949 iamdicto
2241 4883 2359 4968 lirin03
2385 4885 2420 4947 ln

564 5038 633 5100 noc
649 5033 783 5112 ordine,
802 5036 841 5100 ut
856 5033 1030 5102 licentiam
1047 5036 1083 5101 et
1097 5035 1301 5119 potestatem
1318 5037 1450 5103 abeatis
1465 5035 1507 5102 de
1524 5037 1598 5120 ipse
1613 5036 1696 5102 sorti
1713 5040 1831 5103 nostre
1846 5037 1887 5104 de
1902 5035 2058 5121 predicta
2072 5054 2163 5120 aqua
2174 5037 2347 5102 clausurie
2359 5035 2421 5098 ibi·

567 5183 644 5252 dem
659 5184 803 5252 mittere
819 5187 854 5249 et
865 5182 1032 5250 iamdicta
1045 5201 1136 5268 aqua
1152 5185 1314 5252 rebocare
1325 5186 1362 5250 in
1375 5185 1451 5270 ipso
1463 5203 1562 5252 curso
1573 5185 1617 5252 de
1628 5185 1702 5270 ipsa
1718 5191 1880 5253 arcatura
1896 5190 2027 5264 nostra,
2041 5185 2187 5269 qualiter
2199 5185 2295 5250 uobis
2305 5199 2421 5250 neces-

569 5353 643 5400 sum
661 5335 767 5403 tuerit
782 5336 874 5402 iusta
889 5336 1035 5412 ratione,
1049 5339 1083 5403 et
1100 5336 1275 5405 licentiam
1293 5339 1329 5402 et
1343 5339 1546 5421 potestatem
1563 5336 1694 5406 abeatis
1710 5338 1782 5406 sibe
1797 5341 1832 5403 at
1848 5339 1957 5404 latere
1972 5336 2014 5404 de
2031 5335 2194 5402 iamdicto
2218 5339 2335 5402 nostro
2349 5351 2424 5400 mo-

491 5571 500 5590 '
568 5486 653 5563 lino,
673 5485 744 5586 sibe
759 5485 801 5555 de
816 5488 934 5554 subter
950 5491 984 5555 et
998 5505 1101 5573 super
1117 5489 1230 5557 tacere
1247 5491 1282 5556 et
1296 5489 1459 5558 edificare
1477 5491 1644 5557 molinum
1660 5491 1752 5556 iusta
1767 5490 1911 5568 ratione,
1931 5492 1966 5554 et
1981 5489 2084 5555 abere
2099 5487 2212 5572 ipsum
2229 5488 2341 5553 vestre
2362 5501 2424 5568 po·

538 5661 539 5664 ¹
569 5637 701 5705 testatis
724 5639 850 5724 absque
865 5641 1114 5708 contrarietate
1129 5643 1164 5709 et
1178 5643 1373 5710 lesitionem
1397 5642 1441 5709 de
1464 5642 1619 5727 predicto
1641 5646 1761 5714 nostro
1784 5642 1925 5718 molina,
1945 5643 1984 5707 ut
1999 5628 2275 5724 semper'eooem
2298 5635 2428 5703 molino

568 5797 687 5860 nostro
699 5794 783 5860 bene
799 5795 834 5859 et
850 5792 939 5860 iusta
954 5793 1085 5864 ratione
1102 5811 1284 5862 macenare
1301 5796 1454 5877 pussant,
1474 5797 1563 5862 sicut
1577 5795 1620 5862 de
1636 5798 1741 5862 antea
1755 5799 1789 5863 et
1805 5813 1911 5880 usque
1932 5793 2032 5859 modo
2056 5794 2130 5879 ipse
2153 5792 2283 5859 molino
2305 5789 2424 5856 nostro
