<?xml version="1.0" encoding="UTF-8"?>
<!DOCTYPE html PUBLIC "-//W3C//DTD XHTML 1.0 Transitional//EN"
    "http://www.w3.org/TR/xhtml1/DTD/xhtml1-transitional.dtd">
<html xmlns="http://www.w3.org/1999/xhtml" xml:lang="en" lang="en">
 <head>
  <title>
</title>
<meta http-equiv="Content-Type" content="text/html;charset=utf-8" />
  <meta name='ocr-system' content='tesseract 3.04.00' />
  <meta name='ocr-capabilities' content='ocr_page ocr_carea ocr_par ocr_line ocrx_word'/>
</head>
<body>
  <div class='ocr_page' id='page_1' title='image "./codexdiplomatic07aragoog_0101.png"; bbox 0 0 5378 7098; ppageno 0'>
   <div class='ocr_carea' id='block_1_1' title="bbox 652 576 1752 688">
    <p class='ocr_par' dir='ltr' id='par_1_1' title="bbox 652 576 1752 688">
     <span class='ocr_line' id='line_1_1' title="bbox 652 576 1752 688; baseline -0.004 0"><span class='ocrx_word' id='word_1_1' title='bbox 652 627 692 688; x_wconf 76' lang='lat' dir='ltr'>aa</span> <span class='ocrx_word' id='word_1_2' title='bbox 793 621 796 630; x_wconf 58' lang='lat'><strong>¹</strong></span> <span class='ocrx_word' id='word_1_3' title='bbox 1280 576 1479 686; x_wconf 59' lang='lat' dir='ltr'>&#39;counx</span> <span class='ocrx_word' id='word_1_4' title='bbox 1518 617 1752 688; x_wconf 63' lang='lat' dir='ltr'>&lt;taunasis</span> 
     </span>
    </p>
   </div>
   <div class='ocr_carea' id='block_1_2' title="bbox 599 839 2459 5714">
    <p class='ocr_par' dir='ltr' id='par_1_2' title="bbox 589 839 2459 5714">
     <span class='ocr_line' id='line_1_2' title="bbox 604 839 2458 964; baseline 0.005 -37"><span class='ocrx_word' id='word_1_5' title='bbox 604 861 673 927; x_wconf 91' lang='lat' dir='ltr'>tem</span> <span class='ocrx_word' id='word_1_6' title='bbox 697 861 797 944; x_wconf 88' lang='lat' dir='ltr'>parte</span> <span class='ocrx_word' id='word_1_7' title='bbox 814 859 889 964; x_wconf 17' lang='lat' dir='ltr'>&#39;fine</span> <span class='ocrx_word' id='word_1_8' title='bbox 912 863 970 925; x_wconf 90' lang='lat' dir='ltr'>tua</span> <span class='ocrx_word' id='word_1_9' title='bbox 992 876 1090 944; x_wconf 88' lang='lat' dir='ltr'>quom</span> <span class='ocrx_word' id='word_1_10' title='bbox 1115 877 1232 943; x_wconf 88' lang='lat' dir='ltr'>supra,</span> <span class='ocrx_word' id='word_1_11' title='bbox 1255 862 1307 926; x_wconf 87' lang='lat' dir='ltr'>est</span> <span class='ocrx_word' id='word_1_12' title='bbox 1329 855 1411 926; x_wconf 88' lang='lat' dir='ltr'>inde</span> <span class='ocrx_word' id='word_1_13' title='bbox 1434 876 1553 942; x_wconf 83' lang='lat' dir='ltr'>passos</span> <span class='ocrx_word' id='word_1_14' title='bbox 1581 861 1779 945; x_wconf 82' lang='lat' dir='ltr'>octuaginta</span> <span class='ocrx_word' id='word_1_15' title='bbox 1794 881 1801 924; x_wconf 95' lang='lat'><strong>:</strong></span> <span class='ocrx_word' id='word_1_16' title='bbox 1816 862 1869 929; x_wconf 87' lang='lat' dir='ltr'>de</span> <span class='ocrx_word' id='word_1_17' title='bbox 1886 866 2009 948; x_wconf 89' lang='lat' dir='ltr'>quarta</span> <span class='ocrx_word' id='word_1_18' title='bbox 2026 881 2108 932; x_wconf 89' lang='lat' dir='ltr'>vero</span> <span class='ocrx_word' id='word_1_19' title='bbox 2123 871 2222 951; x_wconf 88' lang='lat' dir='ltr'>parte</span> <span class='ocrx_word' id='word_1_20' title='bbox 2236 867 2307 935; x_wconf 87' lang='lat' dir='ltr'>flue</span> <span class='ocrx_word' id='word_1_21' title='bbox 2321 839 2458 954; x_wconf 87' lang='lat' dir='ltr'>tuaque</span> 
     </span>
     <span class='ocr_line' id='line_1_3' title="bbox 606 1010 2457 1122; baseline 0.005 -46"><span class='ocrx_word' id='word_1_22' title='bbox 606 1010 762 1078; x_wconf 90' lang='lat' dir='ltr'>iamdicti</span> <span class='ocrx_word' id='word_1_23' title='bbox 786 1010 940 1122; x_wconf 65' lang='lat' dir='ltr'>landolfi,</span> <span class='ocrx_word' id='word_1_24' title='bbox 965 1014 1000 1080; x_wconf 87' lang='lat' dir='ltr'>et</span> <span class='ocrx_word' id='word_1_25' title='bbox 1021 1011 1103 1080; x_wconf 89' lang='lat' dir='ltr'>inde</span> <span class='ocrx_word' id='word_1_26' title='bbox 1126 1013 1229 1078; x_wconf 88' lang='lat' dir='ltr'>habet</span> <span class='ocrx_word' id='word_1_27' title='bbox 1253 1027 1372 1097; x_wconf 86' lang='lat' dir='ltr'>passos</span> <span class='ocrx_word' id='word_1_28' title='bbox 1394 1011 1593 1097; x_wconf 83' lang='lat' dir='ltr'>octoaginta</span> <span class='ocrx_word' id='word_1_29' title='bbox 1610 1030 1684 1080; x_wconf 87' lang='lat' dir='ltr'>sex.</span> <span class='ocrx_word' id='word_1_30' title='bbox 1711 1015 1788 1098; x_wconf 90' lang='lat' dir='ltr'>ipsa</span> <span class='ocrx_word' id='word_1_31' title='bbox 1807 1015 1877 1083; x_wconf 92' lang='lat' dir='ltr'>alia</span> <span class='ocrx_word' id='word_1_32' title='bbox 1899 1019 1994 1100; x_wconf 82' lang='lat' dir='ltr'>pella</span> <span class='ocrx_word' id='word_1_33' title='bbox 2016 1021 2065 1087; x_wconf 93' lang='lat' dir='ltr'>ibi</span> <span class='ocrx_word' id='word_1_34' title='bbox 2085 1070 2240 1087; x_wconf 94' lang='grc'><strong>.....</strong></span> <span class='ocrx_word' id='word_1_35' title='bbox 2266 1021 2301 1086; x_wconf 89' lang='lat' dir='ltr'>et</span> <span class='ocrx_word' id='word_1_36' title='bbox 2323 1019 2399 1104; x_wconf 88' lang='lat' dir='ltr'>ipsa</span> <span class='ocrx_word' id='word_1_37' title='bbox 2422 1036 2457 1085; x_wconf 88' lang='lat' dir='ltr'>as</span> 
     </span>
     <span class='ocr_line' id='line_1_4' title="bbox 604 1123 2457 1256; baseline 0.005 -26"><span class='ocrx_word' id='word_1_38' title='bbox 604 1164 685 1234; x_wconf 88' lang='lat' dir='ltr'>finis</span> <span class='ocrx_word' id='word_1_39' title='bbox 707 1168 741 1234; x_wconf 87' lang='lat' dir='ltr'>et</span> <span class='ocrx_word' id='word_1_40' title='bbox 762 1123 939 1234; x_wconf 85' lang='lat' dir='ltr'>mensurie</span> <span class='ocrx_word' id='word_1_41' title='bbox 961 1167 1089 1234; x_wconf 92' lang='lat' dir='ltr'>habet:</span> <span class='ocrx_word' id='word_1_42' title='bbox 1115 1165 1159 1233; x_wconf 90' lang='lat' dir='ltr'>de</span> <span class='ocrx_word' id='word_1_43' title='bbox 1181 1183 1250 1234; x_wconf 93' lang='lat' dir='ltr'>una</span> <span class='ocrx_word' id='word_1_44' title='bbox 1273 1171 1376 1251; x_wconf 87' lang='lat' dir='ltr'>parto</span> <span class='ocrx_word' id='word_1_45' title='bbox 1397 1166 1468 1234; x_wconf 85' lang='lat' dir='ltr'>fine</span> <span class='ocrx_word' id='word_1_46' title='bbox 1491 1171 1618 1246; x_wconf 89' lang='lat' dir='ltr'>vestra,</span> <span class='ocrx_word' id='word_1_47' title='bbox 1637 1167 1727 1252; x_wconf 91' lang='lat' dir='ltr'>quod</span> <span class='ocrx_word' id='word_1_48' title='bbox 1743 1171 1901 1253; x_wconf 88' lang='lat' dir='ltr'>paratum</span> <span class='ocrx_word' id='word_1_49' title='bbox 1926 1171 2035 1240; x_wconf 90' lang='lat' dir='ltr'>abetis</span> <span class='ocrx_word' id='word_1_50' title='bbox 2057 1171 2104 1240; x_wconf 88' lang='lat' dir='ltr'>da</span> <span class='ocrx_word' id='word_1_51' title='bbox 2125 1170 2267 1240; x_wconf 85' lang='lat' dir='ltr'>heredes</span> <span class='ocrx_word' id='word_1_52' title='bbox 2289 1169 2457 1256; x_wconf 90' lang='lat' dir='ltr'>quondam</span> 
     </span>
     <span class='ocr_line' id='line_1_5' title="bbox 606 1319 2456 1405; baseline 0.003 -20"><span class='ocrx_word' id='word_1_53' title='bbox 606 1320 718 1386; x_wconf 88' lang='lat' dir='ltr'>ratoni</span> <span class='ocrx_word' id='word_1_54' title='bbox 740 1321 775 1388; x_wconf 92' lang='lat' dir='ltr'>et</span> <span class='ocrx_word' id='word_1_55' title='bbox 795 1319 843 1387; x_wconf 78' lang='lat' dir='ltr'>&#39;da</span> <span class='ocrx_word' id='word_1_56' title='bbox 865 1319 1009 1388; x_wconf 88' lang='lat' dir='ltr'>heredes</span> <span class='ocrx_word' id='word_1_57' title='bbox 1033 1320 1186 1405; x_wconf 82' lang='lat' dir='ltr'>guaiferi</span> <span class='ocrx_word' id='word_1_58' title='bbox 1209 1338 1228 1386; x_wconf 91' lang='lat' dir='ltr'>e</span> <span class='ocrx_word' id='word_1_59' title='bbox 1250 1319 1297 1405; x_wconf 85' lang='lat' dir='ltr'>da</span> <span class='ocrx_word' id='word_1_60' title='bbox 1318 1320 1461 1389; x_wconf 89' lang='lat' dir='ltr'>heredes</span> <span class='ocrx_word' id='word_1_61' title='bbox 1484 1321 1625 1389; x_wconf 90' lang='lat' dir='ltr'>bisantii</span> <span class='ocrx_word' id='word_1_62' title='bbox 1653 1372 1808 1388; x_wconf 94' lang='grc'><strong>.....</strong></span> <span class='ocrx_word' id='word_1_63' title='bbox 1835 1325 1947 1391; x_wconf 80' lang='lat' dir='ltr'><strong>sartor</strong></span> <span class='ocrx_word' id='word_1_64' title='bbox 1963 1326 1998 1393; x_wconf 88' lang='lat' dir='ltr'>et</span> <span class='ocrx_word' id='word_1_65' title='bbox 2015 1322 2060 1391; x_wconf 93' lang='lat' dir='ltr'>da</span> <span class='ocrx_word' id='word_1_66' title='bbox 2075 1342 2165 1390; x_wconf 89' lang='lat' dir='ltr'>uxor</span> <span class='ocrx_word' id='word_1_67' title='bbox 2180 1323 2267 1403; x_wconf 88' lang='lat' dir='ltr'>eius,</span> <span class='ocrx_word' id='word_1_68' title='bbox 2286 1327 2365 1392; x_wconf 88' lang='lat' dir='ltr'>sunt</span> <span class='ocrx_word' id='word_1_69' title='bbox 2381 1323 2456 1391; x_wconf 88' lang='lat' dir='ltr'>inde</span> 
     </span>
     <span class='ocr_line' id='line_1_6' title="bbox 603 1472 2458 1572; baseline 0.001 -30"><span class='ocrx_word' id='word_1_70' title='bbox 603 1491 725 1560; x_wconf 89' lang='lat' dir='ltr'>passos</span> <span class='ocrx_word' id='word_1_71' title='bbox 748 1472 949 1558; x_wconf 84' lang='lat' dir='ltr'>octoaginta</span> <span class='ocrx_word' id='word_1_72' title='bbox 971 1477 1072 1572; x_wconf 88' lang='lat' dir='ltr'>octo;</span> <span class='ocrx_word' id='word_1_73' title='bbox 1095 1474 1166 1542; x_wconf 91' lang='lat' dir='ltr'>alia</span> <span class='ocrx_word' id='word_1_74' title='bbox 1189 1474 1297 1560; x_wconf 85' lang='lat' dir='ltr'>igitur</span> <span class='ocrx_word' id='word_1_75' title='bbox 1320 1477 1420 1559; x_wconf 85' lang='lat' dir='ltr'>parte</span> <span class='ocrx_word' id='word_1_76' title='bbox 1442 1475 1510 1544; x_wconf 86' lang='lat' dir='ltr'>fine</span> <span class='ocrx_word' id='word_1_77' title='bbox 1535 1475 1578 1543; x_wconf 90' lang='lat' dir='ltr'>de</span> <span class='ocrx_word' id='word_1_78' title='bbox 1601 1475 1744 1546; x_wconf 86' lang='lat' dir='ltr'>heredes</span> <span class='ocrx_word' id='word_1_79' title='bbox 1766 1476 1982 1562; x_wconf 86' lang='lat' dir='ltr'>teodelgari,</span> <span class='ocrx_word' id='word_1_80' title='bbox 2008 1477 2157 1563; x_wconf 79' lang='lat' dir='ltr'>qualiter</span> <span class='ocrx_word' id='word_1_81' title='bbox 2181 1477 2239 1544; x_wconf 92' lang='lat' dir='ltr'>bia</span> <span class='ocrx_word' id='word_1_82' title='bbox 2268 1477 2386 1544; x_wconf 89' lang='lat' dir='ltr'>antica</span> <span class='ocrx_word' id='word_1_83' title='bbox 2409 1477 2458 1544; x_wconf 90' lang='lat' dir='ltr'>di-</span> 
     </span>
     <span class='ocr_line' id='line_1_7' title="bbox 603 1619 2458 1714; baseline 0.001 -22"><span class='ocrx_word' id='word_1_84' title='bbox 603 1627 747 1702; x_wconf 89' lang='lat' dir='ltr'>scernit,</span> <span class='ocrx_word' id='word_1_85' title='bbox 771 1629 806 1695; x_wconf 88' lang='lat' dir='ltr'>et</span> <span class='ocrx_word' id='word_1_86' title='bbox 829 1627 909 1694; x_wconf 89' lang='lat' dir='ltr'>sunt</span> <span class='ocrx_word' id='word_1_87' title='bbox 932 1644 1053 1710; x_wconf 87' lang='lat' dir='ltr'>passos</span> <span class='ocrx_word' id='word_1_88' title='bbox 1076 1629 1212 1694; x_wconf 88' lang='lat' dir='ltr'>centum</span> <span class='ocrx_word' id='word_1_89' title='bbox 1239 1626 1494 1712; x_wconf 83' lang='lat' dir='ltr'>quinquaginta</span> <span class='ocrx_word' id='word_1_90' title='bbox 1507 1648 1517 1713; x_wconf 84' lang='lat'>3</span> <span class='ocrx_word' id='word_1_91' title='bbox 1545 1647 1589 1696; x_wconf 88' lang='lat' dir='ltr'>ex</span> <span class='ocrx_word' id='word_1_92' title='bbox 1612 1629 1683 1696; x_wconf 88' lang='lat' dir='ltr'>alia</span> <span class='ocrx_word' id='word_1_93' title='bbox 1708 1631 1807 1714; x_wconf 88' lang='lat' dir='ltr'>parte</span> <span class='ocrx_word' id='word_1_94' title='bbox 1828 1629 1897 1696; x_wconf 87' lang='lat' dir='ltr'>fine</span> <span class='ocrx_word' id='word_1_95' title='bbox 1920 1629 1976 1696; x_wconf 90' lang='lat' dir='ltr'>bia</span> <span class='ocrx_word' id='word_1_96' title='bbox 1991 1627 2132 1714; x_wconf 91' lang='lat' dir='ltr'>publica</span> <span class='ocrx_word' id='word_1_97' title='bbox 2148 1627 2205 1714; x_wconf 92' lang='lat' dir='ltr'>qui</span> <span class='ocrx_word' id='word_1_98' title='bbox 2220 1619 2339 1714; x_wconf 85' lang='lat' dir='ltr'>pergit</span> <span class='ocrx_word' id='word_1_99' title='bbox 2353 1627 2396 1694; x_wconf 90' lang='lat' dir='ltr'>ad</span> <span class='ocrx_word' id='word_1_100' title='bbox 2411 1629 2458 1694; x_wconf 90' lang='lat' dir='ltr'>iu·</span> 
     </span>
     <span class='ocr_line' id='line_1_8' title="bbox 602 1778 2457 1866; baseline 0.001 -20"><span class='ocrx_word' id='word_1_101' title='bbox 602 1781 690 1860; x_wconf 88' lang='lat' dir='ltr'>suni,</span> <span class='ocrx_word' id='word_1_102' title='bbox 710 1783 745 1847; x_wconf 85' lang='lat' dir='ltr'>et</span> <span class='ocrx_word' id='word_1_103' title='bbox 767 1779 848 1848; x_wconf 91' lang='lat' dir='ltr'>inde</span> <span class='ocrx_word' id='word_1_104' title='bbox 863 1781 945 1847; x_wconf 89' lang='lat' dir='ltr'>sunt</span> <span class='ocrx_word' id='word_1_105' title='bbox 959 1797 1077 1865; x_wconf 87' lang='lat' dir='ltr'>passos</span> <span class='ocrx_word' id='word_1_106' title='bbox 1093 1782 1229 1848; x_wconf 89' lang='lat' dir='ltr'>centum</span> <span class='ocrx_word' id='word_1_107' title='bbox 1245 1779 1392 1865; x_wconf 83' lang='lat' dir='ltr'>biginti3</span> <span class='ocrx_word' id='word_1_108' title='bbox 1418 1778 1461 1846; x_wconf 88' lang='lat' dir='ltr'>dc</span> <span class='ocrx_word' id='word_1_109' title='bbox 1477 1782 1603 1864; x_wconf 89' lang='lat' dir='ltr'>quarta</span> <span class='ocrx_word' id='word_1_110' title='bbox 1618 1783 1732 1847; x_wconf 91' lang='lat' dir='ltr'>autem</span> <span class='ocrx_word' id='word_1_111' title='bbox 1749 1781 1849 1864; x_wconf 90' lang='lat' dir='ltr'>parte</span> <span class='ocrx_word' id='word_1_112' title='bbox 1865 1780 1935 1848; x_wconf 87' lang='lat' dir='ltr'>line</span> <span class='ocrx_word' id='word_1_113' title='bbox 1950 1783 2046 1846; x_wconf 87' lang='lat' dir='ltr'>terra</span> <span class='ocrx_word' id='word_1_114' title='bbox 2060 1780 2172 1847; x_wconf 88' lang='lat' dir='ltr'>sancti</span> <span class='ocrx_word' id='word_1_115' title='bbox 2189 1781 2328 1866; x_wconf 82' lang='lat' dir='ltr'>georgii</span> <span class='ocrx_word' id='word_1_116' title='bbox 2344 1799 2457 1848; x_wconf 91' lang='lat' dir='ltr'>mona-</span> 
     </span>
     <span class='ocr_line' id='line_1_9' title="bbox 601 1930 2456 2018; baseline 0.001 -18"><span class='ocrx_word' id='word_1_117' title='bbox 601 1934 706 2003; x_wconf 91' lang='lat' dir='ltr'>sterio</span> <span class='ocrx_word' id='word_1_118' title='bbox 730 1935 927 2017; x_wconf 88' lang='lat' dir='ltr'>puellarum</span> <span class='ocrx_word' id='word_1_119' title='bbox 954 1936 988 2002; x_wconf 90' lang='lat' dir='ltr'>et</span> <span class='ocrx_word' id='word_1_120' title='bbox 1011 1933 1081 1999; x_wconf 87' lang='lat' dir='ltr'>fine</span> <span class='ocrx_word' id='word_1_121' title='bbox 1103 1933 1165 1999; x_wconf 91' lang='lat' dir='ltr'>tua</span> <span class='ocrx_word' id='word_1_122' title='bbox 1187 1950 1253 2016; x_wconf 93' lang='lat' dir='ltr'>que</span> <span class='ocrx_word' id='word_1_123' title='bbox 1276 1930 1444 2009; x_wconf 88' lang='lat' dir='ltr'>landolfi,</span> <span class='ocrx_word' id='word_1_124' title='bbox 1473 1934 1508 1998; x_wconf 87' lang='lat' dir='ltr'>et</span> <span class='ocrx_word' id='word_1_125' title='bbox 1531 1931 1611 1998; x_wconf 89' lang='lat' dir='ltr'>inde</span> <span class='ocrx_word' id='word_1_126' title='bbox 1632 1935 1713 2000; x_wconf 89' lang='lat' dir='ltr'>sunt</span> <span class='ocrx_word' id='word_1_127' title='bbox 1735 1949 1855 2017; x_wconf 83' lang='lat' dir='ltr'>passos</span> <span class='ocrx_word' id='word_1_128' title='bbox 1884 1931 2044 2000; x_wconf 86' lang='lat' dir='ltr'>duocenti</span> <span class='ocrx_word' id='word_1_129' title='bbox 2067 1933 2363 2018; x_wconf 89' lang='lat' dir='ltr'>quadtuordecim.</span> <span class='ocrx_word' id='word_1_130' title='bbox 2398 1939 2456 2004; x_wconf 93' lang='lat' dir='ltr'>hec</span> 
     </span>
     <span class='ocr_line' id='line_1_10' title="bbox 602 2085 2456 2173; baseline 0.003 -21"><span class='ocrx_word' id='word_1_131' title='bbox 602 2106 685 2155; x_wconf 90' lang='lat' dir='ltr'>vero</span> <span class='ocrx_word' id='word_1_132' title='bbox 711 2086 843 2155; x_wconf 90' lang='lat' dir='ltr'>duobus</span> <span class='ocrx_word' id='word_1_133' title='bbox 866 2087 957 2172; x_wconf 87' lang='lat' dir='ltr'>petie</span> <span class='ocrx_word' id='word_1_134' title='bbox 981 2085 1023 2154; x_wconf 93' lang='lat' dir='ltr'>de</span> <span class='ocrx_word' id='word_1_135' title='bbox 1045 2087 1194 2154; x_wconf 83' lang='lat' dir='ltr'>terrast</span> <span class='ocrx_word' id='word_1_136' title='bbox 1220 2085 1444 2153; x_wconf 82' lang='lat' dir='ltr'>castanietum</span> <span class='ocrx_word' id='word_1_137' title='bbox 1469 2089 1504 2150; x_wconf 87' lang='lat' dir='ltr'>et</span> <span class='ocrx_word' id='word_1_138' title='bbox 1529 2085 1630 2162; x_wconf 88' lang='lat' dir='ltr'>silba,</span> <span class='ocrx_word' id='word_1_139' title='bbox 1656 2085 1807 2169; x_wconf 83' lang='lat' dir='ltr'>qualiter</span> <span class='ocrx_word' id='word_1_140' title='bbox 1829 2086 1990 2170; x_wconf 89' lang='lat' dir='ltr'>superius</span> <span class='ocrx_word' id='word_1_141' title='bbox 2013 2085 2094 2154; x_wconf 85' lang='lat' dir='ltr'>finis</span> <span class='ocrx_word' id='word_1_142' title='bbox 2109 2088 2144 2154; x_wconf 90' lang='lat' dir='ltr'>et</span> <span class='ocrx_word' id='word_1_143' title='bbox 2160 2089 2334 2158; x_wconf 89' lang='lat' dir='ltr'>mensurie</span> <span class='ocrx_word' id='word_1_144' title='bbox 2350 2091 2456 2173; x_wconf 89' lang='lat' dir='ltr'>posite</span> 
     </span>
     <span class='ocr_line' id='line_1_11' title="bbox 601 2209 2456 2326; baseline 0.001 -18"><span class='ocrx_word' id='word_1_145' title='bbox 601 2243 694 2319; x_wconf 88' lang='lat' dir='ltr'>sunt,</span> <span class='ocrx_word' id='word_1_146' title='bbox 713 2241 757 2308; x_wconf 93' lang='lat' dir='ltr'>ad</span> <span class='ocrx_word' id='word_1_147' title='bbox 774 2242 871 2308; x_wconf 87' lang='lat' dir='ltr'>iuxto</span> <span class='ocrx_word' id='word_1_148' title='bbox 887 2258 1025 2326; x_wconf 88' lang='lat' dir='ltr'>passum</span> <span class='ocrx_word' id='word_1_149' title='bbox 1042 2239 1176 2308; x_wconf 89' lang='lat' dir='ltr'>homini</span> <span class='ocrx_word' id='word_1_150' title='bbox 1193 2240 1425 2308; x_wconf 88' lang='lat' dir='ltr'>mensuratum</span> <span class='ocrx_word' id='word_1_151' title='bbox 1443 2209 1578 2306; x_wconf 83' lang='lat' dir='ltr'>inclita&#39;</span> <span class='ocrx_word' id='word_1_152' title='bbox 1590 2238 1810 2307; x_wconf 88' lang='lat' dir='ltr'>medietatem</span> <span class='ocrx_word' id='word_1_153' title='bbox 1836 2239 1961 2309; x_wconf 83' lang='lat' dir='ltr'>exinde</span> <span class='ocrx_word' id='word_1_154' title='bbox 1977 2239 2039 2306; x_wconf 91' lang='lat' dir='ltr'>tibi</span> <span class='ocrx_word' id='word_1_155' title='bbox 2061 2240 2216 2307; x_wconf 90' lang='lat' dir='ltr'>iamdicti</span> <span class='ocrx_word' id='word_1_156' title='bbox 2239 2241 2381 2308; x_wconf 85' lang='lat' dir='ltr'>landold</span> <span class='ocrx_word' id='word_1_157' title='bbox 2404 2262 2456 2310; x_wconf 79' lang='lat' dir='ltr'>ve</span> 
     </span>
     <span class='ocr_line' id='line_1_12' title="bbox 605 2353 2456 2481; baseline 0 -19"><span class='ocrx_word' id='word_1_158' title='bbox 605 2353 769 2464; x_wconf 87' lang='lat' dir='ltr'>numdedi</span> <span class='ocrx_word' id='word_1_159' title='bbox 792 2415 869 2462; x_wconf 91' lang='lat' dir='ltr'>cnm</span> <span class='ocrx_word' id='word_1_160' title='bbox 893 2395 1111 2464; x_wconf 89' lang='lat' dir='ltr'>medietatem</span> <span class='ocrx_word' id='word_1_161' title='bbox 1136 2394 1251 2460; x_wconf 91' lang='lat' dir='ltr'>omnia</span> <span class='ocrx_word' id='word_1_162' title='bbox 1277 2394 1371 2460; x_wconf 85' lang='lat' dir='ltr'>infra</span> <span class='ocrx_word' id='word_1_163' title='bbox 1392 2411 1428 2462; x_wconf 88' lang='lat' dir='ltr'>sc</span> <span class='ocrx_word' id='word_1_164' title='bbox 1453 2395 1658 2462; x_wconf 84' lang='lat' dir='ltr'>habentibus</span> <span class='ocrx_word' id='word_1_165' title='bbox 1681 2397 1816 2463; x_wconf 89' lang='lat' dir='ltr'>etcum</span> <span class='ocrx_word' id='word_1_166' title='bbox 1850 2394 1920 2464; x_wconf 90' lang='lat' dir='ltr'>suis</span> <span class='ocrx_word' id='word_1_167' title='bbox 1955 2395 2199 2481; x_wconf 85' lang='lat' dir='ltr'>pertinentiis3</span> <span class='ocrx_word' id='word_1_168' title='bbox 2228 2396 2399 2480; x_wconf 89' lang='lat' dir='ltr'>simulque</span> <span class='ocrx_word' id='word_1_169' title='bbox 2424 2401 2456 2462; x_wconf 90' lang='lat' dir='ltr'>et</span> 
     </span>
     <span class='ocr_line' id='line_1_13' title="bbox 603 2547 2453 2634; baseline -0.001 -18"><span class='ocrx_word' id='word_1_170' title='bbox 603 2549 807 2618; x_wconf 86' lang='lat' dir='ltr'>venumdedi</span> <span class='ocrx_word' id='word_1_171' title='bbox 820 2548 884 2614; x_wconf 87' lang='lat' dir='ltr'>tibi</span> <span class='ocrx_word' id='word_1_172' title='bbox 898 2568 920 2617; x_wconf 93' lang='lat' dir='ltr'>a</span> <span class='ocrx_word' id='word_1_173' title='bbox 935 2549 1019 2618; x_wconf 86' lang='lat' dir='ltr'>loris</span> <span class='ocrx_word' id='word_1_174' title='bbox 1035 2549 1099 2616; x_wconf 89' lang='lat' dir='ltr'>iste</span> <span class='ocrx_word' id='word_1_175' title='bbox 1116 2548 1195 2618; x_wconf 85' lang='lat' dir='ltr'>finis</span> <span class='ocrx_word' id='word_1_176' title='bbox 1206 2550 1241 2630; x_wconf 79' lang='lat' dir='ltr'>et</span> <span class='ocrx_word' id='word_1_177' title='bbox 1251 2548 1426 2616; x_wconf 89' lang='lat' dir='ltr'>mensurie</span> <span class='ocrx_word' id='word_1_178' title='bbox 1440 2548 1602 2615; x_wconf 89' lang='lat' dir='ltr'>similiter</span> <span class='ocrx_word' id='word_1_179' title='bbox 1615 2547 1737 2615; x_wconf 88' lang='lat' dir='ltr'>inolita</span> <span class='ocrx_word' id='word_1_180' title='bbox 1749 2547 1980 2626; x_wconf 88' lang='lat' dir='ltr'>medietatem,</span> <span class='ocrx_word' id='word_1_181' title='bbox 1997 2549 2162 2632; x_wconf 90' lang='lat' dir='ltr'>quantum</span> <span class='ocrx_word' id='word_1_182' title='bbox 2174 2550 2368 2632; x_wconf 90' lang='lat' dir='ltr'>quantoque</span> <span class='ocrx_word' id='word_1_183' title='bbox 2383 2549 2453 2634; x_wconf 89' lang='lat' dir='ltr'>ipse</span> 
     </span>
     <span class='ocr_line' id='line_1_14' title="bbox 603 2699 2456 2787; baseline -0.001 -17"><span class='ocrx_word' id='word_1_184' title='bbox 603 2703 745 2787; x_wconf 82' lang='lat' dir='ltr'>genitor</span> <span class='ocrx_word' id='word_1_185' title='bbox 767 2703 802 2770; x_wconf 90' lang='lat' dir='ltr'>et</span> <span class='ocrx_word' id='word_1_186' title='bbox 825 2701 1004 2786; x_wconf 83' lang='lat' dir='ltr'>genetrice</span> <span class='ocrx_word' id='word_1_187' title='bbox 1028 2720 1106 2769; x_wconf 92' lang='lat' dir='ltr'>mea</span> <span class='ocrx_word' id='word_1_188' title='bbox 1130 2703 1164 2768; x_wconf 91' lang='lat' dir='ltr'>et</span> <span class='ocrx_word' id='word_1_189' title='bbox 1187 2700 1403 2785; x_wconf 82' lang='lat' dir='ltr'>aghenardo,</span> <span class='ocrx_word' id='word_1_190' title='bbox 1429 2701 1488 2785; x_wconf 91' lang='lat' dir='ltr'>qui</span> <span class='ocrx_word' id='word_1_191' title='bbox 1512 2702 1577 2767; x_wconf 86' lang='lat' dir='ltr'>luit</span> <span class='ocrx_word' id='word_1_192' title='bbox 1600 2701 1673 2767; x_wconf 90' lang='lat' dir='ltr'>thio</span> <span class='ocrx_word' id='word_1_193' title='bbox 1697 2717 1805 2778; x_wconf 89' lang='lat' dir='ltr'>meus,</span> <span class='ocrx_word' id='word_1_194' title='bbox 1824 2703 1857 2766; x_wconf 88' lang='lat' dir='ltr'>et</span> <span class='ocrx_word' id='word_1_195' title='bbox 1873 2699 2109 2786; x_wconf 90' lang='lat' dir='ltr'>undecumque</span> <span class='ocrx_word' id='word_1_196' title='bbox 2124 2701 2319 2768; x_wconf 90' lang='lat' dir='ltr'>habuerunt</span> <span class='ocrx_word' id='word_1_197' title='bbox 2337 2702 2456 2769; x_wconf 87' lang='lat' dir='ltr'>abinde</span> 
     </span>
     <span class='ocr_line' id='line_1_15' title="bbox 599 2852 2457 2940; baseline 0 -19"><span class='ocrx_word' id='word_1_198' title='bbox 599 2857 639 2923; x_wconf 93' lang='lat' dir='ltr'>in</span> <span class='ocrx_word' id='word_1_199' title='bbox 653 2857 748 2924; x_wconf 84' lang='lat' dir='ltr'>foras</span> <span class='ocrx_word' id='word_1_200' title='bbox 765 2873 870 2940; x_wconf 90' lang='lat' dir='ltr'>usque</span> <span class='ocrx_word' id='word_1_201' title='bbox 887 2853 944 2920; x_wconf 89' lang='lat' dir='ltr'>bia</span> <span class='ocrx_word' id='word_1_202' title='bbox 967 2857 1176 2937; x_wconf 89' lang='lat' dir='ltr'>campanina</span> <span class='ocrx_word' id='word_1_203' title='bbox 1199 2855 1234 2918; x_wconf 93' lang='lat' dir='ltr'>et</span> <span class='ocrx_word' id='word_1_204' title='bbox 1261 2873 1366 2938; x_wconf 89' lang='lat' dir='ltr'>usque</span> <span class='ocrx_word' id='word_1_205' title='bbox 1385 2853 1463 2938; x_wconf 90' lang='lat' dir='ltr'>ipsa</span> <span class='ocrx_word' id='word_1_206' title='bbox 1485 2854 1543 2920; x_wconf 90' lang='lat' dir='ltr'>bia</span> <span class='ocrx_word' id='word_1_207' title='bbox 1571 2855 1628 2936; x_wconf 95' lang='lat' dir='ltr'>qui</span> <span class='ocrx_word' id='word_1_208' title='bbox 1652 2855 1769 2937; x_wconf 81' lang='lat' dir='ltr'>pergit</span> <span class='ocrx_word' id='word_1_209' title='bbox 1792 2852 1834 2920; x_wconf 90' lang='lat' dir='ltr'>ad</span> <span class='ocrx_word' id='word_1_210' title='bbox 1853 2853 1974 2930; x_wconf 81' lang='lat' dir='ltr'>iuluni,</span> <span class='ocrx_word' id='word_1_211' title='bbox 2000 2856 2036 2919; x_wconf 89' lang='lat' dir='ltr'>et</span> <span class='ocrx_word' id='word_1_212' title='bbox 2057 2852 2226 2938; x_wconf 91' lang='lat' dir='ltr'>quomodo</span> <span class='ocrx_word' id='word_1_213' title='bbox 2253 2852 2351 2920; x_wconf 91' lang='lat' dir='ltr'>vadit</span> <span class='ocrx_word' id='word_1_214' title='bbox 2373 2853 2457 2922; x_wconf 88' lang='lat' dir='ltr'>dire-</span> 
     </span>
     <span class='ocr_line' id='line_1_16' title="bbox 604 3003 2455 3091; baseline 0 -18"><span class='ocrx_word' id='word_1_215' title='bbox 604 3011 696 3075; x_wconf 91' lang='lat' dir='ltr'>ctum</span> <span class='ocrx_word' id='word_1_216' title='bbox 717 3059 940 3074; x_wconf 93' lang='grc'><strong><em>.......</em></strong></span> <span class='ocrx_word' id='word_1_217' title='bbox 967 3005 1084 3091; x_wconf 86' lang='lat' dir='ltr'>quiin</span> <span class='ocrx_word' id='word_1_218' title='bbox 1107 3003 1226 3074; x_wconf 88' lang='lat' dir='ltr'>eodem</span> <span class='ocrx_word' id='word_1_219' title='bbox 1250 3007 1326 3073; x_wconf 92' lang='lat' dir='ltr'>loco</span> <span class='ocrx_word' id='word_1_220' title='bbox 1344 3005 1488 3074; x_wconf 81' lang='lat' dir='ltr'>fundata</span> <span class='ocrx_word' id='word_1_221' title='bbox 1509 3009 1572 3084; x_wconf 89' lang='lat' dir='ltr'>est,</span> <span class='ocrx_word' id='word_1_222' title='bbox 1592 3023 1697 3090; x_wconf 89' lang='lat' dir='ltr'>usque</span> <span class='ocrx_word' id='word_1_223' title='bbox 1720 3004 1825 3071; x_wconf 87' lang='lat' dir='ltr'>dubio</span> <span class='ocrx_word' id='word_1_224' title='bbox 1847 3004 2041 3089; x_wconf 89' lang='lat' dir='ltr'>pecentino,</span> <span class='ocrx_word' id='word_1_225' title='bbox 2064 3007 2099 3072; x_wconf 90' lang='lat' dir='ltr'>et</span> <span class='ocrx_word' id='word_1_226' title='bbox 2113 3005 2200 3072; x_wconf 89' lang='lat' dir='ltr'>sicut</span> <span class='ocrx_word' id='word_1_227' title='bbox 2214 3005 2371 3073; x_wconf 85' lang='lat' dir='ltr'>decurrit</span> <span class='ocrx_word' id='word_1_228' title='bbox 2386 3007 2455 3090; x_wconf 86' lang='lat' dir='ltr'>ipso</span> 
     </span>
     <span class='ocr_line' id='line_1_17' title="bbox 603 3156 2457 3246; baseline -0.001 -20"><span class='ocrx_word' id='word_1_229' title='bbox 603 3162 716 3228; x_wconf 88' lang='lat' dir='ltr'>dubio.</span> <span class='ocrx_word' id='word_1_230' title='bbox 744 3160 819 3230; x_wconf 85' lang='lat' dir='ltr'>ideo</span> <span class='ocrx_word' id='word_1_231' title='bbox 835 3160 879 3228; x_wconf 90' lang='lat' dir='ltr'>de</span> <span class='ocrx_word' id='word_1_232' title='bbox 894 3161 978 3229; x_wconf 90' lang='lat' dir='ltr'>istut</span> <span class='ocrx_word' id='word_1_233' title='bbox 993 3163 1158 3246; x_wconf 88' lang='lat' dir='ltr'>quantum</span> <span class='ocrx_word' id='word_1_234' title='bbox 1174 3159 1242 3246; x_wconf 90' lang='lat' dir='ltr'>ipsi</span> <span class='ocrx_word' id='word_1_235' title='bbox 1259 3157 1422 3227; x_wconf 90' lang='lat' dir='ltr'>roderissi</span> <span class='ocrx_word' id='word_1_236' title='bbox 1444 3207 1596 3224; x_wconf 91' lang='grc'><strong>......</strong></span> <span class='ocrx_word' id='word_1_237' title='bbox 1616 3161 1650 3226; x_wconf 87' lang='lat' dir='ltr'>et</span> <span class='ocrx_word' id='word_1_238' title='bbox 1664 3174 1771 3224; x_wconf 90' lang='lat' dir='ltr'>uxore</span> <span class='ocrx_word' id='word_1_239' title='bbox 1799 3157 1937 3224; x_wconf 90' lang='lat' dir='ltr'>illorum</span> <span class='ocrx_word' id='word_1_240' title='bbox 1964 3156 2092 3225; x_wconf 90' lang='lat' dir='ltr'>ibidem</span> <span class='ocrx_word' id='word_1_241' title='bbox 2116 3159 2321 3237; x_wconf 89' lang='lat' dir='ltr'>habuerunt,</span> <span class='ocrx_word' id='word_1_242' title='bbox 2340 3157 2457 3225; x_wconf 90' lang='lat' dir='ltr'>inclita</span> 
     </span>
     <span class='ocr_line' id='line_1_18' title="bbox 603 3311 2459 3398; baseline -0.004 -14"><span class='ocrx_word' id='word_1_243' title='bbox 603 3317 823 3386; x_wconf 90' lang='lat' dir='ltr'>medietatem</span> <span class='ocrx_word' id='word_1_244' title='bbox 847 3317 928 3384; x_wconf 90' lang='lat' dir='ltr'>inde</span> <span class='ocrx_word' id='word_1_245' title='bbox 952 3317 1047 3383; x_wconf 89' lang='lat' dir='ltr'>vobis</span> <span class='ocrx_word' id='word_1_246' title='bbox 1070 3314 1303 3393; x_wconf 77' lang='lat' dir='ltr'>venumdedi,</span> <span class='ocrx_word' id='word_1_247' title='bbox 1329 3317 1365 3381; x_wconf 86' lang='lat' dir='ltr'>et</span> <span class='ocrx_word' id='word_1_248' title='bbox 1388 3313 1431 3381; x_wconf 88' lang='lat' dir='ltr'>de</span> <span class='ocrx_word' id='word_1_249' title='bbox 1454 3313 1532 3380; x_wconf 93' lang='lat' dir='ltr'>illut</span> <span class='ocrx_word' id='word_1_250' title='bbox 1556 3313 1650 3379; x_wconf 79' lang='lat' dir='ltr'>intro</span> <span class='ocrx_word' id='word_1_251' title='bbox 1673 3313 1748 3397; x_wconf 89' lang='lat' dir='ltr'>ipse</span> <span class='ocrx_word' id='word_1_252' title='bbox 1770 3311 1850 3378; x_wconf 88' lang='lat' dir='ltr'>finis</span> <span class='ocrx_word' id='word_1_253' title='bbox 1873 3314 1908 3378; x_wconf 92' lang='lat' dir='ltr'>et</span> <span class='ocrx_word' id='word_1_254' title='bbox 1929 3311 2103 3379; x_wconf 87' lang='lat' dir='ltr'>mensurie</span> <span class='ocrx_word' id='word_1_255' title='bbox 2134 3311 2177 3380; x_wconf 90' lang='lat' dir='ltr'>de</span> <span class='ocrx_word' id='word_1_256' title='bbox 2207 3315 2308 3378; x_wconf 89' lang='lat' dir='ltr'>ambo</span> <span class='ocrx_word' id='word_1_257' title='bbox 2343 3329 2459 3398; x_wconf 87' lang='lat' dir='ltr'>supra-</span> 
     </span>
     <span class='ocr_line' id='line_1_19' title="bbox 603 3461 2458 3555; baseline -0.003 -19"><span class='ocrx_word' id='word_1_258' title='bbox 603 3470 695 3538; x_wconf 87' lang='lat' dir='ltr'>dicte</span> <span class='ocrx_word' id='word_1_259' title='bbox 719 3469 821 3555; x_wconf 90' lang='lat' dir='ltr'>petie,</span> <span class='ocrx_word' id='word_1_260' title='bbox 846 3471 935 3538; x_wconf 90' lang='lat' dir='ltr'>sicut</span> <span class='ocrx_word' id='word_1_261' title='bbox 957 3468 1121 3547; x_wconf 86' lang='lat' dir='ltr'>diximus,</span> <span class='ocrx_word' id='word_1_262' title='bbox 1148 3467 1271 3535; x_wconf 91' lang='lat' dir='ltr'>inclita</span> <span class='ocrx_word' id='word_1_263' title='bbox 1294 3464 1514 3534; x_wconf 88' lang='lat' dir='ltr'>medictatem</span> <span class='ocrx_word' id='word_1_264' title='bbox 1538 3463 1600 3530; x_wconf 83' lang='lat' dir='ltr'>libi</span> <span class='ocrx_word' id='word_1_265' title='bbox 1624 3462 1780 3531; x_wconf 90' lang='lat' dir='ltr'>iamdicti</span> <span class='ocrx_word' id='word_1_266' title='bbox 1803 3461 1946 3530; x_wconf 89' lang='lat' dir='ltr'>landold</span> <span class='ocrx_word' id='word_1_267' title='bbox 1969 3461 2173 3530; x_wconf 81' lang='lat' dir='ltr'>venumdedi</span> <span class='ocrx_word' id='word_1_268' title='bbox 2197 3481 2276 3530; x_wconf 90' lang='lat' dir='ltr'>cum</span> <span class='ocrx_word' id='word_1_269' title='bbox 2298 3462 2458 3531; x_wconf 88' lang='lat' dir='ltr'>medieta-</span> 
     </span>
     <span class='ocr_line' id='line_1_20' title="bbox 605 3565 2459 3702; baseline -0.003 -13"><span class='ocrx_word' id='word_1_270' title='bbox 605 3627 675 3691; x_wconf 88' lang='lat' dir='ltr'>tem</span> <span class='ocrx_word' id='word_1_271' title='bbox 699 3622 818 3690; x_wconf 92' lang='lat' dir='ltr'>omnia</span> <span class='ocrx_word' id='word_1_272' title='bbox 843 3620 935 3687; x_wconf 92' lang='lat' dir='ltr'>intro</span> <span class='ocrx_word' id='word_1_273' title='bbox 958 3640 994 3689; x_wconf 91' lang='lat' dir='ltr'>se</span> <span class='ocrx_word' id='word_1_274' title='bbox 1015 3621 1222 3689; x_wconf 86' lang='lat' dir='ltr'>habentibus</span> <span class='ocrx_word' id='word_1_275' title='bbox 1245 3625 1279 3686; x_wconf 88' lang='lat' dir='ltr'>et</span> <span class='ocrx_word' id='word_1_276' title='bbox 1302 3618 1373 3686; x_wconf 88' lang='lat' dir='ltr'>suis</span> <span class='ocrx_word' id='word_1_277' title='bbox 1397 3616 1615 3702; x_wconf 87' lang='lat' dir='ltr'>pertinentiis</span> <span class='ocrx_word' id='word_1_278' title='bbox 1637 3617 1672 3682; x_wconf 90' lang='lat' dir='ltr'>ct</span> <span class='ocrx_word' id='word_1_279' title='bbox 1694 3634 1772 3682; x_wconf 90' lang='lat' dir='ltr'>cum</span> <span class='ocrx_word' id='word_1_280' title='bbox 1796 3565 1871 3682; x_wconf 83' lang='lat' dir='ltr'>vice</span> <span class='ocrx_word' id='word_1_281' title='bbox 1894 3613 1936 3682; x_wconf 89' lang='lat' dir='ltr'>de</span> <span class='ocrx_word' id='word_1_282' title='bbox 1961 3613 2026 3681; x_wconf 90' lang='lat' dir='ltr'>biis</span> <span class='ocrx_word' id='word_1_283' title='bbox 2048 3614 2132 3681; x_wconf 90' lang='lat' dir='ltr'>suis:</span> <span class='ocrx_word' id='word_1_284' title='bbox 2152 3613 2288 3699; x_wconf 90' lang='lat' dir='ltr'>reliqua</span> <span class='ocrx_word' id='word_1_285' title='bbox 2303 3615 2379 3700; x_wconf 89' lang='lat' dir='ltr'>ipsa</span> <span class='ocrx_word' id='word_1_286' title='bbox 2394 3615 2459 3684; x_wconf 90' lang='lat' dir='ltr'>alia</span> 
     </span>
     <span class='ocr_line' id='line_1_21' title="bbox 603 3766 2455 3862; baseline -0.005 -17.075"><span class='ocrx_word' id='word_1_287' title='bbox 603 3776 820 3848; x_wconf 87' lang='lat' dir='ltr'>medietatem</span> <span class='ocrx_word' id='word_1_288' title='bbox 854 3777 917 3844; x_wconf 90' lang='lat' dir='ltr'>tibi</span> <span class='ocrx_word' id='word_1_289' title='bbox 946 3779 999 3844; x_wconf 90' lang='lat' dir='ltr'>est</span> <span class='ocrx_word' id='word_1_290' title='bbox 1024 3775 1257 3862; x_wconf 89' lang='lat' dir='ltr'>pertinentem</span> <span class='ocrx_word' id='word_1_291' title='bbox 1284 3791 1345 3858; x_wconf 88' lang='lat' dir='ltr'>per</span> <span class='ocrx_word' id='word_1_292' title='bbox 1368 3771 1488 3839; x_wconf 90' lang='lat' dir='ltr'>datum</span> <span class='ocrx_word' id='word_1_293' title='bbox 1512 3770 1558 3838; x_wconf 89' lang='lat' dir='ltr'>da</span> <span class='ocrx_word' id='word_1_294' title='bbox 1580 3768 1725 3837; x_wconf 87' lang='lat' dir='ltr'>heredes</span> <span class='ocrx_word' id='word_1_295' title='bbox 1749 3768 1859 3853; x_wconf 88' lang='lat' dir='ltr'>ipsius</span> <span class='ocrx_word' id='word_1_296' title='bbox 1887 3766 2093 3852; x_wconf 81' lang='lat' dir='ltr'>aghenardi.</span> <span class='ocrx_word' id='word_1_297' title='bbox 2127 3767 2218 3835; x_wconf 89' lang='lat' dir='ltr'>unde</span> <span class='ocrx_word' id='word_1_298' title='bbox 2247 3767 2291 3836; x_wconf 91' lang='lat' dir='ltr'>de</span> <span class='ocrx_word' id='word_1_299' title='bbox 2320 3770 2455 3848; x_wconf 89' lang='lat' dir='ltr'>omnia,</span> 
     </span>
     <span class='ocr_line' id='line_1_22' title="bbox 604 3913 2457 4018; baseline -0.009 -17"><span class='ocrx_word' id='word_1_300' title='bbox 604 3935 773 4018; x_wconf 89' lang='lat' dir='ltr'>quantum</span> <span class='ocrx_word' id='word_1_301' title='bbox 797 3930 956 4016; x_wconf 88' lang='lat' dir='ltr'>superius</span> <span class='ocrx_word' id='word_1_302' title='bbox 977 3930 1043 3997; x_wconf 87' lang='lat' dir='ltr'>tibi</span> <span class='ocrx_word' id='word_1_303' title='bbox 1066 3926 1298 4005; x_wconf 89' lang='lat' dir='ltr'>venumdedi,</span> <span class='ocrx_word' id='word_1_304' title='bbox 1328 3913 1461 3994; x_wconf 85' lang='lat' dir='ltr'>nullam</span> <span class='ocrx_word' id='word_1_305' title='bbox 1484 3923 1571 3990; x_wconf 92' lang='lat' dir='ltr'>mihi</span> <span class='ocrx_word' id='word_1_306' title='bbox 1594 3925 1653 3988; x_wconf 87' lang='lat' dir='ltr'>aut</span> <span class='ocrx_word' id='word_1_307' title='bbox 1676 3923 1778 3988; x_wconf 88' lang='lat' dir='ltr'>uxori</span> <span class='ocrx_word' id='word_1_308' title='bbox 1802 3941 1875 3990; x_wconf 89' lang='lat' dir='ltr'>mee</span> <span class='ocrx_word' id='word_1_309' title='bbox 1899 3923 1953 3987; x_wconf 92' lang='lat' dir='ltr'>vel</span> <span class='ocrx_word' id='word_1_310' title='bbox 1976 3919 2101 4004; x_wconf 91' lang='lat' dir='ltr'>cuiqua</span> <span class='ocrx_word' id='word_1_311' title='bbox 2123 3918 2321 3987; x_wconf 91' lang='lat' dir='ltr'>hominibus</span> <span class='ocrx_word' id='word_1_312' title='bbox 2343 3923 2403 3986; x_wconf 90' lang='lat' dir='ltr'>aut</span> <span class='ocrx_word' id='word_1_313' title='bbox 2426 3920 2457 3984; x_wconf 90' lang='lat' dir='ltr'>in</span> 
     </span>
     <span class='ocr_line' id='line_1_23' title="bbox 602 4027 2456 4180; baseline -0.009 -27"><span class='ocrx_word' id='word_1_314' title='bbox 602 4086 724 4170; x_wconf 89' lang='lat' dir='ltr'>quabis</span> <span class='ocrx_word' id='word_1_315' title='bbox 747 4085 901 4170; x_wconf 88' lang='lat' dir='ltr'>partibus</span> <span class='ocrx_word' id='word_1_316' title='bbox 924 4081 1050 4150; x_wconf 85' lang='lat' dir='ltr'>exinde</span> <span class='ocrx_word' id='word_1_317' title='bbox 1074 4080 1203 4149; x_wconf 87' lang='lat' dir='ltr'>restitit</span> <span class='ocrx_word' id='word_1_318' title='bbox 1227 4082 1287 4146; x_wconf 88' lang='lat' dir='ltr'>aut</span> <span class='ocrx_word' id='word_1_319' title='bbox 1311 4027 1459 4180; x_wconf 84' lang='lat' dir='ltr'>dicimus</span> <span class='ocrx_word' id='word_1_320' title='bbox 1483 4091 1665 4144; x_wconf 90' lang='lat' dir='ltr'>remanere</span> <span class='ocrx_word' id='word_1_321' title='bbox 1688 4073 1899 4150; x_wconf 88' lang='lat' dir='ltr'>sortionem,</span> <span class='ocrx_word' id='word_1_322' title='bbox 1927 4071 2013 4150; x_wconf 90' lang='lat' dir='ltr'>sed,</span> <span class='ocrx_word' id='word_1_323' title='bbox 2039 4070 2126 4138; x_wconf 89' lang='lat' dir='ltr'>sicut</span> <span class='ocrx_word' id='word_1_324' title='bbox 2148 4070 2308 4155; x_wconf 90' lang='lat' dir='ltr'>superius</span> <span class='ocrx_word' id='word_1_325' title='bbox 2331 4070 2456 4138; x_wconf 91' lang='lat' dir='ltr'>dictum</span> 
     </span>
     <span class='ocr_line' id='line_1_24' title="bbox 601 4177 2457 4316; baseline -0.009 -8"><span class='ocrx_word' id='word_1_326' title='bbox 601 4241 676 4316; x_wconf 88' lang='lat' dir='ltr'>est,</span> <span class='ocrx_word' id='word_1_327' title='bbox 703 4235 857 4306; x_wconf 85' lang='lat' dir='ltr'>funditus</span> <span class='ocrx_word' id='word_1_328' title='bbox 881 4237 958 4304; x_wconf 88' lang='lat' dir='ltr'>illut</span> <span class='ocrx_word' id='word_1_329' title='bbox 981 4235 1043 4302; x_wconf 87' lang='lat' dir='ltr'>tibi</span> <span class='ocrx_word' id='word_1_330' title='bbox 1068 4231 1274 4301; x_wconf 89' lang='lat' dir='ltr'>venumdedi</span> <span class='ocrx_word' id='word_1_331' title='bbox 1300 4230 1343 4298; x_wconf 90' lang='lat' dir='ltr'>ad</span> <span class='ocrx_word' id='word_1_332' title='bbox 1366 4229 1534 4298; x_wconf 86' lang='lat' dir='ltr'>securiter</span> <span class='ocrx_word' id='word_1_333' title='bbox 1559 4245 1600 4294; x_wconf 86' lang='lat' dir='ltr'>ac</span> <span class='ocrx_word' id='word_1_334' title='bbox 1623 4228 1771 4294; x_wconf 82' lang='lat' dir='ltr'>firmiter</span> <span class='ocrx_word' id='word_1_335' title='bbox 1796 4225 1919 4292; x_wconf 91' lang='lat' dir='ltr'>amodo</span> <span class='ocrx_word' id='word_1_336' title='bbox 1943 4229 1978 4291; x_wconf 87' lang='lat' dir='ltr'>et</span> <span class='ocrx_word' id='word_1_337' title='bbox 2000 4243 2136 4310; x_wconf 88' lang='lat' dir='ltr'>semper</span> <span class='ocrx_word' id='word_1_338' title='bbox 2162 4227 2199 4292; x_wconf 91' lang='lat' dir='ltr'>tu</span> <span class='ocrx_word' id='word_1_339' title='bbox 2222 4226 2340 4309; x_wconf 91' lang='lat' dir='ltr'>tuique</span> <span class='ocrx_word' id='word_1_340' title='bbox 2364 4177 2457 4293; x_wconf 81' lang='lat' dir='ltr'>here-</span> 
     </span>
     <span class='ocr_line' id='line_1_25' title="bbox 602 4369 2459 4476; baseline -0.01 -16"><span class='ocrx_word' id='word_1_341' title='bbox 602 4394 703 4460; x_wconf 89' lang='lat' dir='ltr'>dibus</span> <span class='ocrx_word' id='word_1_342' title='bbox 726 4394 803 4460; x_wconf 94' lang='lat' dir='ltr'>illut</span> <span class='ocrx_word' id='word_1_343' title='bbox 826 4391 1036 4464; x_wconf 87' lang='lat' dir='ltr'>habendum,</span> <span class='ocrx_word' id='word_1_344' title='bbox 1052 4387 1309 4476; x_wconf 88' lang='lat' dir='ltr'>possidendum,</span> <span class='ocrx_word' id='word_1_345' title='bbox 1328 4383 1586 4461; x_wconf 90' lang='lat' dir='ltr'>dominandum,</span> <span class='ocrx_word' id='word_1_346' title='bbox 1613 4382 1732 4450; x_wconf 90' lang='lat' dir='ltr'>omnia</span> <span class='ocrx_word' id='word_1_347' title='bbox 1745 4369 1872 4450; x_wconf 83' lang='lat' dir='ltr'>exinde</span> <span class='ocrx_word' id='word_1_348' title='bbox 1887 4379 2092 4458; x_wconf 85' lang='lat' dir='ltr'>faciendum,</span> <span class='ocrx_word' id='word_1_349' title='bbox 2113 4379 2261 4464; x_wconf 87' lang='lat' dir='ltr'>qualiter</span> <span class='ocrx_word' id='word_1_350' title='bbox 2276 4379 2374 4446; x_wconf 89' lang='lat' dir='ltr'>vobis</span> <span class='ocrx_word' id='word_1_351' title='bbox 2391 4379 2459 4462; x_wconf 89' lang='lat' dir='ltr'>pla-</span> 
     </span>
     <span class='ocr_line' id='line_1_26' title="bbox 606 4511 2459 4628; baseline -0.01 -16"><span class='ocrx_word' id='word_1_352' title='bbox 606 4511 718 4614; x_wconf 76' lang='lat' dir='ltr'>cuerit</span> <span class='ocrx_word' id='word_1_353' title='bbox 742 4547 854 4628; x_wconf 87' lang='lat' dir='ltr'>abque</span> <span class='ocrx_word' id='word_1_354' title='bbox 877 4543 970 4610; x_wconf 91' lang='lat' dir='ltr'>omni</span> <span class='ocrx_word' id='word_1_355' title='bbox 988 4541 1237 4609; x_wconf 87' lang='lat' dir='ltr'>contrarietate</span> <span class='ocrx_word' id='word_1_356' title='bbox 1259 4540 1315 4606; x_wconf 93' lang='lat' dir='ltr'>vel</span> <span class='ocrx_word' id='word_1_357' title='bbox 1338 4537 1563 4624; x_wconf 89' lang='lat' dir='ltr'>requisitione</span> <span class='ocrx_word' id='word_1_358' title='bbox 1586 4553 1665 4604; x_wconf 89' lang='lat' dir='ltr'>mea</span> <span class='ocrx_word' id='word_1_359' title='bbox 1687 4535 1745 4620; x_wconf 93' lang='lat' dir='ltr'>qui</span> <span class='ocrx_word' id='word_1_360' title='bbox 1769 4553 1874 4620; x_wconf 88' lang='lat' dir='ltr'>supra</span> <span class='ocrx_word' id='word_1_361' title='bbox 1896 4531 2039 4601; x_wconf 80' lang='lat' dir='ltr'>adelferi</span> <span class='ocrx_word' id='word_1_362' title='bbox 2062 4533 2097 4598; x_wconf 91' lang='lat' dir='ltr'>et</span> <span class='ocrx_word' id='word_1_363' title='bbox 2111 4529 2154 4598; x_wconf 93' lang='lat' dir='ltr'>de</span> <span class='ocrx_word' id='word_1_364' title='bbox 2169 4531 2255 4598; x_wconf 89' lang='lat' dir='ltr'>meis</span> <span class='ocrx_word' id='word_1_365' title='bbox 2280 4529 2459 4598; x_wconf 89' lang='lat' dir='ltr'>heredibus</span> 
     </span>
     <span class='ocr_line' id='line_1_27' title="bbox 605 4680 2458 4780; baseline -0.01 -18"><span class='ocrx_word' id='word_1_366' title='bbox 605 4697 666 4763; x_wconf 89' lang='lat' dir='ltr'>aut</span> <span class='ocrx_word' id='word_1_367' title='bbox 688 4697 814 4780; x_wconf 91' lang='lat' dir='ltr'>cuiqua</span> <span class='ocrx_word' id='word_1_368' title='bbox 837 4693 1046 4761; x_wconf 89' lang='lat' dir='ltr'>hominibus.</span> <span class='ocrx_word' id='word_1_369' title='bbox 1073 4696 1108 4760; x_wconf 85' lang='lat' dir='ltr'>et</span> <span class='ocrx_word' id='word_1_370' title='bbox 1131 4710 1195 4776; x_wconf 91' lang='lat' dir='ltr'>pro</span> <span class='ocrx_word' id='word_1_371' title='bbox 1218 4687 1488 4758; x_wconf 87' lang='lat' dir='ltr'>confirmandam</span> <span class='ocrx_word' id='word_1_372' title='bbox 1511 4691 1545 4756; x_wconf 89' lang='lat' dir='ltr'>et</span> <span class='ocrx_word' id='word_1_373' title='bbox 1568 4685 1845 4755; x_wconf 87' lang='lat' dir='ltr'>staviliscendam</span> <span class='ocrx_word' id='word_1_374' title='bbox 1869 4686 1959 4752; x_wconf 90' lang='lat' dir='ltr'>hanc</span> <span class='ocrx_word' id='word_1_375' title='bbox 1980 4685 2101 4751; x_wconf 88' lang='lat' dir='ltr'>nostra</span> <span class='ocrx_word' id='word_1_376' title='bbox 2117 4680 2342 4758; x_wconf 88' lang='lat' dir='ltr'>vindictione,</span> <span class='ocrx_word' id='word_1_377' title='bbox 2369 4695 2458 4746; x_wconf 90' lang='lat' dir='ltr'>nunc</span> 
     </span>
     <span class='ocr_line' id='line_1_28' title="bbox 605 4831 2458 4950; baseline -0.011 -32"><span class='ocrx_word' id='word_1_378' title='bbox 605 4870 627 4918; x_wconf 94' lang='lat' dir='ltr'>a</span> <span class='ocrx_word' id='word_1_379' title='bbox 651 4849 823 4950; x_wconf 82' lang='lat' dir='ltr'>presentis</span> <span class='ocrx_word' id='word_1_380' title='bbox 847 4847 963 4931; x_wconf 88' lang='lat' dir='ltr'>recepi</span> <span class='ocrx_word' id='word_1_381' title='bbox 986 4863 1009 4912; x_wconf 95' lang='lat' dir='ltr'>a</span> <span class='ocrx_word' id='word_1_382' title='bbox 1033 4863 1092 4912; x_wconf 90' lang='lat' dir='ltr'>vos</span> <span class='ocrx_word' id='word_1_383' title='bbox 1115 4843 1242 4912; x_wconf 88' lang='lat' dir='ltr'>exinde</span> <span class='ocrx_word' id='word_1_384' title='bbox 1265 4844 1432 4912; x_wconf 88' lang='lat' dir='ltr'>statutum</span> <span class='ocrx_word' id='word_1_385' title='bbox 1457 4841 1636 4926; x_wconf 89' lang='lat' dir='ltr'>pretium,</span> <span class='ocrx_word' id='word_1_386' title='bbox 1663 4840 1674 4904; x_wconf 92' lang='lat' dir='ltr'>i</span> <span class='ocrx_word' id='word_1_387' title='bbox 1699 4841 1779 4906; x_wconf 88' lang='lat' dir='ltr'>sunt</span> <span class='ocrx_word' id='word_1_388' title='bbox 1803 4837 1878 4904; x_wconf 86' lang='lat' dir='ltr'>auri</span> <span class='ocrx_word' id='word_1_389' title='bbox 1903 4835 1973 4903; x_wconf 89' lang='lat' dir='ltr'>tari</span> <span class='ocrx_word' id='word_1_390' title='bbox 1995 4835 2076 4901; x_wconf 93' lang='lat' dir='ltr'>voni</span> <span class='ocrx_word' id='word_1_391' title='bbox 2099 4851 2280 4902; x_wconf 87' lang='lat' dir='ltr'>numerum</span> <span class='ocrx_word' id='word_1_392' title='bbox 2310 4831 2458 4918; x_wconf 78' lang='lat' dir='ltr'>guadre-</span> 
     </span>
     <span class='ocr_line' id='line_1_29' title="bbox 604 4987 2457 5091; baseline -0.01 -19"><span class='ocrx_word' id='word_1_393' title='bbox 604 5006 704 5091; x_wconf 87' lang='lat' dir='ltr'>ginta</span> <span class='ocrx_word' id='word_1_394' title='bbox 728 5005 815 5080; x_wconf 86' lang='lat' dir='ltr'>octe,</span> <span class='ocrx_word' id='word_1_395' title='bbox 842 5000 932 5070; x_wconf 85' lang='lat' dir='ltr'>sicut</span> <span class='ocrx_word' id='word_1_396' title='bbox 955 4999 1131 5066; x_wconf 88' lang='lat' dir='ltr'>internos</span> <span class='ocrx_word' id='word_1_397' title='bbox 1155 4995 1326 5065; x_wconf 87' lang='lat' dir='ltr'>comvenit</span> <span class='ocrx_word' id='word_1_398' title='bbox 1349 4998 1385 5062; x_wconf 92' lang='lat' dir='ltr'>in</span> <span class='ocrx_word' id='word_1_399' title='bbox 1409 4997 1522 5062; x_wconf 90' lang='lat' dir='ltr'>omnis</span> <span class='ocrx_word' id='word_1_400' title='bbox 1544 4991 1805 5061; x_wconf 88' lang='lat' dir='ltr'>deliberatione.</span> <span class='ocrx_word' id='word_1_401' title='bbox 1831 4989 1997 5073; x_wconf 85' lang='lat' dir='ltr'>finitoque</span> <span class='ocrx_word' id='word_1_402' title='bbox 2020 4999 2102 5056; x_wconf 80' lang='lat' dir='ltr'>vero</span> <span class='ocrx_word' id='word_1_403' title='bbox 2124 4987 2276 5072; x_wconf 90' lang='lat' dir='ltr'>pretium</span> <span class='ocrx_word' id='word_1_404' title='bbox 2300 4990 2386 5072; x_wconf 89' lang='lat' dir='ltr'>aput</span> <span class='ocrx_word' id='word_1_405' title='bbox 2400 5003 2457 5053; x_wconf 92' lang='lat' dir='ltr'>nos</span> 
     </span>
     <span class='ocr_line' id='line_1_30' title="bbox 605 5136 2458 5241; baseline -0.013 -15"><span class='ocrx_word' id='word_1_406' title='bbox 605 5177 649 5226; x_wconf 90' lang='lat' dir='ltr'>ea</span> <span class='ocrx_word' id='word_1_407' title='bbox 665 5157 813 5233; x_wconf 89' lang='lat' dir='ltr'>ratione,</span> <span class='ocrx_word' id='word_1_408' title='bbox 833 5175 895 5241; x_wconf 88' lang='lat' dir='ltr'>per</span> <span class='ocrx_word' id='word_1_409' title='bbox 918 5172 1010 5222; x_wconf 91' lang='lat' dir='ltr'>vona</span> <span class='ocrx_word' id='word_1_410' title='bbox 1033 5149 1287 5220; x_wconf 86' lang='lat' dir='ltr'>combenientia</span> <span class='ocrx_word' id='word_1_411' title='bbox 1310 5147 1440 5235; x_wconf 83' lang='lat' dir='ltr'>guadia</span> <span class='ocrx_word' id='word_1_412' title='bbox 1462 5147 1525 5214; x_wconf 89' lang='lat' dir='ltr'>tibi</span> <span class='ocrx_word' id='word_1_413' title='bbox 1548 5143 1702 5214; x_wconf 91' lang='lat' dir='ltr'>iamdicti</span> <span class='ocrx_word' id='word_1_414' title='bbox 1721 5143 1861 5215; x_wconf 83' lang='lat' dir='ltr'>landold</span> <span class='ocrx_word' id='word_1_415' title='bbox 1876 5141 1954 5211; x_wconf 90' lang='lat' dir='ltr'>dedi</span> <span class='ocrx_word' id='word_1_416' title='bbox 1969 5142 2004 5209; x_wconf 87' lang='lat' dir='ltr'>et</span> <span class='ocrx_word' id='word_1_417' title='bbox 2019 5139 2200 5224; x_wconf 90' lang='lat' dir='ltr'>meipsum</span> <span class='ocrx_word' id='word_1_418' title='bbox 2217 5138 2280 5204; x_wconf 86' lang='lat' dir='ltr'>tibi</span> <span class='ocrx_word' id='word_1_419' title='bbox 2298 5136 2458 5204; x_wconf 84' lang='lat' dir='ltr'>mediato</span> 
     </span>
     <span class='ocr_line' id='line_1_31' title="bbox 605 5287 2457 5399; baseline -0.012 -23"><span class='ocrx_word' id='word_1_420' title='bbox 605 5328 680 5378; x_wconf 90' lang='lat' dir='ltr'>rem</span> <span class='ocrx_word' id='word_1_421' title='bbox 693 5309 806 5396; x_wconf 82' lang='lat' dir='ltr'>posui3</span> <span class='ocrx_word' id='word_1_422' title='bbox 819 5309 854 5376; x_wconf 90' lang='lat' dir='ltr'>et</span> <span class='ocrx_word' id='word_1_423' title='bbox 869 5325 933 5392; x_wconf 91' lang='lat' dir='ltr'>per</span> <span class='ocrx_word' id='word_1_424' title='bbox 946 5305 1065 5375; x_wconf 87' lang='lat' dir='ltr'>eadem</span> <span class='ocrx_word' id='word_1_425' title='bbox 1083 5303 1215 5390; x_wconf 80' lang='lat' dir='ltr'>guadio</span> <span class='ocrx_word' id='word_1_426' title='bbox 1230 5302 1346 5387; x_wconf 85' lang='lat' dir='ltr'>obligo</span> <span class='ocrx_word' id='word_1_427' title='bbox 1363 5318 1418 5367; x_wconf 92' lang='lat' dir='ltr'>me</span> <span class='ocrx_word' id='word_1_428' title='bbox 1430 5299 1565 5383; x_wconf 87' lang='lat' dir='ltr'>meique</span> <span class='ocrx_word' id='word_1_429' title='bbox 1579 5295 1662 5364; x_wconf 87' lang='lat' dir='ltr'>filiis</span> <span class='ocrx_word' id='word_1_430' title='bbox 1678 5300 1713 5364; x_wconf 87' lang='lat' dir='ltr'>et</span> <span class='ocrx_word' id='word_1_431' title='bbox 1729 5295 1872 5363; x_wconf 86' lang='lat' dir='ltr'>heredes</span> <span class='ocrx_word' id='word_1_432' title='bbox 1886 5291 2008 5399; x_wconf 89' lang='lat' dir='ltr'>amodo</span> <span class='ocrx_word' id='word_1_433' title='bbox 2023 5293 2057 5358; x_wconf 86' lang='lat' dir='ltr'>et</span> <span class='ocrx_word' id='word_1_434' title='bbox 2073 5307 2209 5375; x_wconf 91' lang='lat' dir='ltr'>semper</span> <span class='ocrx_word' id='word_1_435' title='bbox 2225 5287 2457 5357; x_wconf 84' lang='lat' dir='ltr'>antistandum</span> 
     </span>
     <span class='ocr_line' id='line_1_32' title="bbox 606 5431 2458 5540; baseline -0.012 -14"><span class='ocrx_word' id='word_1_436' title='bbox 606 5463 641 5526; x_wconf 87' lang='lat' dir='ltr'>et</span> <span class='ocrx_word' id='word_1_437' title='bbox 664 5431 914 5528; x_wconf 83' lang='lat' dir='ltr'>defensandum</span> <span class='ocrx_word' id='word_1_438' title='bbox 937 5457 1001 5523; x_wconf 91' lang='lat' dir='ltr'>tibi</span> <span class='ocrx_word' id='word_1_439' title='bbox 1024 5455 1144 5540; x_wconf 89' lang='lat' dir='ltr'>tuique</span> <span class='ocrx_word' id='word_1_440' title='bbox 1167 5451 1349 5522; x_wconf 85' lang='lat' dir='ltr'>heredibus</span> <span class='ocrx_word' id='word_1_441' title='bbox 1372 5447 1530 5536; x_wconf 89' lang='lat' dir='ltr'>predicta</span> <span class='ocrx_word' id='word_1_442' title='bbox 1553 5451 1672 5514; x_wconf 91' lang='lat' dir='ltr'>nostra</span> <span class='ocrx_word' id='word_1_443' title='bbox 1695 5443 1905 5513; x_wconf 91' lang='lat' dir='ltr'>vindictione</span> <span class='ocrx_word' id='word_1_444' title='bbox 1928 5461 2006 5510; x_wconf 91' lang='lat' dir='ltr'>cum</span> <span class='ocrx_word' id='word_1_445' title='bbox 2029 5441 2102 5510; x_wconf 91' lang='lat' dir='ltr'>vioe</span> <span class='ocrx_word' id='word_1_446' title='bbox 2116 5440 2158 5508; x_wconf 89' lang='lat' dir='ltr'>de</span> <span class='ocrx_word' id='word_1_447' title='bbox 2174 5441 2240 5508; x_wconf 87' lang='lat' dir='ltr'>biis</span> <span class='ocrx_word' id='word_1_448' title='bbox 2255 5442 2328 5508; x_wconf 88' lang='lat' dir='ltr'>suis</span> <span class='ocrx_word' id='word_1_449' title='bbox 2342 5444 2376 5508; x_wconf 91' lang='lat' dir='ltr'>et</span> <span class='ocrx_word' id='word_1_450' title='bbox 2390 5437 2458 5507; x_wconf 90' lang='lat' dir='ltr'>suis</span> 
     </span>
     <span class='ocr_line' id='line_1_33' title="bbox 604 5591 2458 5714; baseline -0.011 -37"><span class='ocrx_word' id='word_1_451' title='bbox 604 5609 823 5714; x_wconf 78' lang='lat' dir='ltr'>pertinentiis</span> <span class='ocrx_word' id='word_1_452' title='bbox 846 5608 893 5677; x_wconf 90' lang='lat' dir='ltr'>da</span> <span class='ocrx_word' id='word_1_453' title='bbox 915 5608 1028 5676; x_wconf 90' lang='lat' dir='ltr'>omnis</span> <span class='ocrx_word' id='word_1_454' title='bbox 1053 5607 1210 5677; x_wconf 89' lang='lat' dir='ltr'>homines</span> <span class='ocrx_word' id='word_1_455' title='bbox 1233 5603 1395 5690; x_wconf 89' lang='lat' dir='ltr'>omnique</span> <span class='ocrx_word' id='word_1_456' title='bbox 1418 5599 1586 5686; x_wconf 85' lang='lat' dir='ltr'>partibus.</span> <span class='ocrx_word' id='word_1_457' title='bbox 1613 5599 1642 5666; x_wconf 88' lang='lat' dir='ltr'>si</span> <span class='ocrx_word' id='word_1_458' title='bbox 1667 5600 1794 5674; x_wconf 89' lang='lat' dir='ltr'>autem,</span> <span class='ocrx_word' id='word_1_459' title='bbox 1821 5595 1911 5664; x_wconf 87' lang='lat' dir='ltr'>sicut</span> <span class='ocrx_word' id='word_1_460' title='bbox 1933 5593 2062 5661; x_wconf 89' lang='lat' dir='ltr'>dictum</span> <span class='ocrx_word' id='word_1_461' title='bbox 2086 5595 2151 5670; x_wconf 88' lang='lat' dir='ltr'>est,</span> <span class='ocrx_word' id='word_1_462' title='bbox 2170 5593 2288 5660; x_wconf 87' lang='lat' dir='ltr'>taliter</span> <span class='ocrx_word' id='word_1_463' title='bbox 2312 5591 2390 5659; x_wconf 88' lang='lat' dir='ltr'>illut</span> <span class='ocrx_word' id='word_1_464' title='bbox 2404 5607 2458 5656; x_wconf 85' lang='lat' dir='ltr'>vo</span> 
     </span>
    </p>
   </div>
   <div class='ocr_carea' id='block_1_3' title="bbox 603 5738 2457 5836">
    <p class='ocr_par' dir='ltr' id='par_1_3' title="bbox 603 5738 2457 5836">
     <span class='ocr_line' id='line_1_34' title="bbox 603 5738 2457 5836; baseline -0.012 -7"><span class='ocrx_word' id='word_1_465' title='bbox 603 5763 656 5829; x_wconf 91' lang='lat' dir='ltr'>bis</span> <span class='ocrx_word' id='word_1_466' title='bbox 680 5765 714 5828; x_wconf 89' lang='lat' dir='ltr'>et</span> <span class='ocrx_word' id='word_1_467' title='bbox 737 5757 779 5828; x_wconf 86' lang='lat' dir='ltr'>ad</span> <span class='ocrx_word' id='word_1_468' title='bbox 804 5759 927 5836; x_wconf 86' lang='lat' dir='ltr'>vestris</span> <span class='ocrx_word' id='word_1_469' title='bbox 949 5759 1135 5830; x_wconf 88' lang='lat' dir='ltr'>heredibus</span> <span class='ocrx_word' id='word_1_470' title='bbox 1157 5775 1227 5826; x_wconf 90' lang='lat' dir='ltr'>non</span> <span class='ocrx_word' id='word_1_471' title='bbox 1250 5753 1554 5830; x_wconf 82' lang='lat' dir='ltr'>defensaverimus,</span> <span class='ocrx_word' id='word_1_472' title='bbox 1573 5753 1633 5818; x_wconf 87' lang='lat' dir='ltr'>aut</span> <span class='ocrx_word' id='word_1_473' title='bbox 1657 5750 1685 5816; x_wconf 89' lang='lat' dir='ltr'>si</span> <span class='ocrx_word' id='word_1_474' title='bbox 1702 5767 1764 5818; x_wconf 88' lang='lat' dir='ltr'>nos</span> <span class='ocrx_word' id='word_1_475' title='bbox 1781 5747 1975 5832; x_wconf 87' lang='lat' dir='ltr'>nostrisque</span> <span class='ocrx_word' id='word_1_476' title='bbox 1988 5744 2073 5812; x_wconf 83' lang='lat' dir='ltr'>filiis</span> <span class='ocrx_word' id='word_1_477' title='bbox 2088 5744 2122 5812; x_wconf 89' lang='lat' dir='ltr'>et</span> <span class='ocrx_word' id='word_1_478' title='bbox 2137 5741 2282 5811; x_wconf 88' lang='lat' dir='ltr'>heredes</span> <span class='ocrx_word' id='word_1_479' title='bbox 2296 5741 2392 5810; x_wconf 88' lang='lat' dir='ltr'>vobis</span> <span class='ocrx_word' id='word_1_480' title='bbox 2407 5738 2457 5805; x_wconf 88' lang='lat' dir='ltr'>vel</span> 
     </span>
    </p>
   </div>
   <div class='ocr_carea' id='block_1_4' title="bbox 602 5895 2457 5984">
    <p class='ocr_par' dir='ltr' id='par_1_4' title="bbox 602 5895 2457 5984">
     <span class='ocr_line' id='line_1_35' title="bbox 602 5895 2457 5984; baseline -0.011 -4"><span class='ocrx_word' id='word_1_481' title='bbox 602 5915 645 5980; x_wconf 89' lang='lat' dir='ltr'>ad</span> <span class='ocrx_word' id='word_1_482' title='bbox 670 5915 794 5984; x_wconf 87' lang='lat' dir='ltr'>vestris</span> <span class='ocrx_word' id='word_1_483' title='bbox 818 5912 1004 5980; x_wconf 88' lang='lat' dir='ltr'>heredibus</span> <span class='ocrx_word' id='word_1_484' title='bbox 1028 5929 1086 5980; x_wconf 89' lang='lat' dir='ltr'>eos</span> <span class='ocrx_word' id='word_1_485' title='bbox 1110 5914 1231 5979; x_wconf 90' lang='lat' dir='ltr'>tollere</span> <span class='ocrx_word' id='word_1_486' title='bbox 1256 5914 1316 5980; x_wconf 87' lang='lat' dir='ltr'>aut</span> <span class='ocrx_word' id='word_1_487' title='bbox 1333 5911 1493 5976; x_wconf 87' lang='lat' dir='ltr'>contrare</span> <span class='ocrx_word' id='word_1_488' title='bbox 1509 5925 1568 5974; x_wconf 90' lang='lat' dir='ltr'>scu</span> <span class='ocrx_word' id='word_1_489' title='bbox 1586 5920 1762 5972; x_wconf 87' lang='lat' dir='ltr'>removere</span> <span class='ocrx_word' id='word_1_490' title='bbox 1785 5899 2025 5984; x_wconf 88' lang='lat' dir='ltr'>quesierimus,</span> <span class='ocrx_word' id='word_1_491' title='bbox 2046 5899 2107 5964; x_wconf 91' lang='lat' dir='ltr'>aut</span> <span class='ocrx_word' id='word_1_492' title='bbox 2129 5895 2157 5962; x_wconf 85' lang='lat' dir='ltr'>si</span> <span class='ocrx_word' id='word_1_493' title='bbox 2175 5910 2390 5981; x_wconf 89' lang='lat' dir='ltr'>quacumque</span> <span class='ocrx_word' id='word_1_494' title='bbox 2405 5907 2457 5957; x_wconf 87' lang='lat' dir='ltr'>ca·</span> 
     </span>
    </p>
   </div>
   <div class='ocr_carea' id='block_1_5' title="bbox 0 0 2694 7096">
    <p class='ocr_par' dir='ltr' id='par_1_5' title="bbox 0 0 2694 7096">
     <span class='ocr_line' id='line_1_36' title="bbox 0 0 2694 7096; baseline 0 0"><span class='ocrx_word' id='word_1_495' title='bbox 0 0 2694 7096; x_wconf 95' lang='lat' dir='ltr'> </span> 
     </span>
    </p>
   </div>
  </div>
 </body>
</html>
