5378 7098
346 926 381 1252 Numerus

264 2185 469 2240 ccccxxxvii}
494 2174 552 2237 991

266 2912 467 2974 CCCCXXXIX
494 2909 552 2971 991

291 3481 446 3549 CCCCXL
495 3479 555 3544 991
614 3489 761 3568 Angusto
845 3478 887 3539 IV

285 4214 457 4278 coccam
496 4211 552 4274 aar
615 4223 762 4302 Augusto
845 4213 889 4274 1v

281 5030 469 5096 CCCCXLll
500 5026 559 5089 991

1028 581 1365 655 MElllBRdNARUlll

1323 1051 1531 1116 membranae
1554 1051 1770 1116 Summarinm

982 1443 1013 1501 3.
1038 1441 1215 1508 Gonnrmnr
1257 1443 1416 1522 quondam
1435 1441 1642 1520 Inghelgardi
1660 1445 1827 1526 presbyte-

983 1522 1043 1584 filii
1059 1525 1131 1584 eius

643 2172 726 2236 Maio
844 2175 885 2236 IV
960 2175 992 2236 8.
1017 2176 1150 2236 lonnms
1180 2179 1213 2234 et

980 2257 1011 2317 3.
1036 2258 1212 2319 Gonrnnan

982 2338 1040 2398 filii
1058 2341 1130 2400 eius

637 2913 729 2975 lunio
843 2905 884 2964 IV
959 2913 991 2976 8.
1016 2914 1148 2976 lonnnrs
1180 2919 1213 2973 et

981 2997 1011 3056 3.
1037 2997 1211 3057 Gonrnnnn

981 3077 1039 3138 tilii
1056 3079 1127 3138 eius

960 3484 991 3545 8.
1017 3485 1149 3546 loannis
1180 3489 1213 3544 et

981 3565 1012 3626 3.
1037 3567 1213 3628 Gonrnnnn

982 3648 1039 3708 lilii
1057 3649 1128 3709 eius

961 4219 993 4279 8.
1018 4220 1152 4282 Ioannis
1182 4226 1216 4280 et

982 4299 1014 4360 3.
1039 4302 1216 4364 Gonrnnnn

982 4381 1041 4443 filii
1058 4385 1130 4445 eins

1256 1526 1283 1585 ri
1302 1525 1434 1585 tradunt
1449 1525 1488 1584 ad
1505 1542 1624 1584 annum
1645 1543 1745 1590 unum
1770 1530 1827 1591 Pe·

1257 1614 1306 1668 tro
1328 1607 1486 1684 Mnyistro
1509 1608 1552 1667 da
1582 1605 1711 1667 Cilinna
1738 1630 1827 1672 inon-

1256 1697 1320 1748 tem
1345 1707 1418 1748 cum
1443 1689 1523 1748 silva
1547 1695 1580 1748 et
1603 1693 1770 1765 quercieto
1793 1695 1825 1753 in

1257 1771 1337 1830 locis
1365 1769 1517 1840 Falerza,
1548 1769 1677 1838 Cetera,
1709 1772 1828 1835 Carvo·

1254 1871 1340 1912 noro
1354 1857 1386 1910 et
1397 1852 1553 1924 Feralitn,
1572 1858 1607 1912 nt
1619 1849 1704 1929 ligna
1722 1856 1827 1916 abaci·

1255 1935 1309 1994 dat
1338 1935 1377 1993 ad
1405 1935 1591 1994 laciendum
1619 1939 1757 1998 nanterie
1783 1939 1827 1998 dc

1254 2016 1454 2094 borcbmpro
1468 2016 1574 2076 tareni
1589 2016 1676 2076 sauri
1697 2017 1824 2080 decem.

1296 2177 1423 2238 Oblatio
1441 2185 1601 2240 terrarum
1620 2179 1748 2240 Salerni
1764 2180 1825 2241 sub

1255 2259 1405 2320 Ecclesia
1421 2260 1453 2321 S.
1471 2260 1639 2320 Michaelis
1662 2261 1748 2322 iacta
1768 2264 1827 2324 Ec-

1255 2343 1376 2402 clesiae
1395 2341 1573 2416 S.llartini,
1587 2344 1684 2419 (qnae
1701 2345 1828 2404 aGuai-

1255 2424 1356 2483 mario
1373 2424 1490 2484 comite
1507 2423 1642 2483 lundata
1656 2425 1719 2484 snit
1740 2425 1825 2487 ultra

1254 2507 1375 2566 llumen
1389 2505 1554 2584 Lyrinum)
1567 2522 1584 2563 a
1597 2504 1743 2566 Gnidone
1760 2509 1825 2569 silio

1255 2586 1358 2666 ipsius
1388 2586 1566 2647 Gnaimarii
1597 2593 1630 2645 et
1658 2587 1697 2646 ab
1727 2608 1825 2651 uxore

1254 2672 1325 2730 eius
1342 2668 1458 2744 bloara
1475 2669 1541 2728 filia
1563 2669 1721 2746 quondam
1747 2672 1827 2731 Lan·

1254 2749 1355 2812 doarii
1374 2750 1514 2810 comitis.

1297 2911 1427 2974 Guadio
1445 2914 1517 2973 data
1534 2913 1622 2972 iuxta
1639 2913 1826 2974 mandatum

1253 2996 1341 3056 Petri
1371 2994 1488 3054 iudicis
1524 2995 1610 3054 inter
1641 2995 1824 3056 Constanti-

1255 3095 1333 3136 num
1350 3077 1569 3136 atrianensem
1585 3075 1685 3135 silium
1700 3077 1825 3136 Sellicti

1255 3164 1289 3219 ct
1304 3159 1446 3218 Leonem
1470 3155 1698 3235 presbyterum
1722 3158 1823 3218 silium

1254 3239 1375 3318 Sergii.
1398 3239 1539 3299 utlitem
1566 3239 1653 3299 inter
1679 3258 1714 3300 se
1742 3259 1826 3300 com·

1256 3328 1385 3400 ponant.

1296 3483 1440 3544 Traditio
1461 3487 1568 3543 terrae
1594 3488 1627 3540 et
1650 3482 1826 3544 abellancti

1255 3565 1288 3625 in
1306 3566 1376 3626 loco
1393 3563 1553 3625 lllirciono
1578 3565 1611 3623 in
1635 3565 1755 3625 finibus
1778 3583 1829 3624 ro-

1256 3647 1404 3708 tensibns
1440 3647 1525 3706 lacta
1564 3646 1596 3705 in
1635 3655 1827 3726 perpetuum

1256 3728 1388 3790 Falconi
1413 3735 1443 3785 et
1467 3727 1577 3788 Grimo
1605 3728 1725 3788 clerico
1753 3729 1828 3788 ntiis

1256 3808 1829 3872 IoannisaCennamoabbateSbla·

1255 3893 1345 3962 ximi,
1373 3909 1430 3970 pro
1455 3909 1561 3951 annuo
1586 3909 1688 3950 censu
1711 3891 1828 3952 tertiae

1259 3975 1360 4052 partis
1383 3973 1607 4032 abellanarum
1635 3973 1773 4052 aliisque
1797 3993 1828 4032 o-

1257 4055 1393 4116 neribus
1410 4053 1591 4114 servandis

1283 4217 1559 4291 Memoratorium,
1573 4235 1634 4293 quo
1651 4218 1689 4276 ad
1707 4234 1828 4277 annum

1257 4317 1358 4359 unum
1375 4298 1545 4358 Garofalns
1563 4298 1648 4358 filius
1665 4299 1828 4377 quondam

1256 4381 1347 4441 Leoti
1370 4388 1401 4439 et
1417 4380 1526 4439 Disius
1539 4379 1624 4439 tilius
1640 4379 1827 4458 inghelgar-

1256 4463 1289 4522 di
1314 4461 1496 4541 presbyteri
1521 4462 1653 4521 tradunt
1669 4461 1830 4522 loannili·

1258 4545 1301 4606 lio
1325 4542 1473 4622 Campnli
1490 4542 1529 4601 de
1552 4545 1659 4605 Aliolo
1682 4543 1766 4622 apnd
1788 4543 1830 4602 Α-

1165 4635 1171 4644 “
1257 4626 1435 4704 melphiam
1452 4623 1550 4684 silvas
1563 4626 1595 4684 in
1613 4626 1693 4685 locis
1712 4624 1830 4685 Cetera

620 5031 752 5098 Octobri
858 5033 884 5090 V
963 5034 994 5094 8.
1021 5035 1153 5094 loannis
1184 5038 1216 5092 et

855 5175 858 5182 ,
985 5117 1016 5176 3.
1041 5117 1217 5176 Gnnmnnn

987 5197 1047 5256 filii
1064 5197 1134 5256 cius

1258 4714 1291 4768 et
1317 4709 1347 4767 F
1346 4707 1477 4782 olentia,
1493 4711 1529 4763 nt
1545 4707 1673 4767 excidat
1688 4707 1773 4784 ligna
1791 4705 1829 4766 ad

1257 4790 1442 4849 iaciendum
1473 4789 1595 4864 forcas,
1626 4808 1682 4867 pro
1705 4786 1830 4848 duobns

1242 4871 1383 4958 ‘tarenis
1400 4869 1482 4930 auri.

1286 5031 1493 5093 Guaimarius
1509 5050 1619 5092 comes
1634 5032 1719 5092 srlins
1733 5050 1832 5109 quon-

1259 5113 1331 5173 dam
1366 5113 1527 5174 Guaiierii
1558 5113 1613 5191 qui
1643 5113 1828 5190 imperatas

1260 5195 1443 5266 vocabatur,
1469 5201 1648 5254 commutat
1670 5203 1775 5254 terras
1800 5199 1832 5252 et

1260 5275 1831 5354 domosatergoEcclesiaeSblariae

1258 5357 1308 5436 (de
1322 5357 1457 5438 Damno)
1470 5359 1555 5417 intra
1563 5357 1748 5426 Salernum,
1759 5375 1830 5416 cum

1260 5439 1323 5500 alia
1356 5447 1443 5499 terra
1473 5445 1506 5498 et
1535 5439 1652 5514 ligneis
1683 5437 1832 5498 domibus

1260 5522 1356 5582 etiam
1375 5521 1503 5580 Salerni
1524 5519 1769 5598 pcrtinentibus
1793 5520 1833 5580 ad

1260 5603 1361 5681 ipsam
1384 5602 1580 5672 Ecclesiam,
1599 5602 1632 5660 in
1650 5621 1713 5680 qna
1739 5603 1832 5662 Dom-

1260 5685 1368 5745 nellns
1384 5682 1484 5744 abbas
1501 5690 1641 5763 praeest.

1877 2014 1916 2073 lV
1971 2011 2012 2071 59
2055 2015 2116 2076 315

1880 4869 1920 4928 IV
1978 4859 2018 4920 63
2063 4863 2124 4922 319

1883 5682 1923 5742 lV
1980 5680 2022 5740 dd
2064 5680 2125 5741 320
