5378 7098
601 668 620 726 8
1264 649 1426 721 CODEX
1470 649 1703 722 carbasis

556 897 672 972 nebat,
692 893 838 979 qualiter
849 893 964 976 ¹ipsius
980 891 1123 957 iohanni
1141 891 1322 974 presbiteri
1341 893 1418 976 ipsa
1433 909 1515 959 casa
1530 891 1574 958 ad
1591 889 1813 960 residendum
1829 891 1912 960 data
1927 893 1993 959 fuit
2009 911 2072 978 per
2088 895 2279 978 guaiferius
2295 913 2408 964 comes

557 1045 592 1108 et
606 1041 779 1108 maionem
794 1037 999 1106 castaldum.
1019 1039 1096 1121 ipsa
1110 1038 1311 1123 scriptione,
1328 1039 1418 1123 quod
1435 1039 1510 1124 ipse
1524 1039 1627 1106 abbas
1642 1039 1802 1118 ostendit,
1818 1041 2028 1122 continebat,
2037 1043 2186 1128 qualiter
2201 1044 2273 1129 ipse
2288 1047 2409 1113 iohan-

555 1210 617 1259 nes
634 1193 803 1277 presbiter
820 1211 898 1258 cum
915 1191 1133 1259 theodericus
1149 1191 1305 1258 notarius
1320 1191 1561 1260 adbocatorem
1579 1211 1678 1260 suum
1695 1194 1979 1262 manifestaberat
1993 1193 2036 1262 de
2058 1195 2134 1281 ipsa
2156 1197 2252 1263 terra
2274 1201 2308 1264 et
2330 1216 2409 1266 casa

555 1365 618 1432 per
634 1345 731 1415 finis:
751 1345 794 1412 de
810 1363 881 1412 una
896 1347 996 1429 parte
1012 1345 1081 1412 fine
1096 1345 1206 1429 ipsius
1222 1345 1383 1412 ecclesie:
1403 1344 1446 1412 de
1462 1344 1528 1412 due
1544 1345 1656 1430 partis
1673 1347 1748 1412 bia:
1767 1345 1928 1432 desuper
1944 1347 2014 1413 fine
2029 1349 2087 1432 qui
2100 1347 2166 1414 fuit
2181 1347 2326 1416 iohanni
2339 1351 2408 1416 aei-

553 1497 650 1576 nelli,
668 1501 705 1564 ut
719 1497 935 1580 pertinentes
953 1497 1043 1563 esset
1058 1496 1101 1562 de
1111 1495 1287 1564 monimen
1305 1495 1414 1581 ipsius
1429 1497 1573 1565 ecclesie
1588 1517 1654 1583 que
1670 1500 1809 1568 ostensa
1824 1497 1901 1584 fuit;
1915 1502 1950 1566 et
1964 1516 2076 1583 neque
2093 1517 2156 1583 per
2172 1499 2286 1578 testes,
2301 1517 2411 1585 neque

555 1664 619 1730 per
634 1647 823 1724 monimen,
841 1664 953 1732 neque
969 1665 1030 1732 per
1045 1647 1272 1732 possessione,
1291 1665 1401 1732 neque
1418 1649 1593 1732 pernulla
1609 1649 1742 1714 ratione
1759 1647 1924 1748 adbersus
1941 1649 2076 1732 prefata
2099 1648 2245 1716 ecclesia
2268 1647 2309 1716 de
2331 1667 2410 1732 pre·

553 1801 646 1867 dicta
660 1803 755 1869 terra
770 1803 804 1867 et
819 1818 901 1866 casa
916 1817 1060 1867 causare
1076 1803 1137 1866 aut
1151 1799 1356 1867 contendere
1372 1817 1442 1865 non
1459 1801 1604 1884 poteret,
1623 1801 1658 1866 et
1676 1804 1756 1868 ante
1781 1799 1956 1884 presentia
1978 1799 2176 1885 truppoaldi
2199 1803 2233 1867 et
2256 1801 2408 1885 pandcni

554 1950 718 2020 castaldis
733 1953 768 2018 et
783 1950 953 2018 iudicibus
969 1967 1032 2016 sua
1049 1951 1135 2017 bona
1152 1951 1335 2018 bolumtate
1351 1954 1447 2017 terra
1464 1951 1540 2034 ipsa
1556 1953 1591 2016 et
1605 1967 1687 2017 casa
1704 1967 1767 2033 pro
1785 1950 1938 2034 partibus
1954 1951 2061 2036 ipsius
2075 1952 2218 2020 ecclesie
2235 1971 2295 2037 per
2312 1956 2406 2021 surte

554 2103 785 2172 retradiderat
808 2105 963 2188 ipsorum
988 2103 1140 2187 guaiferi
1163 2103 1278 2169 comiti
1304 2106 1338 2170 et
1361 2103 1490 2170 maioni
1520 2106 1553 2170 ct
1582 2103 1772 2186 guaimarii
1798 2103 1841 2169 ad
1869 2104 2083 2187 possessione
2110 2105 2221 2189 ipsius
2247 2105 2403 2172 ecclesie:

554 2258 687 2341 scripto
702 2259 779 2322 erat
794 2254 982 2322 iudicatum
999 2255 1112 2338 ipsum
1129 2273 1191 2338 per
1208 2254 1479 2339 tlieodelgrimus
1501 2255 1657 2321 notarius
1680 2257 1715 2321 et
1739 2254 1865 2321 ibidem
1889 2256 2011 2340 scripti
2034 2256 2101 2340 ipsi
2124 2255 2351 2341 truppoaldus
2373 2259 2409 2324 et

553 2407 681 2491 pando.
701 2424 779 2473 cum
795 2423 862 2490 quo
878 2405 1053 2472 monimen
1077 2405 1155 2489 ipsa
1178 2423 1241 2489 per
1266 2407 1381 2489 partes
1404 2407 1531 2472 relecta
1554 2407 1617 2483 est,
1635 2406 1927 2490 interrogabimus
1950 2406 2017 2490 ipsi
2040 2406 2211 2491 germani,
2229 2409 2267 2471 ut
2290 2407 2320 2472 si
2344 2424 2406 2490 per

553 2560 622 2626 alia
640 2559 814 2626 monimen
827 2561 862 2624 el
880 2557 1048 2623 rationem
1067 2557 1142 2639 ipsa
1158 2558 1253 2622 terra
1270 2559 1304 2623 et
1318 2573 1399 2622 casa
1414 2573 1478 2621 sua
1500 2556 1615 2622 facere
1638 2557 1791 2640 poteret3
1810 2559 1846 2622 at
1869 2556 1920 2623 illi
1945 2557 2267 2629 manifestaberunt,
2284 2559 2322 2622 ut
2345 2545 2406 2640 p'er

556 2712 655 2780 nulla
670 2709 742 2777 alia
758 2709 980 2792 scriptionem
997 2710 1032 2774 et
1046 2707 1216 2773 rationem
1232 2710 1308 2791 ipsa
1322 2725 1402 2774 casa
1418 2709 1453 2773 et
1467 2709 1564 2773 terra
1579 2725 1643 2773 sua
1658 2707 1772 2774 facere
1787 2709 1932 2792 poteret,
1947 2707 2014 2776 nisi
2030 2727 2091 2792 per
2106 2710 2206 2773 arnbo
2222 2726 2283 2774 sue
2298 2708 2409 2793 scrip-

554 2859 660 2926 tionis
684 2858 773 2942 quod
798 2856 1030 2924 ostenderunt.
1048 2874 1112 2922 nos
1134 2855 1291 2940 superius
1314 2856 1415 2923 dictis
1438 2856 1610 2923 iudicibus
1635 2855 1794 2924 audiente
1816 2859 1851 2922 et
1874 2859 2081 2940 agnoscente
2105 2874 2167 2940 per
2189 2859 2307 2940 partes
2329 2859 2407 2941 ipsa

552 3010 738 3086 monimen,
757 3011 838 3076 tunc
859 3008 957 3074 iuxta
972 3010 1086 3090 legem
1102 3007 1342 3084 iudicabimus,
1361 3009 1399 3074 ut
1413 3006 1535 3072 amodo
1550 3009 1584 3075 et
1599 3025 1736 3120 semper
1751 3025 1834 3092 pars
1849 3007 1959 3092 ipsius
1974 3007 2118 3073 ecclesie
2133 3006 2245 3073 sancti
2261 3006 2404 3071 maximi

552 3165 586 3228 et
601 3162 676 3228 eius
694 3163 846 3226 rectores
861 3162 957 3225 terra
972 3159 1047 3243 ipsa
1063 3162 1098 3225 ct
1113 3177 1193 3226 casa
1208 3177 1328 3262 securo
1342 3159 1483 3226 nomine
1498 3161 1600 3228 abere
1615 3161 1654 3224 et
1666 3159 1840 3243 possidere
1862 3161 1937 3226 sine
1960 3158 2181 3242 requisitione
2196 3158 2250 3223 vel
2273 3149 2408 3222 coutra-

551 3314 674 3380 rietate
692 3313 845 3397 ipsorum
861 3312 1024 3396 germani
1040 3315 1075 3378 et
1097 3311 1139 3377 de
1154 3329 1273 3378 eorum
1290 3309 1420 3389 eredes
1440 3330 1503 3396 pro
1520 3311 1665 3396 eoquod
1690 3312 1765 3395 ipse
1788 3311 1976 3378 iudicatum
1999 3309 2108 3394 ipsius
2131 3308 2273 3376 ecclesie
2296 3309 2406 3374 conti-

549 3465 618 3540 net,
637 3465 675 3528 ut
690 3465 769 3546 ipse
786 3462 954 3530 iohannes
970 3461 1139 3545 presbiter
1155 3463 1293 3546 genitor
1309 3481 1427 3530 eorum
1442 3463 1704 3540 manifestasset,
1724 3467 1762 3528 ut
1777 3463 1819 3530 de
1835 3462 1990 3547 predicta
2007 3463 2103 3528 terra
2118 3462 2152 3527 et
2168 3477 2247 3526 casa
2262 3477 2405 3526 causare

551 3619 611 3682 aut
626 3615 832 3683 contendere
848 3632 920 3680 non
935 3613 1079 3698 poteret,
1098 3617 1132 3681 ct
1148 3613 1227 3681 inde
1243 3633 1307 3698 pro
1323 3616 1488 3698 perpetua
1504 3613 1688 3682 securitate
1704 3615 1812 3698 ipsius
1831 3614 1978 3681 ecclesie
2001 3615 2093 3679 hunc
2108 3616 2263 3679 nostrum
2279 3610 2407 3676 diffini-

483 3743 485 3748 ’
549 3768 656 3833 tionis
672 3765 848 3833 emisimus
865 3763 1062 3843 iudicatum,
1082 3765 1171 3849 quod
1188 3763 1250 3832 tibi
1268 3767 1356 3852 petri
1375 3769 1512 3834 notario
1528 3769 1679 3835 scribere
1694 3767 1898 3836 dictabimus
1913 3766 1972 3850 qui
1987 3763 2187 3832 interfuisti.

607 3890 637 4003 †
652 3935 718 4001 ego
734 3917 791 4002 qui
808 3935 916 4002 supra
932 3921 1051 4002 petrus
1066 3918 1180 3986 iudex.

605 4041 716 4152 †og0
732 4070 790 4156 qui
806 4086 914 4152 supra
930 4031 1144 4153 radelgrimo
1162 4069 1276 4136 iudex,

1155 4267 1787 4278 nunu-mmm

1348 4567 1595 4646 CCXVII.

1323 4813 1377 4886 A.
1416 4811 1466 4887 D.
1503 4807 1607 4887 962.

600 5057 634 5193 ἰ’
650 5113 687 5174 ln
704 5108 846 5174 nomine
862 5105 992 5173 domini
1008 5123 1098 5174 anno
1114 5107 1288 5174 tricesimo
1306 5108 1523 5191 principatus
1539 5108 1655 5174 domni
1672 5110 1779 5200 nostri
1799 5108 1916 5193 gisolfi
1928 5108 2072 5192 gloriosi
2088 5109 2269 5192 principis,
2285 5125 2402 5176 mense

440 5297 443 5301 -
540 5263 710 5342 augustus
727 5259 849 5344 quinta
866 5258 1065 5326 indictione.
1084 5260 1365 5326 memoratorium
1389 5261 1514 5328 factum
1539 5259 1675 5327 anobis
1690 5261 1876 5344 gregorius
1898 5261 2069 5345 presbiter
2083 5263 2117 5326 et
2135 5261 2241 5326 abbas
2256 5259 2401 5326 ecclesie

539 5409 649 5474 sancti
667 5408 810 5475 maximi
829 5426 965 5492 unaque
981 5427 1057 5474 cum
1075 5407 1234 5476 radechis
1251 5409 1407 5475 notarius
1421 5410 1660 5477 adbocatorem
1676 5429 1802 5487 meum,
1822 5427 1862 5477 eo
1878 5410 1969 5495 quod
1985 5415 2065 5478 ante
2087 5409 2273 5493 subscripti
2296 5412 2400 5477 metes

537 5579 599 5642 por
617 5562 707 5624 bona
722 5557 974 5624 combenientia
989 5557 1103 5624 wadia
1118 5561 1216 5625 nobis
1230 5559 1324 5626 dedit
1338 5561 1513 5643 garcfalus
1529 5559 1621 5626 illius
1638 5559 1782 5626 iohanni
1800 5565 1834 5627 et
1850 5559 1923 5644 ipse
1938 5561 2004 5628 sibi
2020 5560 2189 5628 mediator
2204 5560 2314 5628 exibit
2334 5561 2399 5628 tali

517 5709 671 5786 ordine,
690 5715 729 5775 ut
746 5709 868 5775 amodo
885 5712 920 5775 et
946 5727 1053 5794 usque
1081 5709 1195 5778 decem
1220 5711 1303 5778 anni
1327 5713 1486 5795 completi
1509 5711 1613 5798 liceat
1637 5709 1735 5778 illum
1759 5714 1877 5779 tenere
1900 5714 1934 5777 et
1957 5712 2116 5780 laborare
2142 5729 2211 5779 una
2234 5711 2333 5796 pecia
2355 5709 2399 5778 de

462 5835 466 5844 ¹
540 5862 636 5926 terra
652 5879 729 5928 cum
744 5863 967 5940 castanietum
985 5863 1019 5928 et
1035 5863 1175 5928 bacuum
1193 5881 1261 5930 uno
1278 5864 1438 5942 teniente,
1452 5864 1509 5948 qui
1528 5881 1607 5947 pars
1623 5862 1730 5930 eidem
1750 5866 1867 5930 nostre
1882 5863 2104 5947 ecclesieque
2119 5861 2266 5930 habetin
2283 5863 2393 5928 locum
