5286 7098
910 529 914 538 ’
993 575 1364 674 nrrtoulrtcus

1082 1029 1282 1111 CCXG.

1037 1276 1092 1350 A.
1129 1277 1180 1353 D.
1219 1275 1322 1355 976.

300 1531 334 1662 †
350 1582 388 1645 111
404 1580 545 1646 1161111116
560 1579 693 1647 domini
710 1581 974 1667 quadragesimo
993 1585 1097 1652 tertio
1112 1603 1204 1653 anno
1216 1587 1435 1674 principatus
1450 1589 1568 1660 domni
1585 1595 1693 1664 nostri
1709 1596 1824 1680 gisolfi
1836 1600 1988 1683 glorioso
2002 1584 2098 1688 prin-

240 1749 322 1817 ceps
342 1733 377 1797 et
391 1731 544 1798 secundo
560 1750 652 1801 anno
668 1734 884 1820 principatus
901 1735 1026 1804 domne
1042 1756 1182 1822 gemme
1198 1744 1301 1808 uxori
1320 1743 1394 1810 eius
1410 1746 1444 1810 61
1459 1744 1577 1814 domni
1594 1747 1735 1832 paldolli
1751 1753 1866 1835 optato
1879 1754 1951 1820 filio
1961 1771 2092 1837 eorum,

242 1902 359 1952 mense
376 1885 571 1955 februarius
587 1889 711 1971 quarta
726 1887 927 1957 indictione.
946 1891 1228 1959 memoratorium
1245 1893 1336 1961 sactu
1353 1913 1374 1962 a
1390 1915 1445 1965 me
1462 1899 1635 1967 martinus
1659 1903 1830 1986 presbiter
1854 1907 1888 1970 et
1910 1906 2016 1973 abbas
2039 1923 2096 1973 ou-

240 2041 309 2106 6166
333 2039 476 2106 ecclesie
492 2039 603 2106 sancti
620 2040 767 2107 maximi
782 2044 817 2108 et
832 2060 903 2110 una
917 2061 1052 2110 mecum
1068 2045 1295 2130 truppoaldus
1312 2049 1483 2131 gastaldo,
1501 2051 1559 2134 qui
1583 2053 1635 2118 est
1658 2072 1764 2120 uuum
1789 2054 1832 2122 do
1854 2055 2018 2125 dominiis
2043 2059 2095 2144 ip-

239 2193 310 2260 sius
325 2192 479 2270 ecclesie,
494 2210 534 2260 eo
550 2193 640 2279 quod
655 2199 737 2263 ante
752 2197 938 2282 subscripti
951 2199 1054 2266 testes
1069 2217 1133 2282 per
1148 2217 1238 2267 vona
1250 2205 1527 2270 comvenibentia
1537 2205 1650 2273 wadia
1661 2207 1759 2275 nobis
1771 2207 1866 2276 dedit
1878 2212 2094 2296 grimpertus

238 2345 329 2413 iilius
345 2346 401 2413 odi
419 2351 658 2415 commanente
675 2347 713 2414 in
729 2350 839 2416 locum
858 2350 1046 2418 balnearea
1060 2351 1186 2422 finibus
1202 2354 1448 2435 mitilianense,
1463 2359 1498 2424 61
1514 2357 1737 2426 mediatorem
1754 2361 1841 2428 mihi
1859 2363 1973 2447 posuit
1989 2384 2026 2433 se
2040 2369 2094 2449 ip-

237 2517 312 2566 sum
329 2499 391 2564 tali
408 2499 541 2576 ordine,
561 2499 739 2567 ut'amodo
757 2503 791 2568 et
808 2521 914 2587 usque
930 2520 992 2570 sex
1009 2505 1093 2570 anni
1110 2507 1272 2590 completi
1288 2509 1406 2576 tenere
1421 2507 1463 2574 ad
1481 2510 1706 2577 laborandum
1721 2530 1792 2578 una
1803 2513 1956 2580 clusoria
1972 2513 2013 2583 de
2025 2517 2094 2583 ter-

237 2670 278 2719 ra
294 2670 369 2718 cum
394 2653 545 2720 arbustis
568 2652 687 2721 vitatis
710 2655 906 2738 pertinente
922 2656 1033 2742 ipsius
1055 2660 1198 2727 ecclesie
1215 2659 1251 2726 in
1277 2661 1434 2744 predicto
1458 2663 1572 2728 locum
1597 2665 1784 2732 balnearea
1807 2684 1870 2750 per
1894 2683 1933 2733 as
1956 2666 2035 2734 finis
2059 2669 2094 2734 61

235 2808 429 2875 mensuris:
448 2807 625 2877 desubtus
642 2809 744 2877 habet
758 2810 827 2876 fine
845 2810 1010 2894 agilperti
1027 2813 1212 2882 barbanem
1233 2833 1332 2880 suum
1349 2817 1439 2882 sicut
1455 2817 1583 2885 termiti
1600 2819 1633 2886 et
1644 2837 1726 2904 sepo
1741 2819 1920 2898 discernit,
1935 2822 2017 2888 sunt
2031 2839 2091 2888 ex-

234 2959 314 3030 inde
330 2977 449 3044 passos
466 2961 584 3029 decem
601 2963 635 3030 et
650 2965 744 3028 octo:
770 2963 813 3030 de
835 2963 906 3030 alia
928 2980 1011 3047 pars
1025 2963 1094 3031 fine
1110 2963 1166 3030 bia
1181 2982 1247 3048 que
1262 2967 1314 3034 est
1329 2967 1424 3032 caba:
1444 2965 1487 3033 de
1502 2983 1605 3051 super
1619 2967 1688 3035 line
1704 2967 1877 3049 domnica,
1894 2971 2089 3038 6611161111-

232 3113 276 3180 de
291 3131 410 3198 passos
426 3115 681 3199 quinquaginta
697 3117 828 3200 septem
844 3117 933 3184 sicut
949 3116 1031 3200 polu
1046 3115 1221 3184 discernit:
1237 3116 1279 3184 de
1290 3118 1360 3184 alia
1376 3121 1477 3202 parte
1493 3118 1562 3186 dne
1578 3137 1641 3188 sua
1657 3120 1746 3186 sicut
1761 3121 1894 3187 termiti
1910 3121 1981 3186 ficti
1993 3125 2084 3201 sunt,

233 3267 364 3336 atinde
381 3271 461 3334 sunt
476 3286 594 3352 passos
609 3271 835 3354 septuaginta
851 3288 919 3337 uno
935 3269 979 3336 ad
996 3271 1085 3338 iusto
1100 3289 1204 3354 passu
1219 3272 1352 3338 homini
1369 3274 1617 3340 mensuratum.
1633 3274 1751 3340 clauso
1765 3273 1843 3350 isto,
1863 3275 2014 3358 qualiter
2029 3292 2085 3342 su·

235 3422 351 3505 pertus
376 3423 455 3492 finis
470 3422 584 3505 posite
599 3423 729 3489 suntet
744 3423 919 3489 mensuria
934 3423 1013 3507 ipsa
1028 3423 1214 3506 percurrit,
1230 3425 1338 3489 totum
1356 3441 1463 3507 usque
1481 3425 1518 3490 in
1534 3424 1609 3508 ipso
1626 3424 1848 3491 constitutum
1863 3425 2090 3492 1616166116-

233 3580 355 3644 661616
371 3579 406 3643 61
422 3578 555 3644 cultare
570 3575 612 3646 de
627 3595 731 3662 super
747 3580 781 3645 et
795 3577 836 3644 (16
850 3577 979 3655 subter,
998 3577 1087 3645 sicut
1109 3579 1204 3645 locus
1227 3578 1303 3662 ipse
1326 3579 1491 3648 meruerit
1514 3579 1552 3645 ut
1575 3596 1662 3646 vene
1685 3577 1814 3662 paread
1838 3579 2030 3645 laboratum
2053 3583 2088 3646 et

230 3733 411 3810 cultatum,
429 3733 463 3799 et
479 3730 537 3798 ubi
554 3731 722 3798 meruerit
737 3732 877 3798 arbores
893 3733 929 3798 et
945 3729 1032 3798 vites
1049 3731 1210 3814 plantare
1223 3731 1258 3798 et
1275 3731 1524 3814 propaginare,
1539 3733 1574 3798 et
1588 3728 1675 3798 vites
1689 3731 1804 3798 traere
1819 3733 1854 3798 et
1870 3731 1942 3798 suis
1957 3731 2088 3817 tempo·

229 3884 328 3950 ribus
344 3899 401 3950 eos
416 3882 641 3962 vindemiare,
659 3887 694 3952 et
708 3883 826 3951 vinum
844 3884 957 3969 ipsum
975 3884 1009 3952 et
1023 3897 1125 3968 poma
1141 3883 1269 3951 exinde
1283 3882 1444 3952 dibidere
1467 3902 1545 3950 cum
1568 3885 1712 3953 missum
1736 3883 1845 3967 ipsius
1860 3883 2003 3952 ecclesie
2025 3897 2089 3968 per

229 4033 394 4114 medium,
411 4037 446 4103 et
461 4036 581 4103 insites
597 4035 722 4104 exinde
737 4035 904 4120 colligere
919 4037 954 4104 61
969 4037 1144 4114 666611616,
1159 4038 1193 4104 61
1210 4035 1428 4102 medietatem
1446 4035 1496 4102 eis
1511 4035 1616 4103 deant
1632 4036 1669 4102 in
1682 4037 1760 4119 ipsa
1774 4035 1930 4112 ecclesia,
1942 4037 1976 4100 et
1986 4052 2089 4102 omne
2141 4057 2145 4064 ·

228 4205 358 4254 annum
374 4189 533 4256 conciare
550 4205 742 4273 organeum
755 4193 912 4258 nostrum
928 4193 962 4258 et
978 4189 1056 4257 illut
1070 4208 1148 4256 cum
1163 4191 1315 4258 sortione
1330 4191 1451 4257 nostra
1466 4189 1508 4256 de
1525 4189 1601 4274 ipso
1613 4189 1730 4257 vinum
1744 4189 1911 4272 reponant
1923 4185 2037 4272 ibique
2048 4187 2086 4252 in

226 4341 366 4410 domum
381 4361 480 4411 suam
507 4346 542 4412 et
565 4345 697 4412 salbum
721 4363 781 4412 eos
802 4345 945 4423 faciant,
971 4343 1051 4412 dum
1077 4344 1155 4412 illut
1178 4344 1259 4412 inde
1281 4347 1443 4412 tollamus
1467 4303 1594 4429 absque
1617 4342 1887 4428 degeneratione
1910 4343 1945 4408 et
1966 4339 2009 4408 de
2033 4340 2086 4408 in-

225 4493 367 4578 gendio,
393 4499 429 4563 et
452 4495 494 4572 ad
517 4496 705 4576 hominem,
731 4497 789 4582 qui
806 4514 871 4582 pro
886 4515 967 4582 pars
983 4497 1093 4582 ipsius
1107 4498 1249 4565 ecclesie
1264 4497 1312 4564 ibi
1329 4496 1434 4564 fuerit
1449 4513 1514 4580 pro
1529 4495 1606 4580 ipsa
1621 4493 1803 4573 vindemia,
1817 4491 1923 4561 deant
1939 4494 1971 4560 61
1989 4511 2088 4559 man·

225 4645 353 4713 (1116616
368 4649 402 4714 61
417 4647 546 4726 vibere,
565 4648 655 4718 sicut
669 4647 834 4718 meruerit
849 4650 1037 4718 secundum
1052 4666 1116 4716 sua
1132 4648 1373 4733 possibilitate.
1392 4646 1480 4732 quod
1497 4646 1528 4714 si
1543 4613 1674 4724 taliter,
1700 4647 1736 4712 ut
1758 4643 1919 4730 superius
1942 4643 2083 4728 legitur,

225 4815 296 4865 non
321 4797 590 4883 adimpleberit,
615 4816 819 4886 componere
842 4799 885 4867 ad
910 4819 992 4886 pars
1022 4799 1132 4884 ipsius
1162 4799 1306 4866 ecclesie
1328 4799 1467 4883 eiusque
1490 4799 1641 4866 rectores
1664 4793 1783 4864 decem
1806 4794 1931 4866 solidos
1953 4796 2088 4862 costan-

226 4952 329 5020 tinos.

285 5075 313 5187 1
329 5121 397 5188 ego
412 5105 624 5190 grimoaldus
639 5107 794 5174 notarius
811 5105 953 5175 interlui
968 5107 1002 5174 61
1018 5107 1109 5171 hunc
1128 5105 1267 5171 brebem
1284 5104 1408 5189 scripsi

283 5229 312 5342 †
326 5276 394 5342 ego
409 5258 617 5328 adelmundu

285 5379 395 5492 †ego
410 5409 528 5478 allanu

282 5531 311 5644 †
327 5579 393 5645 ego
409 5559 566 5630 adelferi.
