5252 7102
1027 601 1396 677 [thLOMATlGUS
2022 635 2083 695 953

264 853 371 902 mare
393 837 449 902 ubi
475 839 527 903 est
550 837 628 946 ipsa
651 840 809 918 ecclesia,
837 859 911 908 cum
942 844 1138 927 plenariam
1164 843 1275 929 ipsam
1297 849 1493 931 portionem
1517 849 1560 918 de
1594 825 1688 938 ipso*
1704 857 1795 936 alio,
1821 859 1880 943 qui
1904 862 2001 930 esta
2034 864 2132 948 parte

266 988 320 1056 de
343 989 500 1074 predicto
523 991 674 1075 pistello.
694 993 769 1078 ipsa
791 1012 874 1064 iero
896 997 993 1062 terra
1016 997 1074 1081 qui
1098 999 1151 1064 est
1166 1017 1187 1064 a
1203 1000 1303 1085 parte
1318 998 1361 1066 de
1375 1003 1512 1068 salerno
1528 1021 1549 1070 a
1563 1004 1719 1088 predicto
1734 1011 1848 1075 torum
1863 1029 1972 1096 usque
1989 1012 2025 1079 in
2042 1031 2132 1099 aqua

267 1141 450 1211 ficscetule
473 1162 551 1210 cum
575 1146 733 1231 predicta
760 1150 904 1220 ecclesia
929 1150 967 1217 in
994 1168 1138 1219 comune
1164 1153 1263 1220 nobis
1290 1155 1456 1221 remansit
1504 1205 1871 1230 .......
1920 1182 1984 1232 nos
2009 1185 2132 1250 supra·

266 1296 396 1380 scripti
432 1298 613 1380 germanis
646 1299 766 1384 tetigit
794 1299 919 1368 exinde
950 1302 1028 1384 ipsa
1057 1301 1099 1369 de
1129 1321 1237 1387 supra
1260 1322 1282 1370 a
1305 1307 1462 1389 partibus
1493 1309 1751 1392 septemtrionis
1919 1367 1926 1380 .
1979 1369 1986 1382 .
2034 1319 2132 1386 leone

268 1449 382 1515 abbas
404 1449 521 1532 tetigit
544 1451 672 1518 exinde
696 1454 855 1536 plenaria
878 1455 953 1540 ipsa
975 1475 1041 1540 que
1064 1459 1115 1525 est
1138 1475 1160 1523 a
1182 1460 1282 1542 parte
1305 1457 1348 1528 de
1371 1451 1526 1544 predicta
1548 1465 1705 1530 ecclesia.
1732 1466 1796 1531 hec
1820 1467 1937 1533 omnia
1958 1468 2130 1540 internos

186 1639 189 1644 -
270 1595 456 1666 divisimus
486 1601 521 1666 et
554 1601 787 1670 diffinivimus
820 1573 855 1674 et
888 1605 1016 1672 exinde
1050 1607 1141 1675 inter
1175 1627 1237 1676 nos
1272 1611 1556 1694 appreensimus,
1582 1613 1672 1682 sicut
1705 1616 1864 1700 superius
1897 1618 2070 1700 diximus,
2096 1625 2131 1689 et
2233 1685 2238 1696 .

266 1749 508 1833 unusquisque
530 1749 574 1817 de
596 1769 661 1818 nos
684 1753 788 1820 saciat
812 1752 854 1820 de
878 1773 974 1822 suam
998 1757 1194 1840 portionem
1219 1759 1309 1843 quod
1332 1760 1386 1827 illi
1409 1763 1593 1846 placuerit,
1611 1765 1645 1832 et
1668 1767 1726 1849 qui
1749 1765 1792 1834 de
1815 1785 1928 1838 nosse
1942 1773 2130 1839 extumere

261 1900 422 1965 voluerit
445 1901 637 1986 predictam
662 1907 857 1990 portionem
882 1927 992 1988 suam,
1013 1911 1047 1976 et
1072 1929 1111 1976 ec
1128 1913 1286 1979 chartula
1302 1914 1347 1980 sit
1362 1915 1464 1980 firma
1479 1915 1515 1982 in
1531 1921 1749 2002 perpetuum,
1767 1921 1801 1988 et
1816 1922 1881 1986 hoc
1897 1940 2130 1991 memoramus

263 2051 361 2134 quod
386 2055 545 2136 superius
567 2055 711 2124 minime
760 2108 1304 2130 ..........
1353 2085 1441 2132 unus
1465 2069 1501 2133 at
1525 2067 1632 2134 alium
1649 2087 1719 2136 non
1735 2061 1961 2152 controtetur,¹
1980 2075 2061 2158 quia
2078 2077 2130 2142 sic

265 2203 366 2271 inter
388 2205 489 2272 nobis
512 2209 608 2274 stetit
631 2211 713 2276 ante
736 2213 914 2296 presentia
936 2215 1074 2281 testium
1098 2216 1381 2300 subscriptorum.

331 2329 361 2442 †
377 2360 430 2424 leo
446 2359 537 2426 filius
553 2365 764 2430 constantini
779 2365 822 2432 de
837 2369 936 2434 leone
952 2367 1077 2434 comite
1092 2368 1188 2436 testis
1204 2388 1278 2436 sum

332 2479 362 2592 †
377 2527 445 2593 ego
463 2513 582 2594 petrus
597 2513 690 2580 filius
707 2515 915 2582 constantini
932 2515 975 2585 de
991 2517 1109 2600 sergio
1125 2519 1250 2584 comite
1265 2518 1308 2586 de
1324 2518 1451 2586 domno
1466 2522 1562 2588 silico
1578 2523 1674 2592 testis
1689 2541 1763 2590 sum

332 2633 362 2744 †
379 2661 547 2732 iohannes
564 2665 655 2734 filius
671 2669 871 2750 pantaleoni
888 2669 931 2736 de
947 2671 1098 2738 iohanne
1113 2671 1237 2738 comite
1252 2673 1349 2738 testis
1364 2665 1440 2739 sum

331 2785 455 2900 †Ego
469 2815 603 2898 sergius
625 2817 716 2885 fitius
740 2820 854 2886 mauri
877 2820 920 2886 de
943 2821 1095 2888 iohanne
1118 2823 1243 2889 comite
1266 2823 1362 2891 testis
1384 2843 1460 2890 sum

228 3027 232 3032 .
328 2938 442 3051 †ego
466 2971 611 3050 pancalo
634 2969 726 3038 fitius
747 2973 846 3037 leone
869 2973 965 3038 testis
988 2989 1061 3038 sum

331 3091 446 3204 †ego
470 3127 590 3208 guttus
615 3125 731 3198 serilla
754 3126 857 3193 huius
881 3125 1032 3194 civitatis
1056 3129 1148 3193 hanc
1172 3129 1366 3196 chartulam
1392 3145 1495 3195 manu
1518 3128 1663 3213 propria
1686 3129 1823 3214 scripsi.

1038 3761 1363 3891 CCCXCIX.

1051 4027 1106 4096 A.
1143 4023 1195 4099 D.
1232 4020 1337 4098 988.

337 4277 372 4410 †
396 4331 435 4393 ln
450 4330 590 4394 nomine
607 4327 739 4394 domini
756 4329 875 4413 quinto
891 4347 983 4396 anno
1006 4328 1225 4413 principatus
1249 4328 1364 4394 domni
1390 4327 1500 4396 nostri
1528 4327 1670 4394 iohanni
1692 4330 1726 4396 et
1749 4328 1867 4394 domni
1891 4326 2036 4413 guidoni
2061 4329 2136 4396 cius

268 4475 347 4542 filio
367 4477 512 4560 gloriosi
530 4478 757 4563 principibus,
776 4496 894 4546 mense
910 4477 1033 4562 aprilis
1050 4478 1166 4562 prima
1182 4477 1383 4543 indictione.
1401 4477 1683 4545 Memoratorium
1701 4477 1794 4542 sactu
1811 4495 1831 4543 a
1846 4496 1901 4543 me
1924 4479 1977 4545 loo
2000 4478 2133 4562 prestri-

279 4633 386 4698 teret
401 4632 506 4698 abbas
522 4633 733 4699 monasterio
749 4634 858 4700 sancti
875 4632 1045 4699 benedicti
1063 4632 1121 4716 qui
1138 4633 1371 4698 constructum
1390 4633 1442 4698 est
1459 4631 1496 4696 in
1513 4633 1625 4698 locum
1642 4633 1733 4698 ercle
1756 4632 1814 4697 ubi
1836 4630 1963 4696 dicitur
1987 4630 2030 4697 ad
2054 4649 2136 4697 cau-

270 4781 333 4860 ke,
354 4781 499 4866 eoquod
517 4785 598 4851 ante
614 4784 798 4868 subscripti
816 4786 920 4852 testes
936 4784 1121 4850 coniuntus
1136 4801 1210 4850 sum
1229 4801 1304 4848 cum
1323 4799 1402 4848 urso
1419 4783 1455 4848 et
1470 4799 1589 4849 manso
1604 4785 1639 4848 et
1653 4782 1794 4849 marinu
1817 4785 1852 4850 et
1866 4785 1919 4851 teo
1943 4783 2136 4850 atrianensi

273 4935 441 5016 germani
458 4935 520 5002 lilii
539 4936 673 5002 cuidam
691 4938 817 5004 marini
836 4937 943 5004 iudici
959 4940 1103 5022 propter
1119 4937 1162 5004 ad
1180 4935 1400 5003 dividendum
1419 4937 1510 5004 inter
1525 4953 1587 5005 nos
1603 4937 1702 5004 terra
1716 4955 1794 5004 cum
1807 4937 1908 5004 vinea
1922 4938 1958 5004 et
1973 4939 2132 5012 tarnum,

274 5085 370 5169 quod
386 5105 471 5171 pars
488 5087 597 5172 ipsius
614 5091 723 5156 nostri
741 5091 931 5157 monasteri
955 5109 1032 5158 cum
1058 5090 1125 5174 ipsi
1150 5089 1306 5174 germani
1331 5107 1513 5154 commune
1535 5091 1640 5156 habet
1662 5091 1699 5156 in
1722 5091 1835 5156 locum
1858 5089 1986 5155 cetaria
2008 5085 2133 5170 in'quo

274 5239 429 5306 ecclesia
445 5241 646 5308 vocabolum
665 5243 776 5308 sancti
793 5242 883 5327 petri
901 5243 1079 5310 destructa
1093 5245 1155 5311 est.
1174 5245 1210 5309 et
1225 5243 1355 5320 statim,
1374 5242 1464 5309 sicut
1480 5243 1572 5309 inter
1588 5259 1650 5311 nos
1664 5240 1847 5318 combenit,
1867 5238 2023 5324 predicta
2039 5240 2132 5305 terra
2158 5231 2160 5236 ’

270 5411 354 5459 cum
372 5393 475 5461 uinea
489 5393 675 5462 dividimus
690 5398 723 5464 et
739 5397 883 5465 fecimus
900 5395 1028 5463 exinde
1043 5396 1110 5464 due
1129 5396 1311 5464 sortiones:
1329 5415 1398 5463 una
1413 5399 1507 5464 sorte
1523 5396 1665 5464 fecimus
1676 5413 1751 5462 esse
1763 5394 1927 5460 coniunta
1939 5411 2014 5459 cum
2029 5392 2133 5460 litore

277 5543 390 5610 maris
406 5545 566 5630 insupra
580 5565 688 5631 usque
703 5546 746 5614 ad
765 5549 900 5632 pariete
916 5547 959 5614 de
974 5565 1150 5614 cammaro
1168 5549 1331 5630 sumana,
1349 5567 1415 5632 que
1431 5547 1466 5613 in
1483 5564 1565 5631 pars
1580 5545 1622 5613 de
1636 5545 1715 5629 ipsa
1738 5545 1885 5612 ecclesia
1908 5544 2017 5611 sancti
2041 5545 2133 5629 petri

272 5696 341 5772 est,
359 5698 396 5760 et
414 5713 477 5779 per
495 5697 568 5780 ipso
585 5699 751 5782 parietem
769 5699 812 5766 de
828 5700 906 5783 ipsa
929 5715 1106 5776 cammaro
1128 5702 1259 5766 rectum
1283 5697 1522 5766 ascendentem
1546 5715 1651 5781 usque
1674 5715 1774 5765 serra
1796 5697 1838 5764 de
1861 5697 1938 5782 ipso
1960 5698 2077 5764 monte
2098 5698 2134 5764 et

271 5847 433 5930 qualiter
449 5849 632 5933 coniungit
648 5849 686 5915 in
702 5867 812 5916 mare:
832 5849 875 5918 de
892 5851 961 5918 alia
977 5855 1078 5935 parte
1096 5850 1164 5916 fine
1180 5849 1257 5934 ipso
1272 5849 1375 5916 litore
1390 5847 1509 5916 maris:
1529 5847 1571 5914 de
1588 5848 1675 5933 pede
1689 5849 1759 5916 fine
1782 5849 1887 5916 tlubio
1910 5847 1953 5916 de
1976 5847 2133 5934 predicto
