5216 7092
549 555 613 654 mi
1072 607 1073 610 κ
1219 579 1382 654 coorx
1421 583 1653 657 clvnusrs

504 823 587 900 tate,
608 823 650 888 ad
667 823 832 892 securiter
848 837 889 886 ac
903 820 1051 888 firmiter
1069 821 1192 888 amodo
1208 825 1243 890 et
1268 841 1405 908 semper
1431 842 1492 892 vos
1518 825 1709 912 vestrisque
1732 827 1914 897 heredibus
1941 849 2000 898 eos
2026 831 2234 909 habendum,
2252 832 2366 900 domi-

504 973 670 1050 nandum,
689 973 947 1059 possidendum,
966 975 1084 1042 omnia
1099 939 1184 1045 inde
1196 943 1389 1070 laciendum
1408 952 1496 1063 quod
1513 980 1703 1048 volueritis.
1722 981 1812 1050 uude
1826 998 1890 1067 pro
1906 983 2179 1052 confirmandam
2202 987 2236 1052 et
2258 985 2367 1053 stabi-

504 1125 696 1196 liscendem
712 1145 778 1194 auc
793 1129 915 1194 nostra
930 1126 1178 1198 vindictionea
1200 1131 1372 1215 presentis
1395 1131 1511 1216 recepi
1526 1148 1547 1197 a
1561 1132 1596 1198 te
1610 1115 1785 1216 predictus
1808 1134 1940 1205 cicerus
1963 1135 2038 1204 hice
2060 1139 2122 1204 tua
2143 1138 2179 1203 et
2201 1154 2265 1222 pro
2287 1136 2364 1204 hice

504 1279 615 1364 ipsius
631 1280 722 1348 leoni
738 1279 855 1348 decem
871 1278 949 1346 auri
963 1279 1033 1346 tari
1049 1279 1129 1346 boni
1146 1281 1180 1348 et
1195 1279 1345 1346 medium
1360 1281 1398 1346 in
1414 1281 1526 1349 omnis
1540 1281 1798 1360 deliberatione,
1812 1284 1902 1351 sicut
1917 1285 2006 1355 inter
2020 1265 2086 1354 nos
2107 1288 2290 1354 combenit.
2318 1287 2363 1354 de

503 1449 571 1516 qua
586 1449 653 1517 ego
669 1432 854 1500 iamdictus
869 1434 1004 1501 amatus
1026 1451 1091 1518 per
1113 1450 1202 1500 vona
1224 1433 1476 1504 combenientia
1499 1435 1631 1520 guadia
1652 1436 1717 1504 tibi
1741 1435 1896 1504 iamdicti
1918 1438 2024 1506 ciceri
2046 1439 2123 1506 bice
2145 1441 2207 1506 tua
2227 1441 2262 1508 et
2284 1441 2362 1507 bice

505 1582 614 1670 ipsius
631 1584 724 1653 leoni
747 1584 825 1652 dedi
842 1587 877 1651 et
892 1583 1117 1653 mediatorem
1141 1603 1195 1652 me
1211 1584 1323 1668 ipsum
1339 1585 1401 1651 tibi
1417 1585 1547 1671 posuil3
1571 1587 1605 1653 et
1627 1604 1690 1670 per
1713 1591 1790 1672 ipsa
1813 1587 1944 1672 guadio
1966 1589 2136 1674 obligabit
2151 1609 2207 1659 me
2222 1591 2362 1677 meique

503 1737 587 1806 filiis
605 1740 638 1806 et
654 1734 798 1804 heredes
814 1734 938 1801 amodo
954 1737 989 1802 et
1003 1751 1138 1818 semper
1153 1735 1389 1802 antistandum
1405 1738 1439 1803 et
1454 1735 1705 1804 defensandum
1728 1738 1825 1806 vobis
1848 1739 2006 1807 iamdicti
2028 1741 2132 1810 ciceri
2155 1743 2189 1809 et
2211 1741 2303 1809 leoni
2327 1747 2364 1812 et

505 1886 548 1954 ad
566 1888 691 1955 vestris
706 1886 889 1954 heredibus
905 1885 1028 1953 inclita
1044 1885 1121 1973 ipsa
1135 1885 1293 1970 predicta
1308 1889 1425 1955 nostra
1442 1885 1653 1954 bindictione
1668 1888 1711 1955 da
1727 1857 1838 1958 omnis
1849 1892 2007 1960 homines
2019 1892 2180 1978 omnique
2191 1892 2357 1977 partibus.

503 2043 539 2107 et
553 2040 583 2108 si
598 2041 714 2108 taliter
729 2041 793 2108 etc:
811 2035 953 2106 &stuta
961 2055 1076 2121 poena
1090 2039 1206 2106 decem
1223 2057 1410 2108 aureorum
1424 2039 1611 2106 solidorum
1625 2043 1793 2109 coustant:
1807 2045 1841 2110 et
1856 2060 1921 2128 pro
1935 2047 2052 2112 vestra
2066 2044 2250 2112 securitate
2264 2045 2363 2114 dedi-

504 2211 581 2260 mus
599 2193 695 2260 vohis
710 2191 755 2259 ad
771 2191 968 2259 defensione
985 2190 1180 2258 habendum
1199 2192 1277 2276 ipsa
1292 2193 1436 2270 cartula,
1454 2193 1601 2277 qualiter
1624 2193 1698 2276 ipse
1721 2194 1959 2278 gualprandus
1975 2196 2010 2262 et
2024 2195 2116 2262 mira
2138 2197 2223 2262 mihi
2238 2196 2364 2264 emise-

505 2347 586 2412 runt
600 2344 644 2412 de
658 2343 736 2428 ipsa
751 2343 933 2410 medietate
948 2342 1039 2408 infra
1056 2342 1131 2426 ipse
1146 2343 1227 2409 linis
1241 2343 1301 2409 tali
1319 2343 1443 2422 tinore,
1459 2345 1508 2422 ut,
1523 2343 1659 2428 quando
1675 2344 1852 2414 volueritis
1864 2363 1927 2430 per
1942 2363 2001 2414 vos
2016 2347 2102 2430 ipsis
2117 2365 2191 2414 esse
2202 2351 2362 2414 auctores

506 2498 550 2566 de
564 2497 765 2581 supradicta
778 2498 900 2564 nostra
916 2495 1137 2574 vindictione,
1156 2497 1359 2580 potestatem
1383 2496 1537 2565 habeatis
1552 2495 1626 2563 bioe
1641 2500 1763 2564 nostra
1779 2516 1854 2564 cum
1871 2498 2072 2582 supradicta
2086 2501 2221 2566 cartula
2235 2501 2363 2566 etcum

504 2651 605 2734 quale
621 2649 693 2716 alia
708 2649 843 2717 ratione
859 2648 939 2717 inde
954 2649 1157 2726 habueritis,
1175 2649 1212 2715 in
1228 2648 1385 2716 omnibus
1408 2648 1488 2718 inde
1511 2667 1655 2717 causare
1680 2651 1714 2716 et
1728 2649 1832 2718 linem
1854 2651 1981 2729 lacere,
1996 2651 2146 2736 qualiter
2168 2650 2358 2719 volueritis.

505 2817 587 2866 nam
604 2797 742 2884 quando
757 2817 821 2865 nos
836 2797 1030 2882 quesieritis
1046 2796 1127 2864 iude
1141 2797 1268 2873 habere
1291 2799 1461 2875 auctores,
1480 2796 1645 2864 remittite
1667 2798 1749 2881 aput
1770 2815 1834 2864 nos
1856 2797 1955 2865 salba
1976 2798 2055 2883 ipsa
2077 2783 2220 2877 cartula,
2237 2801 2273 2866 et
2294 2817 2361 2866 nos

503 2951 699 3037 nostrisque
716 2952 797 3018 filiis
812 2953 847 3018 et
861 2950 1007 3018 heredes
1021 2949 1235 3018 defensemus
1250 2953 1284 3018 et
1300 2949 1552 3034 adimpleamus
1569 2951 1666 3016 vobis
1688 2949 1880 3034 vestrisque
1901 2950 2086 3018 heredibus
2109 2950 2237 3028 omnia,
2255 2967 2363 3034 quan-

503 3105 578 3172 tum
594 3106 630 3170 et
645 3103 814 3189 quomodo
830 3103 989 3189 superius
1005 3103 1135 3188 legitur
1143 3125 1153 3190 ;
1170 3106 1206 3171 et
1232 3105 1311 3188 post
1336 3104 1440 3171 finem
1468 3104 1593 3171 factam
1621 3103 1834 3171 remittamus
1860 3105 1996 3171 cartula
2022 3103 2098 3188 ipsa
2124 3105 2208 3188 aput
2229 3119 2289 3170 vos
2314 3103 2362 3170 ad

502 3254 676 3323 abendum
693 3257 730 3322 in
745 3256 909 3324 iamdicta
925 3258 1069 3323 ratione.
1089 3259 1123 3324 et
1137 3258 1256 3324 taliter
1271 3257 1420 3324 scribere
1435 3255 1637 3340 rogabimus
1654 3257 1688 3322 te
1703 3255 1878 3340 iaquintus
1901 3259 2069 3324 notarius.
2085 3259 2198 3324 actum
2221 3259 2363 3324 salerno

503 3407 586 3473 ante
602 3407 781 3492 presentia
807 3408 897 3491 petri
928 3407 1046 3484 iudici,
1064 3425 1163 3490 quem
1191 3407 1356 3474 vindictio
1381 3407 1458 3486 ista,
1477 3407 1568 3475 sicut
1593 3426 1700 3492 supra
1727 3407 1870 3491 legitur,
1888 3407 1985 3476 vobis
2008 3409 2162 3476 lecimus.
2180 3414 2215 3476 et
2240 3411 2362 3480 taliter

505 3558 721 3642 supiungere
736 3557 938 3642 rogabimus
953 3560 988 3626 te
1003 3563 1162 3644 superius
1178 3559 1287 3628 dictus
1303 3560 1478 3644 iaquintus
1493 3558 1660 3626 notarius.
1699 3531 1701 3538 '

564 3679 594 3792 †
609 3725 675 3793 ego
690 3708 749 3794 qui
766 3726 870 3792 supra
885 3703 1005 3793 petrus
1021 3706 1136 3776 iudex.

1232 4229 1610 4310 GCCLXXVI.

1286 4482 1342 4552 A.
1379 4477 1430 4553 D.
1468 4475 1571 4553 985.

561 4717 596 4853 ἰ’
619 4771 658 4834 In
677 4767 816 4834 nomine
831 4766 961 4834 domini
977 4766 1128 4834 secundo
1151 4784 1244 4834 anno
1267 4767 1486 4852 principatus
1502 4767 1619 4834 domni
1635 4767 1746 4835 nostri
1763 4767 1907 4834 iohanni
1931 4769 1965 4834 et
1980 4765 2095 4833 domni
2120 4764 2264 4850 guidoni
2286 4762 2361 4829 filio

502 4918 577 4986 eius
601 4917 747 5004 gloriosi
769 4917 997 5003 principibus,
1015 4937 1132 4988 mense
1155 4921 1294 5004 magius
1315 4920 1553 4988 tertiadecima
1575 4919 1777 4987 indictione.
1798 4918 1875 4986 ideo
1898 4937 1964 5003 que
1986 4936 2062 4995 nos,
2080 4917 2116 4985 hi
2133 4934 2250 4986 sumus
2265 4917 2358 4983 falco

501 5070 597 5138 filius
620 5071 748 5151 fasani,
766 5075 801 5139 et
815 5072 981 5140 iohannes
1004 5072 1097 5139 filius
1119 5073 1264 5152 corbini,
1283 5075 1317 5141 et
1331 5072 1509 5140 mirandus
1526 5075 1560 5141 et
1574 5077 1693 5157 petrus
1709 5073 1867 5157 germani
1891 5071 1957 5138 lilii
1980 5070 2141 5148 maraldi,
2160 5073 2195 5137 et
2209 5068 2298 5134 maio
2321 5070 2359 5135 et

502 5224 717 5295 madelfreda
733 5227 893 5322 germani
910 5226 974 5294 lilii
991 5226 1165 5306 madelmi,
1183 5226 1243 5313 qui
1259 5245 1376 5295 sumus
1391 5228 1455 5294 toti
1471 5227 1597 5294 fratres
1612 5228 1648 5295 et
1662 5227 1831 5295 sortifices
1846 5227 1883 5293 in
1898 5243 1969 5292 una
1983 5225 2188 5303 hereditate,
2207 5224 2250 5294 de
2265 5225 2357 5291 sicut

502 5378 602 5445 nobis
618 5395 812 5463 congruum
827 5380 879 5445 est
895 5379 984 5446 bone
999 5379 1118 5446 nostre
1133 5378 1368 5463 volumptatis,
1386 5380 1466 5446 ante
1481 5377 1665 5461 subscripti
1681 5379 1784 5446 testes
1799 5393 1864 5461 pro
1879 5376 1974 5446 cristi
1997 5380 2032 5442 et
2048 5375 2213 5444 salvatori
2236 5376 2357 5442 nostro

508 5529 760 5610 misericordia,
778 5548 881 5615 quam
896 5532 931 5599 et
945 5549 1009 5616 pro
1024 5529 1216 5600 remedium
1232 5529 1357 5599 salutis
1373 5531 1515 5598 hanimo
1538 5532 1656 5599 nostre
1678 5533 1713 5598 et
1735 5529 1778 5598 de
1800 5533 1929 5598 nostris
1951 5529 2167 5615 parentibus,
2184 5528 2358 5612 perhanc

505 5682 639 5794 cartula
656 5681 856 5750 offeruimus
870 5700 935 5750 nos
957 5683 1021 5750 toti
1044 5683 1270 5769 suprascripti
1295 5683 1423 5750 iratres
1446 5684 1483 5749 in
1506 5682 1676 5751 hecclesia
1697 5683 1901 5749 vocabulum
1924 5682 2034 5748 sancti
2056 5677 2237 5756 adiutoris,
2255 5695 2357 5762 quem

502 5850 566 5902 nos
582 5832 827 5903 renobabimus
842 5837 877 5901 et
893 5833 1127 5903 dedicavimus
1143 5837 1180 5903 in
1196 5835 1299 5905 rebus
1313 5837 1434 5903 nostra
1445 5833 1611 5902 dalocum
1625 5833 1775 5919 pucianu
1789 5831 1984 5918 nostrisque
1999 5830 2221 5918 pertinentiis
2237 5830 2359 5897 subtus
