5252 7102
993 622 1367 700 nrouousrmus
1479 579 1480 582 Ὺ
1994 640 2056 704 315

246 862 531 942 compensationis
544 863 662 932 decem
678 866 761 933 cori
774 867 962 934 sotidorum
977 871 1331 938 comtonttnionornm
1342 887 1411 954 pro
1428 874 1545 954 pactis
1558 842 1625 939 non
1641 874 1797 942 sanctis.
1823 891 1926 959 quam
1939 875 1973 942 te
1989 874 2106 959 guiso·

244 1029 323 1081 nem
347 1014 522 1081 notarium
545 1018 698 1087 scribere
724 1017 941 1103 rogavimus.
970 1022 1085 1087 actum
1112 1022 1265 1090 nuceria.

305 1135 416 1250 †ogo
433 1167 492 1252 qui
509 1187 618 1254 supra
632 1171 686 1239 leo

303 1287 334 1403 †
348 1334 415 1401 ego
430 1319 484 1386 leo

306 1444 336 1556 †
351 1491 418 1558 ego
434 1479 555 1558 petrus
569 1473 745 1544 diaconus.

836 1961 839 1967 ¹
935 2020 1390 2103 ooooxxxvn.

1030 2271 1086 2346 A.
1124 2271 1175 2347 D.
1212 2269 1310 2349 991.

308 2526 397 2664 †In
421 2577 561 2646 nomine
584 2578 718 2646 domini
741 2581 863 2648 octabo
889 2597 982 2646 anno
1007 2580 1227 2666 principatus
1251 2580 1370 2649 domni
1396 2583 1508 2650 nostri
1525 2583 1680 2662 iohanni,
1698 2586 1734 2652 et
1749 2585 1852 2651 tertio
1874 2603 1967 2652 anno
1994 2583 2112 2652 domni

249 2730 443 2816 guaimarii
459 2731 536 2798 eius
552 2729 624 2798 tilio
640 2731 787 2816 gloriosi
803 2732 916 2817 princi
920 2734 1033 2817 pibus,
1052 2750 1169 2801 mense
1192 2734 1333 2816 magius
1355 2735 1480 2818 quarta
1503 2732 1703 2803 indictione.
1722 2734 2004 2802 memoratorium
2020 2735 2114 2802 factu

248 2902 350 2953 anos
375 2883 478 2952 disiio
494 2884 649 2953 otiando
673 2886 835 2972 germani
859 2885 922 2954 filii
946 2854 1173 2971 inghelgardi
1198 2887 1394 2972 presbiteri,
1414 2887 1559 2972 eoquod
1582 2890 1662 2956 ante
1678 2888 1951 2971 subscriptorum
1973 2887 2113 2955 testium

191 3102 194 3110 ,
230 3018 233 3022 ’
251 3039 464 3106 tradidimus
481 3039 594 3125 adque
609 3040 769 3107 dedimus
785 3058 850 3126 pro
866 3041 943 3108 vice
957 3044 1079 3108 nostra
1094 3043 1128 3106 et
1142 3039 1185 3107 de
1199 3041 1329 3107 nostris
1357 3042 1532 3110 consortes
1557 3041 1649 3125 petri
1664 3041 1827 3125 magistri
1853 3039 1899 3108 da
1925 3040 2055 3107 ciliano
2071 3039 2110 3128 ⁴),

251 3192 311 3276 qui
327 3191 413 3257 facit
429 3192 574 3259 materie
590 3192 636 3260 da
651 3194 794 3272 barche,
814 3194 890 3277 ipsa
905 3193 1083 3260 montania
1105 3197 1225 3260 nostra
1242 3211 1319 3260 cum
1337 3193 1426 3260 silva
1448 3195 1483 3260 et
1498 3193 1705 3277 quertietum
1729 3210 1795 3278 que
1821 3194 1988 3262 habemus
2012 3194 2049 3260 in
2067 3195 2116 3260 lo-

252 3365 333 3412 cum
352 3347 478 3413 solemn
495 3347 531 3413 et
545 3349 664 3413 cetara
679 3350 713 3414 et
729 3361 923 3414 carvonara
945 3349 978 3412 et
1001 3347 1153 3424 seruitio,
1171 3350 1206 3413 et
1221 3347 1323 3414 liceat
1337 3365 1413 3416 eum
1438 3346 1519 3414 inde
1534 3347 1714 3431 lignamen
1729 3346 1906 3414 abscidere
1923 3349 1959 3413 at
1985 3346 2115 3413 sacien-

253 3499 332 3568 dom
357 3500 440 3567 inde
456 3501 604 3568 materie
620 3499 666 3567 da
682 3499 813 3568 barcho
827 3500 951 3568 amodo
968 3505 1003 3569 et
1018 3520 1126 3567 unum
1151 3519 1278 3568 annum
1306 3502 1524 3586 completum.
1544 3500 1635 3568 unde
1661 3500 1763 3567 modo
1789 3499 1884 3568 dedit
1909 3499 2009 3567 nobis
2032 3497 2116 3566 inde

256 3654 407 3739 quinque
425 3655 504 3721 auri
521 3653 600 3734 tari,
619 3657 653 3722 et
669 3655 793 3721 amodo
809 3657 967 3740 eiusque
983 3656 1094 3740 ipsum
1112 3655 1335 3722 constitutum
1350 3673 1421 3722 non
1437 3674 1620 3740 queramus
1634 3672 1697 3722 nos
1710 3654 1785 3738 ipsa
1799 3654 1887 3722 silva
1909 3659 1943 3720 et
1964 3649 2115 3736 quertie·

257 3809 330 3873 tum
344 3807 454 3874 eidem
479 3808 569 3892 petri
587 3811 750 3876 contrare
767 3812 828 3875 aut
842 3810 975 3888 tollere,
996 3811 1047 3876 set
1062 3808 1108 3876 da
1123 3811 1236 3876 omnis
1263 3808 1421 3876 homines
1446 3809 1542 3875 illam
1571 3807 1604 3874 ei
1629 3804 1855 3875 defensemus.
1873 3805 1964 3873 unde
1986 3805 2117 3890 guadia

256 3962 332 4046 ipse
347 3964 466 4046 petrus
489 3961 588 4030 nobis
604 3961 699 4029 dedit
714 3966 748 4030 et
762 3962 986 4031 mediatorem
1004 3961 1104 4030 nobis
1120 3961 1219 4048 posui
1236 3963 1389 4032 ademari
1405 3963 1500 4030 filius
1522 3960 1704 4041 teoderici,
1720 3961 1759 4027 ut
1772 3959 1815 4026 ad
1834 3959 2042 4042 completum
2064 3958 2116 4041 ip·

256 4136 330 4184 sum
348 4134 479 4184 annum
495 4115 595 4184 daret
610 4118 711 4186 nobis
727 4115 787 4184 alii
804 4117 956 4204 quinque
979 4117 1057 4185 auri
1081 4116 1178 4207 tari3¹
1192 4117 1221 4186 si
1238 4121 1353 4185 autern
1377 4116 1445 4202 ipsi
1471 4117 1540 4183 tari
1568 4115 1605 4183 in
1632 4115 1746 4200 ipsum
1772 4113 1995 4180 constitutum
2016 4111 2116 4178 nobis
2181 4209 2186 4220 .

257 4287 330 4338 non
353 4269 501 4348 dederit,
520 4270 692 4356 obligavit
706 4289 742 4338 se
758 4271 795 4337 at
809 4270 955 4356 duplum
970 4271 1020 4339 eis
1043 4271 1142 4339 nobis
1164 4269 1261 4336 dare.
1280 4275 1315 4336 et
1337 4271 1431 4336 hunc
1453 4270 1591 4338 brebem
1614 4264 1737 4334 scribsi
1760 4283 1827 4348 ego
1850 4263 2014 4333 ildericus
2037 4263 2115 4330 sub-

253 4424 422 4493 diaconus
437 4428 472 4493 et
487 4426 652 4492 notarius.

314 4554 425 4666 †ego
442 4583 495 4648 leo
511 4581 681 4666 presbiter

311 4707 422 4820 †ego
438 4735 654 4803 constantino
670 4735 842 4821 presbiter

314 4861 343 4972 †
357 4906 425 4973 ego
440 4887 584 4956 ioannes
599 4887 783 4973 presbiter.

274 5121 299 5126 --
308 5121 417 5127 --——
425 5123 440 5127 ,.
452 5121 690 5128 -—--——-—-

315 5261 338 5336 ¹)
361 5264 471 5322 ditione
491 5265 563 5322 torte
585 5264 662 5320 idern
684 5280 718 5322 ac
741 5264 882 5320 dationum
904 5262 985 5337 opud
1008 5260 1197 5317 tuvenncium
1218 5259 1248 5315 in
1270 5259 1396 5332 Apuliis.
