5252 7102
979 613 1354 689 olrluunulcus

1041 1063 1305 1146 CCCCLI.

1019 1310 1074 1386 A.
1112 1310 1163 1386 D.
1199 1307 1303 1388 992.

278 1572 367 1708 †Iu
383 1619 523 1689 domine
537 1618 669 1690 domini
684 1638 777 1689 nono
791 1639 882 1688 anno
899 1619 1120 1706 principatus
1135 1619 1255 1687 domni
1271 1621 1384 1691 nostri
1399 1621 1558 1700 iohanni,
1573 1623 1608 1689 et
1623 1624 1749 1707 quarto
1765 1639 1856 1690 anno
1870 1620 2088 1707 principatus

233 1772 353 1841 domui
376 1773 566 1859 guaimarii
590 1775 665 1843 eius
688 1775 761 1841 filio
777 1773 921 1860 gloriosi
938 1773 1164 1858 principibus,
1183 1791 1301 1842 mense
1316 1773 1432 1842 iunius
1449 1774 1570 1859 quinta
1584 1772 1785 1843 indictione.
1806 1775 2088 1842 memoratorium

233 1928 328 1994 sactu
351 1944 374 1993 a
397 1945 452 1995 ms
473 1924 601 1993 lanfrid
625 1924 793 1992 diaconus
815 1925 908 1994 illius
930 1924 1106 2011 quondam
1130 1925 1287 2011 iaquinti,
1311 1942 1353 1995 eo
1376 1925 1468 2012 quod
1483 1931 1566 1996 ante
1581 1927 1769 2010 subscripti
1783 1928 1888 1996 testes
1904 1927 2086 2030 coniuntus

230 2092 309 2141 sum
331 2093 410 2142 cum
434 2075 608 2160 alphanus
625 2091 817 2158 germanus
832 2093 926 2143 meus
942 2073 986 2141 ad
1002 2065 1226 2142 dibidendum
1242 2093 1321 2142 cum
1336 2095 1414 2146 eum
1431 2079 1528 2145 terra
1544 2094 1623 2144 cum
1638 2094 1720 2145 casa
1736 2078 1862 2146 fabrita
1876 2081 2030 2147 solarata
2046 2079 2089 2147 de

230 2224 325 2294 intus
349 2243 415 2294 auc
438 2227 688 2295 salernitanam
712 2221 898 2303 cibitatem,
924 2224 984 2310 qui
1008 2229 1061 2293 est
1086 2244 1108 2292 a
1128 2245 1231 2310 super
1248 2229 1338 2296 casis
1354 2228 1397 2295 de
1419 2228 1538 2298 eredes
1554 2228 1758 2314 radelgrimi
1773 2230 1891 2310 iudici,
1910 2248 1975 2316 que
1989 2233 2089 2298 nobis

231 2380 286 2444 est
308 2377 521 2462 pertinentes
535 2376 582 2444 da
596 2378 836 2463 suprascripto
851 2377 1045 2462 genitorem
1062 2380 1230 2458 nostrum,
1249 2379 1307 2465 qui
1324 2397 1347 2446 a
1361 2397 1443 2464 pars
1459 2379 1604 2448 meridie
1607 2429 1719 2447 .....
1738 2381 1927 2449 occidentis
1948 2401 2088 2468 asuper

231 2533 334 2612 parte
357 2529 523 2597 coniunta
545 2535 598 2599 est
620 2531 664 2598 ad
689 2530 824 2600 andita.
848 2532 924 2616 quit
947 2532 1066 2609 statim
1090 2550 1156 2617 ego
1181 2533 1361 2600 nominato
1376 2533 1504 2601 lanfrid
1519 2533 1644 2602 dibidit
1660 2551 1718 2603 eos
1734 2536 1843 2602 totum
1860 2537 1893 2603 et
1909 2537 1991 2604 fecit
2006 2536 2088 2604 inde

228 2678 298 2747 duc
320 2681 485 2748 sortionis
508 2679 555 2749 da
577 2680 735 2749 anditum
759 2681 886 2766 ipsum,
904 2681 963 2766 qui
980 2683 1032 2750 est
1047 2699 1069 2748 a
1084 2700 1165 2767 pars
1181 2681 1370 2750 occidentis
1386 2685 1421 2750 et
1435 2683 1605 2768 quomodo
1621 2682 1790 2751 derictum
1807 2684 1904 2779 badit
1920 2703 1983 2770 per
1999 2686 2087 2752 faeie

232 2829 378 2896 subtana
400 2828 443 2897 de
466 2831 541 2916 pila
563 2828 702 2909 fabrita,
728 2848 793 2916 que
816 2833 870 2899 est
893 2830 931 2897 in
953 2830 1105 2899 medium
1122 2832 1241 2900 subtus
1257 2831 1334 2916 ipso
1350 2833 1530 2901 cellarium
1542 2836 1577 2901 et
1589 2833 1759 2901 derictum
1775 2835 1813 2902 in
1828 2836 1897 2902 fine
1912 2837 2003 2920 petri
2020 2835 2084 2902 filii

228 2981 374 3070 andree3
391 3001 460 3050 una
476 2983 630 3052 sortione
646 2983 685 3051 in
699 3000 783 3068 pars
799 2981 956 3062 meridie,
982 2985 1017 3051 et
1032 2984 1104 3050 alia
1120 2984 1157 3050 in
1172 3002 1256 3068 pars
1271 2985 1576 3068 septemtrionalis.
1595 2984 1693 3055 Unde
1709 2986 1807 3070 prius
1824 2986 1897 3070 ipse
1912 2988 2086 3070 alphanus

227 3135 447 3219 compreensi
471 3134 509 3202 in
531 3137 625 3202 sorte
648 3137 722 3201 tota
744 3137 780 3202 et
803 3134 924 3201 inclita
947 3135 1021 3219 ipsa
1047 3135 1209 3214 sortione,
1235 3137 1292 3221 qui
1315 3139 1367 3204 est
1388 3155 1411 3203 a
1433 3155 1517 3221 pars
1540 3133 1685 3205 meridie
1708 3137 1826 3204 subtus
1848 3139 1882 3205 et
1911 3155 2016 3221 super
2039 3136 2085 3203 da

227 3287 319 3354 facie
341 3287 385 3355 de
408 3289 483 3373 ipsa
505 3289 577 3373 pila
598 3291 634 3356 et
647 3286 694 3356 da
709 3287 865 3372 predicto
880 3287 1011 3367 andito,
1026 3289 1113 3355 sicut
1128 3287 1291 3370 diximus,
1310 3291 1347 3356 in
1363 3292 1483 3358 subtus
1498 3308 1606 3375 usque
1626 3289 1666 3356 in
1689 3288 1764 3374 ipso
1786 3288 1904 3356 andito
1920 3291 2080 3369 subrano,

231 3437 281 3505 ita
303 3441 343 3504 ut
366 3439 461 3506 omui
484 3443 640 3526 tempore
661 3411 832 3508 derictum
856 3459 893 3510 se
915 3439 1083 3508 ascendad
1108 3439 1153 3508 da
1175 3440 1264 3511 sacia
1285 3443 1432 3510 subtana
1447 3440 1490 3511 de
1505 3441 1581 3526 ipsa
1597 3439 1669 3526 pila
1684 3459 1791 3526 usque
1806 3443 1932 3509 tectum
1949 3441 1993 3509 de
2007 3442 2087 3527 ipsa

228 3603 324 3674 casa;
349 3591 385 3655 et
407 3589 480 3674 ipsa
503 3557 638 3658 lunsrid¹
655 3589 821 3660 diaconus
845 3593 1077 3677 compreensit
1099 3591 1137 3661 in
1159 3595 1253 3661 sorte
1268 3596 1342 3659 tota
1356 3595 1392 3661 et
1406 3593 1528 3661 inclita
1545 3590 1621 3677 ipsa
1636 3591 1790 3660 sortione
1806 3610 1827 3658 a
1844 3609 1925 3676 pars
1937 3594 2088 3677 septem-

226 3740 394 3810 trionalis
416 3743 461 3810 da
477 3745 556 3829 ipsa
570 3746 657 3814 facie
672 3747 819 3814 subtana
833 3744 876 3813 de
892 3746 969 3832 ipsa
985 3747 1056 3830 pila
1067 3765 1176 3831 usque
1191 3749 1266 3831 ipso
1284 3746 1403 3813 andito
1418 3762 1570 3831 suprauo
1586 3748 1704 3814 subtus
1719 3748 1754 3814 et
1769 3765 1885 3831 super.
1905 3765 1944 3814 ec
1958 3745 2086 3814 dibisio

228 3893 323 3962 inter
344 3912 408 3962 nos
432 3896 587 3976 lecimus
613 3899 647 3967 et
669 3899 902 3983 unusquisque
924 3899 1027 3966 sortis
1050 3897 1124 3983 ipse
1146 3899 1238 3966 iuter
1261 3915 1324 3966 nos
1340 3899 1634 3981 compreensimus
1649 3904 1684 3965 et
1699 3896 1903 3966 tradidimus
1919 3917 1997 3964 cum
2013 3917 2085 3966 om-

228 4050 291 4118 nia
314 4051 409 4154 intro
431 4068 469 4118 se
484 4051 665 4121 abentibus
688 4051 914 4136 omnibusque
929 4050 1001 4118 suis
1017 4050 1236 4136 pertinentiis
1251 4055 1287 4118 et
1302 4068 1380 4116 cum
1394 4052 1469 4118 hice
1484 4049 1527 4118 de
1544 4049 1598 4118 bie
1613 4051 1648 4117 et
1662 4047 1705 4117 de
1721 4047 1798 4134 ipsa
1813 4049 1933 4116 andita
1949 4068 2022 4130 sua,
2041 4049 2085 4117 ad

229 4204 401 4272 securiter
424 4207 460 4272 et
476 4205 623 4275 firmiter
638 4205 733 4272 omni
750 4209 905 4292 tempore
921 4224 989 4292 ego
1004 4209 1040 4274 et
1051 4205 1138 4273 meis
1153 4204 1311 4275 eredibus
1327 4203 1527 4290 supradicta
1542 4221 1619 4271 mea
1633 4205 1786 4272 sortione
1801 4153 1879 4270 illut
1894 4202 2080 4281 abendum,

228 4353 493 4435 dominandum,
518 4355 774 4441 possidendum,
801 4357 919 4427 omnia
943 4356 1024 4425 inde
1046 4356 1238 4425 iaciendum
1260 4355 1351 4442 quod
1374 4357 1595 4424 boluerimus.
1611 4357 1859 4432 verumtamen,
1885 4354 1914 4423 si
1937 4371 2000 4438 per
2017 4373 2086 4422 me-

228 4504 327 4572 dium
342 4505 512 4591 parietem
535 4505 577 4574 ad
602 4507 841 4578 fabricandum
866 4509 1073 4588 benerimus,
1091 4508 1319 4575 communiter
1342 4507 1422 4576 illut
1443 4507 1623 4575 mittamus
1646 4505 1737 4574 iusta
1760 4506 1894 4574 ratione
1917 4523 2025 4589 usque
2048 4504 2087 4572 in

230 4661 309 4746 ipsa
331 4661 422 4730 facie
444 4663 594 4730 subtana
616 4661 659 4730 de
682 4661 760 4747 ipsa
782 4661 866 4747 pila,
884 4663 918 4728 et
940 4678 1003 4745 per
1026 4640 1142 4746 partes
1159 4660 1271 4729 licead
1287 4677 1351 4728 nos
1368 4660 1405 4728 in
1420 4659 1499 4744 ipsa
1514 4659 1587 4744 pila
1602 4656 1772 4726 bordoues
1787 4674 1918 4742 ponere
1933 4657 1969 4724 et
1984 4657 2088 4741 caput

170 4869 174 4876 .
229 4810 274 4880 de
295 4814 412 4882 trabes
439 4815 529 4882 iusta
555 4815 704 4916 ratione,
722 4818 759 4883 et
778 4816 816 4884 in
839 4814 915 4899 ipso
938 4814 1106 4899 parietem
1129 4814 1298 4882 faciamus
1320 4831 1384 4899 per
1406 4813 1524 4898 partas
1539 4812 1776 4897 sagittaroles,
1796 4811 1886 4878 sicut
1902 4808 2082 4888 meruerit,

229 4965 320 5033 iusta
342 4966 488 5035 ratione.
514 4967 611 5040 Unde
634 4985 699 5054 pro
721 4966 839 5036 taliter
862 4964 991 5052 guadia
1004 4963 1090 5033 mibi
1107 4965 1201 5034 dedit
1215 4969 1251 5033 et
1265 4964 1492 5034 mediatorem
1509 4963 1595 5032 mihi
1612 4964 1729 5050 posuit
1749 4960 1978 5048 berrengneri
1993 4961 2087 5028 filius

231 5119 396 5204 maraldi3
420 5122 455 5188 et
476 5137 540 5204 per
563 5120 641 5204 ipsa
663 5117 792 5204 guadia
815 5117 984 5203 obligabit
1006 5136 1043 5185 se
1058 5121 1206 5202 suosque
1221 5116 1312 5187 filios
1328 5119 1363 5185 et
1377 5116 1510 5198 eredes,
1530 5119 1567 5184 ut
1581 5117 1611 5185 si
1627 5116 1752 5202 aliquit
1765 5115 1809 5182 de
1824 5113 1913 5200 quod
1927 5107 2087 5196 superius

229 5269 376 5357 legitur,
394 5271 562 5357 quesierit
585 5269 766 5340 remobere
789 5273 850 5338 aut
871 5274 1032 5340 contrare
1054 5272 1089 5338 et
1103 5270 1140 5336 iu
1155 5270 1394 5356 suprascripta
1408 5268 1579 5338 dibisione
1592 5268 1740 5336 firmiter
1755 5284 1824 5334 non
1840 5267 2084 5354 permanserit,

230 5439 437 5510 componere
459 5425 630 5511 obligabit
652 5443 690 5494 se
712 5442 860 5510 suosque
874 5424 965 5493 filios
980 5427 1016 5492 at
1031 5423 1150 5492 eredes
1166 5423 1253 5492 mihi
1267 5425 1402 5510 meique
1418 5421 1578 5492 eredibus
1593 5421 1851 5508 quinquaginta
1865 5420 1943 5488 auri
1958 5419 2087 5490 solidos
2155 5493 2162 5508 ,

229 5578 478 5659 constantinus,
492 5582 528 5647 et
539 5595 579 5647 ec
590 5578 694 5648 sortis
709 5578 804 5646 omni
820 5580 975 5662 tempore
991 5576 1085 5646 inter
1098 5592 1162 5644 nos
1177 5578 1211 5645 et
1226 5577 1357 5645 nostris
1372 5574 1528 5645 eredibus
1543 5575 1643 5642 tlrme
1658 5571 1880 5660 permanead,
1891 5571 2090 5659 sicutsupe-

233 5731 307 5798 rius
330 5731 475 5816 legitur:
489 5734 619 5812 umen,
638 5731 762 5817 siquis
778 5747 822 5798 ex
837 5747 901 5798 nos
915 5731 970 5799 vel
985 5729 1116 5799 nostris
1132 5728 1295 5798 eredibus
1310 5727 1353 5796 de
1369 5729 1445 5814 ipsc
1460 5727 1564 5796 sortis
1579 5729 1706 5813 absque
1729 5725 1879 5794 colludio
1895 5745 1957 5813 per
1972 5728 2087 5812 legem

235 5879 499 5967 perdiderimus,
525 5902 615 5952 unus
638 5885 785 5954 alterum
809 5881 1051 5952 iustaratione
1067 5883 1237 5951 internos
1254 5885 1487 5952 restauremus
1503 5899 1567 5967 per
1581 5879 1785 5966 supradicta
1802 5877 1932 5964 guadia
1953 5879 1988 5947 et
2003 5878 2088 5947 obli·
