5286 7098
606 590 647 652 86
1269 567 1433 642 CODEX
1472 564 1705 640 GAVENSIS

560 823 678 890 tenere
695 821 729 892 00
745 817 924 886 dominare
940 816 975 882 et
988 811 1148 882 sacerdos
1170 812 1216 880 ibi
1233 809 1407 889 ordinare,
1425 809 1574 894 qualiter
1588 806 1814 875 boluerimus:
1834 805 1970 894 reliqua
1985 807 2060 892 ipsa
2076 807 2260 876 medietate
2274 807 2316 879 de
2339 809 2412 896 ipsa

560 971 706 1040 ecclesia
723 987 799 1035 cum
818 968 895 1052 ipsa
912 965 982 1034 alia
996 964 1177 1033 medietate
1193 963 1236 1032 de
1251 964 1331 1048 ipsa
1346 965 1447 1032 rebus
1461 961 1530 1030 siat
1546 959 1589 1028 ad
1606 959 1775 1045 potestate
1791 957 1938 1045 predicti
1953 959 2042 1045 petri
2057 979 2119 1046 per
2136 961 2196 1029 illo
2219 960 2353 1042 ordine,
2372 964 2413 1030 si-

559 1123 619 1189 cut
633 1119 707 1187 eius
723 1121 860 1186 brebem
876 1116 1040 1184 continet.
1059 1118 1093 1182 00
1108 1117 1198 1182 hunc
1216 1114 1356 1182 brebem
1373 1111 1498 1198 scripsi
1515 1127 1581 1196 ego
1597 1110 1765 1178 iohannes
1782 1109 1939 1178 notarius
1954 1111 2013 1196 qui
2029 1110 2183 1178 interlui.

617 1245 646 1359 †
661 1289 729 1357 ego
744 1272 802 1358 qui
820 1288 928 1356 supra
943 1273 1079 1338 amatus
1096 1268 1267 1353 presbiter

617 1400 646 1514 †
663 1445 730 1512 ego
745 1442 868 1494 manso
883 1425 1050 1510 presbiter

619 1553 730 1666 †ego
747 1582 868 1665 petrus
882 1575 1046 1644 diaconus
1146 1670 1152 1683 ἱ
1291 1571 1295 1578 “

619 1705 648 1818 †
664 1749 731 1817 ego
746 1734 866 1816 petrus
882 1729 1052 1814 presbiter
1067 1730 1102 1795 00
1118 1723 1337 1812 primicerius

621 1855 650 1969 †
666 1900 733 1967 ego
748 1881 866 1966 petrus
881 1879 1048 1946 diaconus

621 2009 731 2121 †ego
747 2036 866 2118 petrus
882 2031 1107 2098 subdiaconus
1218 2015 1222 2026 ’

617 2159 728 2272 †ego
745 2182 985 2254 constantinus
1001 2180 1183 2268 presbiter.

1247 2669 1249 2674 ⁵
1334 2682 1669 2764 CCLXXIX.

1358 2930 1411 3006 A.
1451 2929 1502 3006 D.
1540 2926 1644 3007 974.

618 3193 705 3334 †ln
727 3243 868 3311 nornine
883 3241 1015 3311 domini
1031 3240 1303 3328 quadragesimo
1329 3238 1478 3307 secundo
1503 3257 1594 3306 anno
1617 3229 1834 3326 principatus
1857 3239 1976 3307 domni
1997 3241 2106 3310 nostri
2130 3239 2245 3324 gisolfi
2268 3239 2409 3324 gloriosi

557 3393 738 3478 principis,
757 3411 875 3460 mense
903 3394 1046 3461 adustus
1073 3389 1225 3460 secunda
1252 3389 1453 3458 indictione.
1481 3391 1763 3459 memoratorium
1791 3391 1882 3458 factu
1909 3408 1930 3456 a
1956 3409 2010 3459 me
2036 3392 2091 3458 leo
2118 3391 2319 3460 atrianense
2340 3390 2409 3458 filio
2516 3433 2518 3438 -

530 3544 732 3629 «quondam
748 3545 905 3624 iohanni,
932 3563 972 3612 eo
996 3544 1085 3630 quod
1101 3548 1183 3614 ante
1206 3545 1393 3630 subscripti
1417 3545 1521 3613 testes
1545 3546 1728 3612 coniuntus
1754 3563 1828 3613 sum
1856 3562 1932 3611 cum
1959 3504 2131 3630 alphanus
2153 3544 2300 3612 clericus
2323 3543 2411 3614 iilius

558 3671 722 3764 odelchisi
740 3696 890 3776 diaconi,
909 3698 1155 3798 propterquod
1172 3699 1247 3783 ipse
1264 3701 1437 3784 alphanus
1454 3697 1540 3764 mihi
1557 3696 1675 3765 datum
1692 3698 1790 3765 abuit
1804 3697 1871 3768 due
1886 3699 1982 3783 pecie
1998 3696 2041 3765 de
2056 3701 2152 3766 terra
2168 3715 2246 3764 curn
2261 3698 2366 3766 binea
2379 3701 2411 3764 00

559 3848 695 3932 pastino
710 3847 753 3916 de
768 3852 881 3916 locum
899 3849 1021 3930 tilline,
1036 3849 1125 3936 quod
1142 3849 1215 3936 ipse
1231 3853 1400 3936 alphanus
1415 3852 1497 3919 ante
1513 3869 1551 3919 os
1568 3851 1641 3919 dies
1657 3869 1719 3937 per
1735 3850 1800 3920 due
1817 3850 2063 3935 scriptionibus
2078 3849 2164 3918 mihi
2181 3847 2408 3924 confirmabit,

555 4005 589 4070 et
604 4021 668 4088 per
684 4001 789 4069 alium
806 4002 974 4088 seriptum
990 4003 1064 4090 ipse
1078 4007 1177 4072 ambo
1193 4005 1440 4089 scriptionibus
1455 4004 1542 4072 mibi
1567 4003 1748 4072 adberabit
1770 4007 1805 4074 00
1827 4023 1891 4090 per
1914 4004 1991 4074 aliis
2015 4003 2187 4072 ominibus
2210 4003 2315 4070 terris
2338 4003 2409 4088 ipse

527 4237 531 4247 ¹
556 4171 633 4220 cum
651 4155 763 4222 bineis
780 4155 866 4222 mihi
891 4158 1049 4224 contrate
1071 4160 1171 4244 sunt;
1188 4160 1239 4225 000
1263 4175 1328 4242 ego
1353 4158 1430 4224 illut
1454 4157 1540 4225 aduc
1563 4157 1775 4242 possidentes
1798 4176 1888 4243 sum3
1906 4175 1972 4224 nuc
1997 4159 2123 4234 autem,
2138 4159 2175 4224 ut
2191 4155 2321 4223 dictum
2345 4157 2406 4230 000,

553 4322 618 4390 pro
634 4307 748 4374 taliter
765 4322 843 4372 cum
860 4305 979 4374 eodem
995 4310 1167 4392 alphanus
1183 4307 1330 4376 clericus
1347 4308 1532 4376 contuntus‘
1551 4327 1628 4374 sum
1654 4308 1697 4374 ad
1723 4309 1799 4374 illut
1821 4308 1946 4377 iterum
1970 4307 2056 4376 milri
2072 4305 2359 4384 confirmandum,
2377 4307 2408 4372 et

549 4455 674 4522 statim
691 4455 816 4523 ostedit
833 4475 899 4540 ego
915 4457 994 4542 ipsa
1008 4458 1181 4544 scriptura
1203 4459 1356 4543 primurn
1379 4459 1627 4538 continentem,
1646 4458 1813 4542 quomodo
1838 4459 1913 4543 ipse
1936 4459 2108 4544 alphanus
2131 4462 2212 4527 ante
2235 4457 2409 4543 presentia

556 4603 675 4672 domni
691 4605 783 4689 petri
799 4607 1002 4692 0000000000
1016 4627 1079 4695 per
1095 4609 1168 4680 eius
1183 4611 1434 4680 absolutionem
1450 4609 1725 4678 conflrrnaberad
1742 4609 1828 4677 milri
1845 4611 1922 4696 ipsa
1939 4613 2036 4677 terra
2050 4629 2128 4677 curu
2144 4611 2246 4677 binea
2260 4611 2295 4676 00
2317 4610 2408 4678 terra

552 4773 630 4821 cum
647 4756 785 4840 pastino
799 4761 942 4843 propter
956 4761 1119 4845 pretium,
1137 4761 1227 4846 quod
1243 4761 1329 4830 mihi
1346 4765 1459 4848 religo
1475 4764 1540 4832 luit
1555 4763 1649 4843 dare,
1668 4765 1758 4832 sicut
1773 4763 1851 4850 ipsa
1865 4761 2009 4848 scriptio
2025 4761 2188 4832 continet.
2207 4763 2284 4847 ipso
2300 4760 2405 4830 alium

555 4909 721 4993 scripturn
739 4909 957 4991 continebad
976 4913 1146 4998 quomodo
1161 4915 1242 4982 0000
1257 4915 1437 4999 presentia
1451 4915 1562 5001 ipsius
1573 4915 1691 4985 domni
1706 4916 1859 5001 episcopi
1876 4918 1910 4984 et
1933 4914 2080 5000 gaidoni
2104 4913 2209 4980 iudici
2233 4931 2310 4980 cum
2335 4913 2407 4997 ipso

555 5061 729 5145 alphanus
745 5059 827 5128 iude
844 5059 879 5126 00
895 5063 1145 5132 contentionem
1174 5064 1238 5130 ibit
1254 5067 1288 5133 et
1303 5065 1382 5133 illut
1403 5065 1489 5132 mihi
1512 5063 1710 5142 contrabad‚
1729 5069 1782 5132 000
1805 5067 1947 5150 propter
1971 5065 2085 5150 ipsum
2109 5064 2256 5132 domnus
2279 5062 2408 5148 000000

555 5233 649 5298 pum,
670 5213 768 5283 cuius
784 5219 867 5284 ante
881 5218 1059 5300 presentia
1073 5219 1201 5286 iactum
1220 5219 1286 5286 luit
1313 5219 1392 5287 illut
1417 5219 1503 5286 milri
1531 5221 1691 5288 contrare
1717 5237 1787 5288 non
1816 5220 1989 5306 potuerit;
2005 5221 2057 5288 set
2084 5219 2159 5305 ipse
2186 5216 2407 5302 scriptionem

554 5364 641 5431 mihi
656 5365 835 5434 adberabit
850 5371 885 5435 et
900 5369 1002 5436 rebus
1017 5367 1096 5454 ipsa
1111 5369 1196 5438 mihi
1214 5355 1431 5438 confirmabit
1452 5375 1488 5440 00
1504 5327 1751 5452 manifestabit,
1772 5376 1809 5441 ut
1824 5373 1867 5441 de
1883 5373 1962 5458 ipsa
1983 5373 2086 5440 rebus
2109 5389 2244 5440 mecum
2267 5383 2407 5438 causare

554 5532 625 5583 non
641 5519 802 5602 potuerit.
821 5539 882 5588 seu
897 5525 933 5590 00
947 5523 1072 5592 00000100
1087 5543 1154 5610 ego
1171 5526 1277 5592 alium
1293 5525 1474 5610 scriptum,
1492 5528 1660 5612 quomodo
1682 5531 1763 5599 ante
1786 5530 1899 5616 ipsum
1923 5527 2027 5616 gaido
2043 5524 2148 5594 iudex
2163 5543 2241 5592 cum
2263 5519 2408 5592 eundem

554 5671 730 5754 alphanus
752 5672 952 5742 coniuntum
976 5673 1041 5741 suit
1063 5694 1128 5761 pro
1156 5676 1236 5744 inde
1263 5677 1367 5746 01000
1395 5678 1601 5760 iaciendum,
1619 5683 1671 5749 set
1696 5679 1932 5750 manifestabit
1958 5678 2058 5757 milri,
2086 5681 2125 5744 ut
2150 5677 2226 5762 ipse
2252 5674 2408 5743 iamdicte

552 5823 796 5909 scriptionibus
811 5843 950 5897 veraces
965 5845 1039 5899 esse
1054 5829 1144 5900 etde
1160 5829 1237 5916 ipsa
1253 5835 1354 5902 rebus
1371 5851 1505 5903 mecum
1521 5853 1663 5904 causare
1678 5854 1748 5902 non
1765 5838 1893 5922 potere.
1912 5852 1989 5902 cum
2014 5834 2129 5898 autern
2154 5831 2228 5915 ipse
2250 5825 2406 5911 scriptio-
