5252 7102
624 579 687 644 nro
1166 656 1171 666 ¹
1292 561 1456 636 consu
1494 563 1728 638 cavensis

577 812 674 880 indat
689 809 945 898 septemtrionis
966 807 1071 878 salire
1095 824 1203 893 usque
1228 807 1266 874 in
1289 805 1368 892 ipsa
1391 807 1555 874 castanea
1576 805 1726 874 matrioa
1747 808 1783 874 et
1804 807 1854 876 sic
1878 806 2047 876 directum
2070 809 2108 878 in
2130 827 2247 880 susum
2269 819 2420 900 usquein

576 969 691 1034 torum
707 983 800 1051 aqua
815 965 1011 1034 versantem
1027 965 1062 1032 et
1084 963 1122 1030 in
1144 962 1260 1029 iusum
1283 979 1390 1046 nsque
1413 960 1450 1027 in
1472 959 1627 1040 flumeni,
1645 963 1679 1028 et
1701 960 1882 1030 divisimus
1904 980 1964 1032 eos
1986 963 2024 1032 in
2047 955 2211 1050 quattuor
2233 969 2416 1050 portiones:

576 1091 854 1188 mensuravimus
872 1117 998 1184 eubina
1011 1115 1106 1202 passi
1121 1113 1393 1200 quadragintam
1410 1131 1537 1180 unum:
1554 1131 1576 1180 a
1598 1115 1699 1199 parte
1722 1113 1766 1182 de
1790 1133 1898 1200 supra
1921 1113 1965 1182 de
1986 1115 2204 1184 latitudinem
2228 1136 2250 1186 a
2270 1119 2366 1189 finem
2386 1122 2423 1191 de

579 1273 657 1358 ipsa
674 1271 833 1358 predicta
848 1273 1010 1340 castanea
1026 1270 1064 1339 in
1079 1269 1191 1337 iusum
1209 1267 1308 1336 indat
1324 1285 1420 1334 mare
1435 1271 1470 1335 et
1485 1269 1651 1335 termines
1667 1266 1709 1336 de
1725 1269 1827 1354 petra
1841 1269 1876 1337 et
1890 1269 2007 1336 sabuci
2031 1268 2157 1337 ividem
2181 1271 2416 1354 constituimus,

579 1429 615 1494 et
630 1426 673 1495 de
688 1425 945 1511 longitudinem
962 1443 1006 1492 av
1022 1425 1135 1509 ipsum
1153 1424 1266 1488 torum
1283 1421 1376 1505 aqna
1391 1422 1584 1489 versantem
1598 1438 1706 1506 usque
1721 1422 1758 1487 in
1773 1419 1900 1488 flumen
1915 1423 1950 1488 et
1966 1421 2164 1489 iattavimus
2187 1439 2246 1491 eos
2268 1423 2303 1488 in
2323 1425 2419 1509 ipsam

580 1578 777 1663 portionem
794 1595 816 1644 a
832 1594 940 1654 mare,
958 1577 993 1644 et
1008 1576 1117 1642 totum
1133 1574 1209 1658 ipso
1226 1573 1296 1640 alio
1312 1573 1371 1658 qui
1387 1571 1514 1640 exinde
1528 1573 1719 1642 remanete
1737 1573 1842 1641 finem
1868 1572 1912 1640 de
1936 1571 2093 1658 predicta
2116 1573 2254 1653 cubina,
2273 1575 2329 1642 ubi
2349 1594 2420 1645 eon·

579 1730 752 1798 stituimus
769 1730 834 1815 ipsi
858 1728 1034 1806 terminos,
1053 1726 1097 1794 de
1111 1724 1473 1810 latitudinem'usque
1495 1725 1532 1791 in
1555 1725 1695 1792 vineam
1719 1724 1762 1792 de
1785 1725 1850 1810 ipsi
1877 1725 2039 1793 monachi
2063 1725 2161 1796 etde
2184 1727 2420 1812 longitudinem

581 1902 687 1968 usque
703 1883 740 1949 in
756 1881 882 1950 flumen
899 1881 1091 1966 apredieto
1109 1881 1222 1946 torum
1238 1895 1330 1964 aqua
1348 1879 1546 1945 versantem
1571 1877 1776 1945 iattavimus
1798 1894 1857 1945 eos
1881 1879 1918 1946 in
1942 1879 2054 1962 ipsam
2078 1881 2273 1964 portionem
2295 1879 2335 1949 de
2355 1901 2421 1967 pre

580 2032 674 2100 dicto
689 2052 862 2118 campum,
880 2051 1025 2119 quarum
1043 2051 1099 2100 me
1113 2031 1352 2118 suprascripto
1376 2030 1529 2096 iohanne
1551 2028 1669 2114 tetigit
1691 2029 1728 2096 in
1751 2030 1901 2114 primam
1927 2030 2120 2114 portionem
2144 2031 2334 2116 plenariam
2355 2033 2420 2118 ipse

581 2185 697 2270 portio
712 2203 733 2252 a
748 2203 845 2254 mare
859 2205 936 2252 eum
953 2185 1083 2264 omnia,
1103 2185 1191 2251 sicut
1206 2183 1367 2268 superius
1382 2181 1527 2268 legitur3
1544 2184 1578 2250 et
1593 2197 1658 2266 pro
1675 2181 1821 2266 eoquod
1838 2182 1943 2249 michi
1959 2185 2155 2268 appreensi,
2171 2185 2210 2252 in
2226 2186 2337 2270 prima
2352 2185 2419 2253 dedi

581 2337 645 2406 tibi
661 2338 897 2424 suprascripte
913 2340 1011 2423 gutte
1025 2354 1213 2424 germanus
1229 2355 1326 2404 meus
1344 2335 1419 2420 ipse
1434 2336 1599 2420 quattuor
1615 2336 1761 2420 pergule
1777 2335 1935 2420 plenarie
1950 2335 1992 2402 de
2007 2335 2110 2404 vinea
2133 2353 2212 2403 oum
2236 2337 2347 2404 omnia
2366 2357 2419 2404 sua

581 2491 839 2577 pertinentiam,
858 2490 948 2576 quod
965 2490 1071 2558 miehi
1087 2493 1166 2557 ante
1182 2509 1220 2557 os
1234 2506 1344 2556 annos
1359 2491 1399 2555 tu
1419 2488 1655 2574 suprascripte
1671 2489 1770 2573 gutte
1785 2487 1922 2566 dedisti,
1942 2488 2190 2574 propterquod
2208 2491 2417 2575 comparastis

579 2645 614 2708 et
629 2636 831 2709 eamniastis
847 2642 924 2726 ipsa
938 2640 1038 2709 vinea
1053 2658 1093 2708 av
1111 2640 1179 2726 ipsi
1196 2639 1290 2707 servi
1305 2642 1341 2706 et
1357 2638 1489 2706 familia
1503 2637 1614 2708 nostri
1631 2639 1813 2724 genitoris,
1832 2641 1868 2706 et
1882 2657 1938 2708 me
1953 2641 2190 2726 suprascripto
2207 2642 2304 2726 gutto
2318 2641 2419 2727 tetigit

583 2795 620 2862 in
637 2794 822 2863 secundam
838 2794 1033 2880 portionem
1051 2793 1213 2878 plenaria
1231 2792 1309 2876 ipsa
1324 2792 1439 2876 portio
1455 2791 1498 2858 de
1514 2791 1627 2896 ipsum
1642 2809 1804 2876 campum
1820 2810 1898 2860 cum
1915 2751 2042 2871 omnia,
2061 2793 2152 2860 sicut
2166 2795 2324 2878 superius
2345 2795 2419 2877 legi·

579 2947 649 3012 tur.
669 2948 735 3013 hec
758 2946 873 3014 omnia
889 2947 981 3013 inter
1005 2963 1067 3013 nos
1090 2945 1273 3012 divisimus
1296 2946 1332 3011 et
1354 2943 1483 3012 exinde
1505 2944 1595 3013 inter
1618 2961 1681 3011 nos
1703 2945 1976 3029 appreensimus,
1993 2947 2029 3013 et
2052 2942 2287 3033 unusquisque
2306 2946 2346 3013 de
2366 2963 2418 3013 nos

579 3097 688 3164 faciat
702 3097 745 3164 de
760 3117 858 3166 suam
876 3099 1071 3184 portionem
1088 3097 1178 3186 quod
1197 3098 1251 3165 illi
1266 3096 1449 3182 placuerit,
1468 3098 1503 3164 et
1526 3096 1585 3182 qui
1608 3095 1651 3163 de
1674 3115 1737 3165 nos
1759 3115 1796 3167 se
1819 3099 2008 3166 externave
2030 3099 2191 3179 voluerit,
2210 3099 2329 3186 perdat
2350 3115 2417 3183 por-

581 3251 711 3317 tionem
728 3269 839 3330 suam,
858 3253 893 3319 et
908 3269 946 3320 ec
963 3251 1124 3319 chartula
1139 3253 1185 3319 sit
1200 3251 1305 3319 firma
1321 3251 1362 3352 in¹
1374 3253 1579 3336 perpetuum
1596 3223 1626 3338 †
1641 3254 1675 3320 et
1691 3252 1778 3318 mihi
1794 3253 2031 3338 suprascripto
2053 3253 2225 3322 iohannes
2240 3253 2309 3322 filio
2324 3251 2417 3320 leonis

578 3420 617 3469 eo
632 3402 757 3470 divisio
773 3405 883 3488 place.

636 3525 665 3638 †
681 3571 781 3640 ursus
796 3554 888 3622 filius
904 3556 1117 3624 constantini
1131 3556 1175 3624 de
1190 3556 1311 3641 lupino
1325 3557 1422 3625 testis
1437 3576 1525 3624 sum.

637 3677 665 3789 †
682 3706 840 3772 marinus
855 3705 949 3774 filius
965 3707 1134 3775 iohannes
1149 3707 1193 3775 de
1207 3708 1343 3774 marino
1358 3709 1453 3776 testis
1467 3727 1543 3774 sum

637 3829 747 3944 †ego
766 3859 933 3926 iohannes
948 3859 1040 3926 filius
1056 3859 1265 3927 constantini
1282 3859 1324 3927 de
1339 3859 1459 3944 lupino
1475 3858 1570 3928 testis
1584 3877 1660 3926 sum

638 3981 667 4094 †
681 4011 767 4080 EGO
781 4011 918 4096 pulcari
935 4011 1028 4080 filius
1044 4013 1205 4080 iohannis
1220 4011 1262 4080 de
1278 4013 1500 4080 constantino
1515 4013 1558 4080 de
1575 4030 1695 4079 mauro
1710 4013 1835 4080 comite
1850 4013 1948 4096 inter
1958 4014 2058 4084 testes
2074 4033 2146 4082 sum

636 4134 748 4248 †ego
763 4164 920 4231 marinus
935 4164 1029 4232 filius
1046 4166 1138 4231 tauri
1155 4165 1199 4232 de
1215 4166 1350 4232 marino
1366 4166 1490 4234 comite
1505 4166 1602 4236 testis
1618 4185 1693 4234 sum

637 4313 694 4381 die
710 4313 888 4382 tricesima
911 4315 1040 4384 mensis
1063 4317 1251 4400 septembri
1274 4316 1462 4384 indictione
1477 4317 1593 4402 prima

636 4437 748 4550 †ego
764 4466 1025 4552 suprascriptus
1039 4467 1159 4552 guttas
1186 4465 1301 4534 scriba
1327 4468 1431 4535 huius
1457 4467 1609 4536 civitatis
1635 4469 1727 4536 hanc
1755 4467 1951 4535 chartulam
1977 4467 2096 4535 merisi
2122 4467 2304 4537 divisionis
2325 4486 2413 4536 manu

573 4619 718 4702 propria
733 4618 868 4702 scripsi.

1356 5124 1655 5208 CCCXGV.

1355 5369 1410 5444 A.
1448 5369 1498 5446 D.
1537 5367 1640 5448 987.

637 5623 1024 5761 †1nnominedomini
1041 5675 1166 5760 quarto
1188 5690 1280 5740 anno
1303 5673 1522 5758 principatus
1545 5675 1663 5744 domni
1686 5678 1798 5747 nostri
1823 5677 1968 5747 iohanni
1991 5679 2027 5746 et
2048 5676 2167 5744 domni
2191 5673 2329 5761 guidoni
2350 5669 2412 5764 illio

569 5825 644 5893 eius
659 5824 804 5911 gloriosi
819 5825 1046 5910 principibus,
1064 5844 1181 5895 mense
1197 5827 1341 5894 octuber
1356 5827 1470 5911 prima
1494 5826 1692 5897 indictione.
1714 5833 1796 5898 ante
1819 5850 1874 5899 me
1895 5835 2015 5918 petrus
2038 5829 2144 5899 iudex
2166 5826 2317 5898 eoniunti
2340 5825 2409 5892 sunt
